1819 3301
377 319 516 348 SERMO
547 321 705 348 nomm
738 321 783 347 IN
816 321 991 357 MONTE,
1027 320 1109 347 LIB.
1148 320 1177 346 1.
1379 311 1460 348 197

83 389 197 433 enim
215 402 314 432 cum
329 387 387 430 ait
401 386 609 430 Dominus
630 406 638 430 :
664 388 770 429 «Vae
786 385 863 429 tibi
877 385 1183 444 Capharnaum
1204 403 1247 430 ε»
1268 385 1384 430 aliud
1402 402 1465 430 so-

84 468 159 503 nat
185 458 265 502 nisi
293 455 457 516 aliquid
485 455 523 500 ei
554 454 656 499 mali
683 465 941 500 eventurum
972 455 1125 499 merito
1154 454 1421 501 infidelitatis
1453 477 1462 502 :

82 528 201 589 quod
230 526 427 571 futurum
457 527 664 570 Dominus
691 541 779 570 non
803 525 1108 570 malevolentia
1143 525 1348 585 optabat,
1390 526 1467 572 sed

84 598 309 643 divinitate
327 596 546 641 cernebat.
568 599 625 640 Et
646 596 878 655 Apostolus
899 612 989 641 non
1014 597 1073 640 ait
1099 615 1107 641 z
1140 595 1313 641 Reddat
1330 618 1340 655 3
1358 597 1434 642 sed
1450 633 1462 654 ‚

87 687 107 711 »
120 668 291 713 Reddet
302 667 364 711 illi
381 667 587 711 Dominus
600 667 840 711 secundum
856 681 985 726 opera
997 667 1088 726 ejus
1102 686 1110 712 ι
1122 685 1141 708 »
1153 667 1274 728 quod
1282 669 1465 713 verbum

82 738 415 799 praenuntiantis
439 747 517 793 est,
541 753 630 782 non
649 737 941 796 imprecantis.
964 737 1083 782 Sicut
1097 747 1140 782 et
1161 737 1214 782 de
1231 738 1303 782 illa
1319 740 1466 798 hypo-

81 810 178 855 crisi
199 813 219 854 J
229 809 454 854 udaeorum
485 808 540 852 de
565 824 650 869 qua
681 809 771 868 jam
800 807 966 852 dictum
993 817 1081 864 est,
1109 809 1178 852 cui
1199 810 1465 855 eversionem

80 881 306 927 imminere
342 880 568 934 cernebat,
605 879 710 924 dixit
753 899 761 924 :
801 899 822 921 «
851 879 1069 924 Percutiet
1098 889 1139 923 te
1169 884 1282 925 Deus
1300 917 1309 936 ‚
1327 883 1465 941 paries

83 969 104 993 »
140 950 382 995 dealbate¹.
408 950 673 1010 »Prophetae
692 959 837 994 autem
860 950 1044 994 maxime
1068 951 1207 994 solent
1229 952 1366 1010 figura
1390 953 1467 996 im-

79 1022 294 1082 precantis
314 1021 460 1065 futura
485 1019 733 1080 praedicere,
752 1020 863 1064 sicut
878 1021 1014 1078 figura
1038 1022 1245 1080 praeteriti
1263 1024 1467 1081 temporis

80 1107 126 1136 ea
151 1107 249 1151 quae
277 1100 459 1135 ventura
484 1099 607 1134 erant
636 1106 749 1149 saepe
777 1090 1028 1134 cecinerunt
1056 1108 1063 1131 z
1100 1092 1209 1134 sicut
1236 1101 1299 1135 est
1328 1092 1462 1148 illud,

84 1181 104 1204 «
139 1166 278 1215 Quare
296 1161 566 1205 fremuerunt
589 1170 736 1219 gentes
756 1195 767 1214 ,
793 1169 836 1204 et
858 1160 1009 1219 populi
1033 1160 1228 1204 meditati
1249 1171 1348 1205 sunt
1368 1163 1464 1207 ina-

82 1250 102 1273 »
137 1233 270 1275 nia2?
301 1250 320 1272 »
357 1234 455 1276 Non
485 1231 600 1274 enim
634 1230 739 1274 dixit
768 1247 779 1274 .·
819 1233 961 1284 Quare
996 1228 1182 1274 frement
1212 1242 1386 1290 gentes,
1423 1242 1466 1277 et

77 1302 230 1362 populi
251 1301 582 1345 meditabuntur
598 1301 766 1346 inania:
793 1316 893 1345 cum
911 1316 959 1345 ea
977 1317 1065 1346 non
1088 1302 1208 1362 quasi
1225 1303 1313 1362 jam
1333 1312 1469 1348 trans-

80 1382 172 1417 acta
195 1373 472 1427 meminisset,
490 1371 566 1415 sed
586 1380 770 1417 ventura
791 1373 1069 1432 prospiceret.
1085 1372 1186 1416 Tale
1203 1374 1333 1418 etiam
1354 1374 1466 1419 illud

78 1453 157 1499 est,
187 1463 206 1485 «
233 1444 481 1488 Diviserunt
502 1444 582 1487 sibi
603 1444 857 1489 vestimenta
880 1460 997 1499 mea,
1023 1454 1066 1488 et
1087 1460 1216 1504 super
1232 1446 1466 1490 vestimen-

80 1533 100 1556 »
132 1523 226 1557 tum
250 1529 394 1558 meum
414 1514 621 1559 miserunt
639 1520 798 1559 sortem
813 1516 850 1560 3:
872 1533 890 1555 n
915 1525 957 1559 et
978 1515 1049 1559 hic
1072 1515 1187 1559 enim
1210 1532 1298 1560 non
1322 1517 1429 1561 dixit
1451 1537 1459 1563 :

76 1584 281 1628 Divident
298 1585 379 1628 sibi
397 1585 652 1629 vestimenta
672 1600 782 1640 mea,
798 1594 840 1629 et
855 1601 982 1644 super
994 1586 1298 1629 vestimentum
1317 1602 1464 1631 meum

77 1655 251 1698 mittent
273 1664 446 1699 sortem.
463 1657 551 1699 Nec
573 1663 718 1698 tamen
736 1654 872 1699 dehis
895 1655 1034 1699 verbis
1054 1656 1283 1715 quisquam
1304 1657 1463 1701 calum-

77 1723 223 1767 niatur
238 1759 248 1779 ‚
281 1725 360 1767 nisi
392 1724 466 1783 qui
489 1740 577 1768 non
599 1725 728 1768 sentit
744 1725 992 1768 varietatem
1016 1726 1140 1769 istam
1162 1726 1401 1784 figurarum
1419 1728 1463 1772 in

75 1792 299 1852 loquendo
322 1794 430 1837 nihil
460 1795 630 1838 veritati
650 1810 794 1838 rerum
816 1796 1032 1850 minuere,
1063 1804 1106 1839 et
1131 1795 1369 1855 plurimum
1387 1797 1464 1842 ad-

76 1861 177 1907 dere
195 1864 424 1909 affectibus
445 1864 706 1909 animorum.

81 2059 1462 2077 wmmwwumvwwwwwwwumwvwmmwmmwmwnmwxmwvvwwwmwmmm

548 2201 765 2252 CAPUT
822 2205 988 2251 XXII,

135 2356 338 2399 LXXIII.
354 2356 437 2400 SED
455 2353 566 2399 illud
588 2356 721 2414 magis
743 2366 869 2415 urget
887 2356 1461 2417 istam·quaestionem,quod

77 2424 181 2469 dicit
210 2424 428 2484 apostolus
455 2427 643 2470 Joannes
671 2446 678 2471 :
709 2445 728 2468 «
757 2427 798 2471 Si
833 2427 929 2487 quis
958 2426 1035 2471 scit
1072 2442 1251 2486 peccare
1284 2426 1461 2471 fratrem

79 2512 101 2536 »
135 2509 262 2539 suum
294 2503 521 2553 peccatum
549 2511 638 2540 non
662 2496 716 2541 ad
750 2506 961 2552 mortem,
992 2496 1253 2555 postulabit,
1278 2505 1321 2541 et
1340 2496 1463 2542 dabit

125 2597 134 2614 ¹
156 2590 234 2624 Vide
252 2601 346 2633 supra
364 2601 436 2633 cap.
476 2603 541 2634 xix,
568 2603 600 2625 n.
624 2592 680 2635 58,
704 2597 736 2626 et
762 2595 833 2626 Act.
854 2594 942 2632 xxnl,
965 2593 994 2627 3.
1013 2610 1053 2616 -
1074 2601 1085 2616 ²
1105 2594 1184 2626 Psal.
1209 2605 1242 2634 n,
1266 2605 1294 2626 1.
1316 2610 1350 2617 -ν
1378 2592 1389 2616 3
1409 2594 1455 2626 Id.

75 2658 140 2688 xxi,
162 2658 210 2689 19.
