1819 3301
380 274 631 304 1N=JOANNJS
663 276 970 317 EVAivGELttJM,
1005 280 1150 309 TRACT.
1187 284 1244 309 v1.
1413 272 1497 312 469

125 350 169 385 et
187 340 259 384 ille
293 339 466 395 melius,
491 342 564 385 sed
595 343 786 402 quamvis
818 344 958 388 bonus
984 354 1027 389 et
1051 345 1202 390 melior
1223 345 1384 392 fuerint
1414 350 1498 393 mi-

126 411 273 466 nistri,
313 425 451 454 unum
485 419 528 455 et
550 411 716 471 aequale
747 423 810 457 est
846 415 966 474 quod
998 425 1285 476 aeceperunt,
1315 433 1403 462 non
1440 428 1503 463 est

124 480 278 525 melius
299 480 344 523 in
362 479 459 535 illo,
483 489 526 524 et
546 480 723 526 inferius
740 483 786 526 in
806 485 886 528 isto
907 500 916 525 t
940 485 998 529 sie
1021 495 1063 530 et
1085 502 1185 531 eum
1207 487 1397 546 baptizat
1409 503 1502 532 ma-

125 550 192 595 lus
210 566 260 594 ex
282 550 425 610 aliqua
446 549 517 595 vel
537 551 777 609 ignorantia
799 554 1017 610 Ecclesiae,
1039 555 1108 600 vel
1131 555 1379 612 tolerantia,
1397 559 1504 615 (aut

126 620 242 665 enim
277 621 533 679 ignorantur
565 620 667 664 mali
685 656 696 676 ,
735 631 810 666 aut
844 623 1105 680 tolerantur,
1141 626 1349 671 toleratur
1382 627 1507 686 palea

126 705 355 751 quousque
375 690 421 734 in
457 690 612 735 ultimo
629 691 863 736 ventiletur
886 708 982 738 area
1005 713 1014 738 :
1039 697 1057 753 )
1077 694 1186 740 illud
1214 696 1333 756 quod
1355 697 1507 741 datum

127 770 190 805 est
205 796 215 816 ,
241 776 379 805 unum
397 770 461 805 est
477 796 488 817 ,
516 776 595 805 nee
618 762 756 821 impar
774 772 951 822 propter
972 764 1155 824 impares
1172 767 1388 811 ministros
1404 787 1415 825 3
1431 766 1507 811 sed

127 847 204 891 par
221 841 264 876 et
286 831 477 892 aequale,
501 840 679 891 propter
698 867 709 887 ,
741 851 759 874 «
789 833 870 877 Hic
892 843 955 878 est
969 835 1043 894 qui
1066 835 1268 895 baptizat.
1293 854 1313 877 »

189 905 266 947 IX.
292 904 425 962 Ergo,
461 902 748 960 dilectissimi,
781 904 1005 950 videamus
1029 906 1148 966 quod
1181 906 1326 954 videre
1346 907 1410 951 illi
1428 923 1509 952 no-

126 974 225 1018 lunt
247 995 257 1030 3
283 989 371 1018 non
388 975 509 1034 quod
527 990 616 1018 non
632 974 825 1031 videant,
847 975 923 1020 sed
936 976 1056 1036 quod
1074 992 1118 1020 se
1138 976 1285 1021 videre
1303 977 1478 1022 doleant
1496 997 1505 1023 ε

126 1045 249 1104 quasi
266 1043 461 1088 clausum
483 1044 536 1088 sit
554 1054 704 1088 contra
731 1044 841 1089 illos.
869 1048 966 1099 Quo
989 1046 1103 1090 missi
1133 1056 1234 1090 sunt
1266 1047 1506 1107 Discipuli,

126 1115 172 1159 in
194 1115 369 1159 nomine
392 1115 528 1158 Patris
548 1150 558 1169 ,
585 1124 628 1159 et
649 1115 747 1159 Filii
774 1125 817 1159 et
840 1116 1022 1174 Spiritus
1045 1118 1209 1171 sancti,
1235 1127 1284 1161 ut
1316 1118 1510 1176 baptiza-

127 1195 224 1230 rent
244 1195 450 1245 tanquam
472 1186 654 1229 ministri
672 1187 690 1228 Ρ
707 1201 794 1245 quo
816 1186 930 1229 missi
952 1189 1088 1230 sunt?
1110 1205 1129 1228 «
1148 1190 1229 1241 Ite,
1250 1186 1371 1242 dixit,
1398 1188 1509 1247 bap-

129 1275 150 1299 »
186 1257 311 1301 tizate
334 1266 481 1315 gentes
499 1259 529 1301 ¹.
559 1274 578 1297 η
613 1255 820 1310 Audistis,
849 1256 1018 1311 fratres,
1044 1258 1266 1317 quomodo
1288 1258 1408 1302 venit
1437 1258 1511 1303 illa

126 1330 354 1372 haereditas
373 1364 382 1381 ,
413 1348 432 1370 «
460 1327 634 1372 Postula
658 1344 679 1371 a
703 1343 772 1371 me
793 1363 804 1382 ‚
830 1337 872 1372 ct
895 1328 1009 1373 dabo
1037 1329 1116 1372 tibi
1146 1339 1294 1387 gentes
1326 1330 1512 1375 haeredi-

129 1418 149 1441 »
189 1408 317 1443 tatem
340 1409 459 1443 tuam
477 1434 487 1453 ,
521 1408 563 1442 et
585 1398 897 1458 possessionem
919 1407 1039 1442 tuam
1062 1399 1268 1442 terminos
1292 1404 1456 1444 terrae2.
1485 1419 1505 1442 »

126 1469 317 1514 Audistis
340 1468 563 1529 quomodo
586 1485 608 1512 a
635 1469 736 1513 Sion
758 1467 920 1527 prodiit
941 1467 1009 1511 lex
1025 1504 1036 1523 ,
1062 1477 1104 1512 et
1136 1469 1319 1513 verbum
1341 1471 1511 1514 Domini

126 1541 181 1585 ab
204 1539 441 1583 Jerusalem
461 1542 491 1582 3.
520 1540 585 1582 Ibi
606 1539 722 1582 enim
744 1538 977 1582 audierunt
997 1539 1219 1598 Discipuli,
1247 1558 1266 1581 «
1293 1542 1357 1583 Ite
1372 1575 1382 1595 ,
1405 1541 1511 1600 bap-

128 1629 148 1652 »
169 1611 296 1654 tizate
314 1619 461 1668 gentes
479 1610 524 1652 in
539 1610 716 1653 nomine
734 1609 870 1652 Patris
888 1618 931 1652 et
943 1608 1039 1652 Filii
1053 1618 1096 1652 et
1113 1610 1294 1668 Spiritus
1307 1611 1508 1654 sancti4.»

127 1682 289 1726 Intenti
326 1681 429 1725 facti
462 1696 642 1735 sumus,
671 1695 772 1723 eum
802 1679 1073 1734 audiremus,
1103 1699 1123 1722 «
1161 1683 1253 1735 Ite,
1295 1682 1512 1740 baptizate
1566 1702 1567 1705 ¹

103 1758 106 1762 '
128 1771 148 1794 n
185 1762 346 1811 gentes.
377 1770 396 1792 »
427 1754 477 1794 In
501 1752 622 1810 eujus
645 1749 823 1794 nomine
841 1751 858 1791 ⁶?
876 1768 893 1789 «
921 1752 971 1793 In
992 1750 1169 1794 nomine
1191 1751 1326 1794 Patris
1349 1760 1392 1794 et
1413 1751 1512 1795 Filii

127 1842 147 1864 »
183 1832 225 1866 et
249 1823 430 1881 Spiritus
461 1822 611 1866 saneti.
642 1839 660 1861 n
690 1824 773 1864 Iste
797 1835 909 1864 unus
932 1824 1071 1876 Deus,
1097 1822 1200 1880 quia
1242 1837 1330 1865 non
1364 1823 1409 1865 in
1431 1838 1512 1867 no-

124 1893 315 1937 minibus
334 1893 469 1936 Patris
487 1902 528 1936 et
550 1891 646 1935 Filii
661 1902 699 1934 et
725 1890 906 1949 Spiritus
928 1891 1063 1935 saneti
1088 1891 1203 1945 :sed,
1228 1909 1248 1932 «
1269 1893 1321 1935 In
1335 1892 1512 1936 nomine

127 1983 147 2006 η
185 1965 320 2008 Patris
343 1973 385 2007 et
408 1964 505 2006 Filii
542 1972 585 2006 et
622 1962 802 2021 Spiritus
840 1961 992 2006 sancti.
1021 1979 1041 2003 »
1079 1962 1163 2006 Ubi
1190 1978 1330 2005 unum
1352 1976 1512 2007 nomen

126 2037 274 2089 audis,
314 2051 426 2078 unus
454 2043 516 2077 est
538 2037 651 2077 Deus
677 2052 685 2077 :
722 2032 832 2076 sieut
853 2033 907 2076 de
938 2032 1100 2076 semine
1124 2032 1312 2076 Abrahae
1347 2032 1513 2077 dictum

127 2115 206 2160 est,
227 2115 270 2149 et
287 2105 460 2161 exponit
484 2103 644 2147 Paulus
663 2102 900 2161 apostolus,
925 2121 945 2144 «
968 2105 1018 2146 In
1040 2102 1202 2145 semine
1224 2111 1301 2146 tuo
1327 2102 1512 2147 benedi-

128 2195 148 2218 »
184 2184 337 2219 centur
359 2189 506 2219 omnes
530 2182 694 2232 gentes,
713 2188 803 2216 non
817 2172 940 2227 dixit,
963 2175 1013 2215 In
1031 2171 1280 2227 seminibus,
1301 2181 1511 2233 tanquam

128 2265 149 2289 »
184 2247 228 2290 in
256 2246 433 2299 multis,
460 2244 536 2288 sed
567 2254 773 2303 tanquam
807 2244 852 2286 in
874 2258 985 2296 uno,
1007 2245 1063 2286 Et
1091 2242 1253 2286 semine
1286 2251 1363 2287 tuo
1390 2243 1511 2303 quod

128 2336 148 2359 »
184 2326 247 2360 est
269 2316 464 2360 Christus
484 2318 514 2358 5.
536 2335 556 2358 »
589 2317 706 2360 Sicut
728 2331 829 2373 ergo
853 2315 954 2375 quia
976 2314 1037 2358 ibi
1062 2330 1150 2359 non
1163 2313 1283 2369 dicit,
1313 2318 1364 2358 In
1386 2315 1510 2359 semia

126 2388 254 2431 nibus
275 2422 284 2441 ,
322 2386 477 2430 docere
501 2394 542 2429 te
569 2386 706 2429 voluit
727 2384 981 2445 Apostolus,
1007 2384 1109 2444 quia
1131 2399 1244 2427 unus
1266 2393 1329 2428 est
1361 2385 1512 2430 Chris-

126 2468 194 2502 tus
213 2477 220 2502 :
241 2458 300 2501 sie
312 2466 355 2501 et
371 2457 441 2500 hic
459 2471 559 2500 cum
572 2456 736 2500 dictum
755 2465 831 2510 est,
855 2458 905 2499 In
921 2455 1110 2509 nomine,
1129 2470 1234 2509 non,
1256 2457 1307 2498 In
1320 2455 1511 2499 nomini-

175 2561 182 2575 ¹
206 2553 317 2584 Matth.
335 2564 445 2591 xxviii,
468 2564 518 2594 ις).
539 2569 579 2574 -—
601 2559 613 2573 ²
632 2552 712 2583 Psal.
733 2563 772 2589 11,
789 2552 819 2583 8.
837 2568 874 2573 —
899 2549 998 2582 3Isa'1'.
1021 2563 1056 2589 ιι,
1076 2550 1178 2583 3,-4
1192 2551 1439 2592 Matth.xxvni,
1457 2562 1508 2594 19.

128 2627 168 2631 —
189 2607 387 2647 ⁵G(=11.w<·1,
418 2608 709 2648 18‚‹·.¹ss:1t1t‚1n‚
734 2608 786 2639 16.
