1819 3301
333 268 416 306 330
755 281 790 307 s.
826 278 1056 306 mansa-mx
1089 278 1273 305 Episcom

333 359 490 404 panem
508 344 628 389 verbi
648 353 878 389 tractantes
900 378 911 401 ‚
937 359 1025 386 non
1051 351 1196 387 tamen
1220 343 1266 387 in
1282 341 1581 388 haereditatem
1596 353 1723 390 aeter-

333 432 434 460 nam
463 416 624 470 vocati,
646 416 721 460 sed
748 415 971 474 temporali
996 415 1194 458 mercede
1223 413 1445 459 conducti.
1474 418 1533 459 De
1563 415 1723 462 talibus

334 488 500 531 dictum
525 497 587 530 est
610 506 616 531 z
648 506 667 527 «
694 491 832 530 Amen
861 486 958 530 dico
989 486 1114 530 vobis
1130 522 1141 541 ‚
1167 495 1455 546 perceperunt
1479 486 1724 531 mercedem

338 578 356 599 »
392 574 512 602 suam
531 561 559 601 ¹.
590 560 680 615 Ego
698 573 800 615 ergo
818 593 828 612 ‚
846 557 1010 617 inquit,
1029 558 1097 601 hic
1116 556 1227 601 same
1244 573 1390 617 pereo.
1414 558 1614 602 »Deinde
1631 559 1690 603 ait
1711 578 1722 604 2

339 650 357 671 «
395 634 590 686 Surgam,
615 647 634 669 »
662 630 760 689 quia
780 629 952 688 jacebat
978 648 987 674 ι
1012 649 1031 671 «
1047 629 1212 684 Etibo‚
1233 648 1252 670 »
1277 629 1378 689 quia
1394 628 1524 688 longe
1546 629 1724 675 aberat:

339 720 357 742 «
395 699 459 743 Ad
485 708 649 759 patrem
674 704 868 755 meum&
894 700 1029 760 »quia
1047 701 1129 744 sub
1148 700 1343 760 principe
1361 716 1592 760 porcorum
1616 711 1722 746 erat.

335 773 501 815 Caetera
520 771 656 815 verba
674 780 775 815 sunt
794 771 1097 830 poenitentiam
1122 770 1370 815 meditantis
1393 772 1435 815 in
1458 770 1727 816 confestione

335 843 501 902 peccati
523 877 533 897 ,
557 842 754 886 nondum
778 852 924 886 tamen
947 843 1130 901 agentis.
1155 845 1252 887 Non
1267 843 1380 886 enim
1401 844 1490 902 jam
1515 842 1620 887 dicit
1647 859 1727 903 pa-

336 914 416 968 tri,
441 913 516 957 sed
539 912 760 958 dicturum
775 930 819 958 se
832 930 921 958 esse
946 914 1161 973 promittit
1182 930 1282 958 cum
1304 914 1486 958 venerit.
1510 912 1729 972 Intelligas

336 984 468 1043 igitur
490 985 572 1029 hoc
596 1001 714 1030 nunc
752 985 1054 1045 accipiendum
1075 1001 1164 1029 esse
1192 986 1342 1030 venire
1381 986 1437 1029 ad
1462 994 1627 1044 patrem
1647 1020 1658 1040 ,
1682 985 1729 1028 in

338 1054 529 1100 Ecclesia
548 1057 773 1100 constituti
796 1072 873 1116 per
895 1056 1025 1100 fidem
1043 1092 1053 1112 ,
1080 1057 1157 1101 ubi
1169 1058 1258 1117 jam
1290 1057 1424 1117 possit
1452 1071 1541 1100 esse
1572 1071 1728 1116 pecca-

338 1136 535 1171 catorum
549 1127 740 1185 legitima
763 1138 805 1172 et
828 1128 1049 1173 fructuosa
1077 1127 1306 1173 confessio.
1340 1127 1457 1181 Quid
1485 1143 1588 1187 ergo
1620 1127 1754 1187 patri·

338 1198 560 1242 dicturum
582 1214 625 1242 se
647 1198 779 1243 dicit?
804 1219 823 1241 «
850 1203 994 1248 Pater,
1013 1200 1189 1259 peccavi
1206 1200 1252 1243 in
1267 1196 1427 1245 coelum
1449 1208 1493 1244 et
1504 1214 1650 1244 coram
1668 1207 1728 1254 te,

341 1287 361 1309 »
397 1270 545 1329 etjam
568 1285 657 1314 non
686 1286 781 1314 sum
801 1270 958 1329 dignus
981 1272 1125 1316 vocari
1146 1269 1260 1315 filius
1286 1280 1410 1325 tuus,
1433 1269 1501 1314 fac
1523 1286 1592 1314 me
1621 1270 1731 1314 sicut

342 1357 362 1380 »
398 1356 535 1383 unum
557 1340 612 1383 de
635 1341 909 1385 mercenariis
928 1343 1053 1386 tuis3.
1084 1360 1103 1383 »
1134 1344 1290 1386 Utrum
1312 1342 1397 1386 hoc
1418 1350 1482 1386 est
1512 1360 1531 1383 «
1552 1339 1732 1386 Peccavi

341 1429 361 1451 »
397 1411 441 1453 in
464 1410 649 1466 coelnm,
679 1431 697 1452 n
725 1412 845 1472 quod
867 1423 930 1457 est
957 1432 972 1451 «
1008 1415 1163 1457 Coram
1183 1422 1225 1457 te
1251 1432 1299 1456 ι»
1327 1422 1378 1457 ut
1398 1411 1561 1457 coelum
1583 1411 1733 1472 appel-

337 1481 492 1525 laverit
524 1483 659 1541 ipsam
695 1484 991 1528 summitatem
1027 1485 1163 1528 Patris
1191 1503 1199 1528 :
1225 1482 1343 1527 unde
1367 1492 1431 1527 est
1459 1483 1588 1527 etiam
1622 1481 1733 1526 illud

339 1553 384 1595 in
420 1553 589 1597 Psalmo
607 1589 617 1607 ‚
666 1573 684 1595 «
725 1558 759 1598 Α
794 1570 963 1599 summo
995 1554 1110 1599 coelo
1154 1555 1340 1613 egressio
1376 1555 1494 1614 ejus4
1512 1589 1522 1609 ‚
1567 1573 1585 1595 »
1632 1569 1731 1598 cum

339 1623 392 1666 ab
414 1624 506 1682 ipso
529 1628 654 1668 Patre
672 1625 803 1669 vellet
825 1625 1019 1683 intelligi.
1048 1629 1114 1669 An
1137 1626 1286 1685 potius
1314 1644 1333 1666 «
1354 1624 1532 1669 Peccavi
1555 1625 1601 1668 in
1636 1640 1733 1669 coe-

342 1712 361 1734 »
398 1694 490 1738 lum
508 1730 519 1750 ‚
548 1714 567 1736 »
590 1712 735 1739 coram
758 1697 916 1741 sanctis
939 1697 1092 1740 animis
1109 1732 1119 1751 ‚
1140 1696 1186 1740 in
1209 1696 1370 1757 quibus
1393 1705 1458 1739 est
1480 1694 1601 1739 sedes
1619 1694 1699 1739 Dei
1722 1715 1730 1740 :

344 1785 364 1807 «
398 1768 554 1811 Coram
587 1776 628 1811 te
663 1785 682 1808 »
710 1777 878 1823 autem,
916 1769 961 1811 in
993 1768 1087 1827 ipso
1119 1766 1334 1827 penetrali
1370 1766 1575 1810 interiore
1609 1781 1735 1811 cons-

340 1847 525 1881 clentiae.

401 1911 475 1952 lv.
504 1911 599 1952 «Et
630 1924 809 1967 surgens
842 1909 961 1953 venit
995 1908 1049 1952 ad
1068 1917 1233 1968 patrem
1264 1923 1409 1952 suum.
1441 1909 1553 1951 Cum
1589 1915 1736 1951 autem

345 1996 364 2019 »
399 1977 543 2023 adhuc
560 1979 690 2038 longe
708 1982 839 2023 esset⁵
858 2015 868 2035 ‚
898 1990 1171 2040 »antequam
1190 1978 1455 2037 intelligeret
1478 1982 1635 2029 Deum,
1660 1977 1736 2022 sed

343 2058 489 2092 tamen
507 2065 606 2093 cum
625 2051 711 2109 jam
733 2051 801 2109 pic
819 2059 1047 2110 quaereret.
1071 2069 1090 2091 «
1116 2050 1237 2093 Vidit
1252 2049 1375 2093 illum
1394 2058 1516 2108 pater
1539 2049 1692 2108 ipsius.
1715 2069 1731 2089 »

344 2120 503 2179 Impios
526 2122 640 2164 enim
661 2131 701 2166 et
720 2122 928 2180 superbos
947 2121 1256 2165 convenienter
1270 2135 1358 2164 non
1380 2119 1532 2164 videre
1555 2118 1732 2175 dicitur,

344 2200 551 2251 tanquam
567 2202 665 2236 ante
677 2192 824 2237 oculos
838 2209 924 2237 non
943 2192 1103 2236 habere
1123 2211 1131 2235 ;
1151 2200 1250 2235 ante
1265 2190 1412 2235 oculos
1427 2190 1542 2234 enim
1564 2190 1731 2246 haberi,

344 2263 516 2307 nonnisi
536 2264 610 2323 qui
640 2264 883 2323 diliguntur
900 2264 983 2308 dici
1007 2262 1161 2307 solent.
1193 2282 1211 2303 «
1238 2265 1293 2305 Et
1316 2262 1609 2306 misericordia
1634 2277 1732 2306 mo-

348 2352 364 2373 »
403 2344 469 2378 tus
492 2344 554 2378 est
579 2354 587 2379 ;
611 2345 652 2378 et
676 2351 902 2379 accurrens
925 2334 1080 2379 cecidit
1103 2349 1231 2392 super
1255 2332 1419 2377 collum
1447 2333 1554 2392 ejus.
1585 2350 1605 2373 n
1633 2335 1730 2378 Non

344 2405 459 2448 enim
485 2409 608 2449 Pater
635 2407 902 2463 unigenitum
930 2405 1087 2449 Filium
1109 2403 1319 2457 descruit,
1337 2404 1381 2447 in
1399 2419 1487 2464 quo
1511 2418 1649 2462 usque
1672 2404 1727 2446 ad

344 2486 535 2520 nostram
561 2470 845 2538 longinquam
867 2478 994 2521 ctiam
1034 2475 1421 2536 peregrinationem
1447 2474 1640 2519 cucurrit
1661 2482 1728 2518 at-

394 2583 400 2597 ¹
426 2576 544 2607 Martii.
563 2585 704 2614 v1‚2.—
724 2583 735 2598 ²
756 2577 818 2608 Luc
854 2586 906 2615 xv,
931 2575 1104 2618 17‚18.—
1125 2573 1232 2607 ³1bid.
1260 2574 1310 2613 18,
1334 2584 1435 2615 19.--
1454 2571 1469 2602 4
1487 2572 1566 2605 Psal.
1586 2583 1676 2612 xviii,
1698 2582 1730 2603 ⁶.

349 2649 389 2654 —
408 2631 421 2654 5
436 2635 512 2664 Luc.
534 2643 589 2673 xv⁷
608 2641 665 2664 20.
