1819 3301
315 257 400 297 426
749 267 782 296 s.
819 267 1051 296 Anous‘ruvt
1083 267 1266 294 Emscom

315 334 499 380 verbum
521 333 709 378 hominis
737 331 873 377 oculis
895 347 984 376 non
1008 330 1181 376 videtur
1197 366 1208 386 ‚
1238 330 1434 375 Verbum
1463 331 1542 375 Dei
1562 330 1701 376 videri

318 407 378 450 sic
395 407 563 465 potest?

376 474 735 534 xlxassxpellite
758 489 861 532 ergo
893 473 947 517 de
969 471 1174 517 cordibus
1193 472 1345 517 vestris
1368 470 1560 516 carnales
1582 471 1701 529 cogi-

316 548 499 592 tationes
521 582 530 600 ,
561 555 611 589 ut
641 560 742 588 vere
779 544 868 588 sitis
894 544 976 588 sub
1006 545 1161 602 gratia,
1196 553 1246 587 ut
1268 542 1323 587 ad
1350 545 1520 588 Novum
1553 544 1702 586 Testa-

315 627 512 662 mentum
533 617 796 676 pertineatis.
820 615 925 659 Ideo
947 615 1034 659 vita
1052 624 1213 658 aeterna
1231 613 1500 673 promittitur
1524 613 1567 656 in
1581 615 1704 657 Novo

318 693 608 733 Testamento.
632 687 780 745 Legite
801 689 937 730 Vetus
962 689 1284 729 Testamentum
1302 719 1312 739 ‚
1336 694 1379 728 et
1401 682 1545 727 videte
1561 718 1571 738 ‚
1603 683 1706 743 quia

315 759 477 804 carnali
501 759 644 802 adhuc
668 756 832 818 populo
854 773 901 800 ea
922 757 1101 816 quidem
1126 755 1493 815 praecipiebantur
1509 770 1608 813 quae
1626 769 1706 797 no-

316 831 395 874 bis.
423 831 530 873 Nam
551 845 690 873 unum
710 833 848 873 Deum
866 829 1008 872 colere
1028 864 1038 882 ‚
1065 837 1108 871 et
1126 827 1249 871 nobis
1271 826 1537 885 praecipitur.
1563 843 1580 866 ι(
1608 827 1706 869 Non

320 920 340 942 »
378 901 559 960 accipies
592 902 636 944 in
667 916 828 944 vanum
854 915 1013 943 nomen
1048 898 1220 943 Domini
1242 896 1320 941 Dei
1352 896 1443 950 tui,
1473 914 1492 936 »
1518 904 1561 938 et
1583 894 1708 938 nobis

317 972 571 1032 praecipitur
597 971 746 1031 :quod
783 979 846 1014 est
876 969 1116 1014 secundum
1150 976 1434 1027 praeceptum.
1465 985 1484 1008 «
1513 966 1707 1009 Observa

321 1061 340 1083 n
377 1042 491 1086 diem
515 1042 700 1096 sabbati,
732 1060 751 1081 υ
772 1042 907 1100 magis
929 1040 1054 1084 nobis
1076 1038 1327 1099 praecipitur
1349 1057 1357 1082 z
1382 1037 1484 1097 quia
1505 1035 1709 1095 spiritali-

320 1123 383 1156 ter
402 1113 723 1156 observandum
747 1112 1012 1171 praecipitur.
1035 1109 1177 1154 Judaei
1195 1109 1310 1153 enim
1330 1107 1540 1152 serviliter
1562 1107 1706 1150 obser,

319 1192 425 1227 vant
443 1183 557 1226 diem
590 1182 788 1237 sabbati,
814 1182 867 1226 ad
892 1182 1125 1235 luxuriam,
1153 1181 1208 1224 ad
1232 1180 1503 1224 ebrietatem.
1535 1180 1710 1230 Quanto

322 1254 476 1297 melius
498 1252 690 1297 foeminae
732 1268 882 1297 eorum
912 1252 1056 1295 lanam
1078 1250 1269 1295 facerent
1284 1286 1294 1305 ‚
1320 1265 1452 1310 quam
1474 1248 1550 1292 illo
1573 1247 1643 1291 die
1664 1248 1709 1290 in

319 1323 530 1367 menianis
564 1324 784 1367 saltarent.
812 1322 961 1376 Absit,
992 1321 1143 1365 fratres
1161 1357 1172 1375 ,
1203 1330 1252 1364 ut
1286 1320 1383 1364 illos
1411 1319 1605 1362 dicamus
1627 1318 1711 1361 ob-

320 1409 488 1438 servare
525 1394 770 1437 sabbatum.
801 1391 1057 1452 Spiritaliter
1081 1392 1283 1436 observat
1304 1391 1537 1434 sabbatum
1564 1388 1711 1433 Chris-

321 1465 487 1519 tianus,
524 1457 746 1508 abstinens
769 1480 813 1508 se
835 1463 890 1507 ab
924 1479 1053 1523 opere
1075 1462 1233 1507 servili.
1261 1460 1376 1514 Quid
1405 1469 1469 1504 est
1506 1461 1622 1503 enim
1657 1459 1711 1503 ab

321 1552 450 1595 opere
485 1535 656 1579 servili?
677 1551 698 1579 a
728 1545 922 1594 peccato.
945 1538 1000 1578 Et
1024 1532 1142 1578 unde
1176 1532 1444 1592 probamus?
1478 1531 1712 1575 Dominum

319 1607 535 1665 interroga
565 1626 572 1650 :
604 1626 622 1647 «
649 1607 799 1650 Omnis
822 1607 898 1666 qui
920 1604 1022 1649 facit
1055 1612 1281 1664 peccatum
1297 1638 1310 1658 ,
1351 1618 1498 1646 servus
1521 1611 1584 1646 est
1608 1616 1712 1661 pec-

324 1697 343 1718 »
379 1679 463 1721 cati
482 1681 512 1722 ¹.
541 1696 560 1718 »
579 1681 695 1736 Ergo
719 1687 762 1721 et
783 1677 908 1721 nobis
931 1676 1181 1736 praecipitur
1201 1673 1448 1734 spiritaliter
1470 1673 1713 1718 observatio

321 1749 506 1792 sabbati.
529 1751 626 1792 Jam
648 1748 720 1791 illa
744 1748 889 1792 omnia
908 1757 1124 1807 praecepta
1144 1746 1269 1789 nobis
1291 1745 1423 1802 magis
1446 1744 1713 1804 praecipiun-

321 1828 394 1862 tur
412 1853 422 1873 ‚
458 1828 501 1862 et
525 1818 794 1862 observanda
829 1827 931 1861 sunt
958 1837 966 1862 z
995 1837 1015 1859 «
1043 1820 1140 1862 Non
1170 1816 1339 1860 occides
1368 1835 1376 1860 :
1399 1817 1496 1860 Non
1517 1814 1716 1858 moecha-

324 1908 345 1930 »
382 1890 494 1933 beris
515 1910 522 1933 :
548 1893 644 1934 Non
671 1889 909 1933 furaberis:
936 1892 1033 1933 Non
1055 1887 1212 1932 falsum
1235 1887 1532 1930 testimonium
1565 1884 1681 1929 dices
1702 1904 1710 1929 ;

325 1979 344 2000 »
382 1962 557 2004 Honora
587 1969 752 2018 patrem
773 1969 816 2003 et
838 1969 1018 2003 matrem
1043 1961 1167 2003 :Non
1195 1957 1474 2016 concupisces
1497 1971 1586 1999 rem
1610 1971 1716 2015 pro-

326 2050 345 2072 »
380 2031 483 2074 ximi
499 2031 560 2074 tui
577 2050 584 2075 :
600 2033 695 2075 Non
709 2031 987 2089 concupisces
1002 2045 1181 2073 uxorem
1197 2029 1380 2088 proximi
1399 2028 1462 2071 tui
1474 2031 1505 2069 2.
1523 2045 1542 2067 »
1560 2029 1715 2072 Nonne

322 2103 400 2146 ista
417 2102 561 2145 omnia
584 2110 627 2144 et
644 2101 767 2144 nobis
786 2100 1124 2160 praecipiuntur‘?
1140 2098 1224 2143 Sed
1242 2113 1436 2158 quaerere
1449 2097 1713 2150 mercedem,

323 2181 366 2215 et
394 2173 584 2215 invenies
605 2171 665 2214 ibi
702 2171 784 2214 dici
805 2206 815 2225 ,
840 2172 897 2214 Ut
919 2168 1193 2228 expellantur
1215 2169 1357 2212 hostes
1379 2184 1401 2211 a
1420 2167 1530 2212 facie
1553 2177 1650 2220 tua,
1672 2176 1715 2210 et

323 2243 539 2301 accipiatis
563 2251 721 2285 terram
754 2256 885 2300 quam
908 2239 1105 2299 promisit
1136 2242 1248 2282 Deus
1276 2237 1472 2297 patribus
1510 2237 1708 2282 vestris3.

323 2312 433 2365 Quia
464 2328 553 2355 non
576 2320 778 2370 poterant
795 2325 947 2369 capere
984 2307 1214 2352 invisibilia
1235 2343 1245 2362 ,
1272 2324 1348 2367 per
1378 2306 1564 2351 visibilia
1588 2316 1712 2350 hene-

326 2383 500 2425 bantur.
527 2386 667 2434 Quare
698 2381 990 2424 tenebantur?
1011 2381 1072 2422 Ne
1094 2378 1265 2438 penitus
1298 2379 1551 2432 interirent,
1583 2386 1627 2420 et
1658 2375 1713 2419 ad

322 2452 437 2497 idola
457 2452 724 2497 laberentur.
750 2455 859 2496 Nam
896 2450 1093 2495 fecerunt
1125 2450 1235 2504 hoc,
1262 2448 1414 2493 fratres
1449 2448 1562 2504 mei,
1601 2447 1711 2491 sicut

372 2559 380 2573 ¹
402 2554 494 2583 Joan.
522 2564 589 2592 vui,
621 2551 673 2594 34.
697 2569 734 2574 -
758 2558 770 2573 ²
796 2551 894 2582 Exod.
914 2561 965 2591 xx,
986 2550 1090 2591 3-17‚
1113 2553 1145 2580 ct
1163 2551 1256 2579 Deut.
1276 2559 1313 2587 v,
1347 2547 1464 2579 16-21.
1494 2563 1535 2569 -—
1558 2544 1571 2568 3
1598 2545 1707 2577 Levit.

326 2620 409 2649 xxvn,
434 2608 528 2640 1—13.
938 2599 943 2605 ⁸
