1819 3301
309 250 394 290 476
744 263 776 292 s.
814 264 1046 292 AUGUSTIM
1079 265 1264 294 El’lscom

306 338 518 385 mutatur,
537 330 613 375 sed
635 331 884 390 agnoscitur
903 349 911 375 :
929 331 1151 376 character
1169 341 1232 376 est
1250 332 1380 392 Regis
1394 333 1502 389 mei,
1522 349 1613 380 non
1631 351 1704 381 ero

306 401 560 460 sacrilegu53
585 403 755 460 corrigo
778 401 1061 457 desertorem,
1078 418 1168 446 non
1185 403 1371 448 immuto
1393 405 1701 451 characterem.

366 475 509 517 XVII.
531 472 625 517 Noli
645 472 700 516 de
717 473 976 533 baptismate
994 473 1189 532 gloriari,
1209 474 1312 535 quia
1329 475 1443 531 dico,
1463 476 1605 536 ipsum
1624 487 1701 522 est:

308 560 406 589 ecce
420 543 532 598 dico,
559 544 701 603 ipsum
726 554 810 600 est,
835 554 926 590 tota
949 545 1173 590 Catholica
1195 545 1316 602 dicit,
1341 546 1483 606 ipsum
1507 557 1571 592 est
1595 568 1603 593 :
1630 548 1707 594 ad-

307 615 438 659 vertit
461 614 690 670 columba,
718 624 761 659 et
790 616 1007 675 agnoscit,
1045 625 1088 661 et
1117 617 1274 674 gemit,
1310 617 1410 677 quia
1438 618 1580 677 ipsum
1603 618 1708 664 foris

308 686 440 730 habes
473 705 481 730 ε
512 685 632 730 videt
660 687 722 730 ibi
757 688 877 748 quod
906 698 1131 746 agnoscat,
1157 688 1277 732 videt
1297 697 1340 732 et
1362 689 1483 749 quod
1504 690 1703 748 corrigat.

307 760 454 817 Ipsum
469 766 547 813 est,
564 758 663 801 veni
683 778 691 803 :
709 758 900 816 gloriaris
916 760 1018 820 quia
1036 761 1178 820 ipsum
1197 769 1276 815 est,
1300 769 1342 804 et
1359 776 1449 805 non
1467 761 1528 806 vis
1543 762 1704 805 venire.

310 828 426 882 Quid
449 845 552 888 ergo
576 828 678 873 mali
701 830 777 890 qui
795 846 885 875 non
903 831 1126 890 pertinent
1148 831 1203 875 ad
1225 830 1502 876 columbam?
1534 833 1607 877 Ait
1629 833 1709 877 tibi

309 900 513 945 columba
535 920 542 945 ;
562 904 617 945 Et
639 901 741 945 mali
756 902 868 946 inter
893 918 1002 962 quos
1026 918 1152 962 gemo
1167 938 1177 957 ,
1205 904 1281 963 qui
1305 919 1395 948 non
1417 903 1640 963 pertinent
1655 904 1710 948 ad

309 972 504 1016 membra
527 987 649 1029 mea,
676 983 719 1017 et
742 989 919 1018 necesse
934 983 998 1019 est
1022 984 1072 1018 ut
1094 975 1208 1019 inter
1230 974 1324 1019 illos
1348 991 1537 1034 gemam,
1563 991 1710 1021 nonne

310 1044 477 1089 habent
496 1046 617 1105 quod
634 1055 676 1089 te
695 1046 858 1090 habere
882 1046 1107 1105 gloriaris?
1129 1062 1276 1091 nonne
1294 1046 1423 1090 multi
1451 1047 1607 1092 ebriosi
1628 1048 1710 1091 ha-

311 1115 418 1160 bent
439 1115 736 1175 baptismum?
762 1132 910 1161 nonne
931 1117 1060 1161 multi
1075 1119 1376 1162 avariPnonne
1390 1118 1518 1162 multi
1533 1117 1713 1163 idolola-

311 1196 406 1242 trae,
421 1197 463 1231 et
477 1187 597 1248 quod
615 1198 679 1232 est
696 1190 833 1248 pejus,
854 1188 1003 1233 furtim
1022 1209 1029 1231 :
1048 1205 1195 1233 nonne
1212 1190 1373 1248 Pagani
1388 1191 1440 1233 ad
1457 1190 1572 1234 idola
1585 1199 1707 1245 eunt,

310 1259 379 1305 vel
401 1260 525 1304 ibant
542 1259 744 1319 publice?
762 1277 881 1305 nunc
904 1270 1075 1306 occulte
1089 1261 1323 1306 Christiani
1340 1262 1563 1320 sortilegos
1586 1277 1710 1322 quae-

311 1341 415 1376 runt
430 1367 440 1387 ,
467 1333 795 1377 mathematicos
814 1332 1068 1378 consulunt.
1087 1334 1226 1377 Etisti
1242 1333 1408 1376 habent
1426 1333 1707 1392 baptismum,

311 1403 387 1447 sed
409 1403 613 1448 columba
642 1405 775 1463 gemit
797 1404 910 1448 inter
935 1420 1102 1449 corvos.
1139 1402 1255 1457 Quid
1283 1419 1385 1462 ergo
1417 1403 1577 1462 gaudes
1609 1405 1711 1464 quia

310 1475 475 1520 habes?
498 1476 581 1520 hoc
603 1476 738 1520 habes
761 1475 882 1537 quod
904 1476 1040 1520 habet
1063 1484 1105 1519 et
1126 1474 1283 1519 malus.
1307 1475 1477 1519 Habeto
1493 1475 1713 1519 humilita-

310 1556 421 1601 tem,
457 1547 735 1603 charitatem,
771 1563 924 1607 pacem
951 1563 959 1588 τ
994 1547 1156 1591 habeto
1179 1547 1346 1591 bonum
1369 1547 1489 1607 quod
1512 1546 1711 1591 nondum

310 1618 442 1662 habes
458 1654 468 1673 ‚
495 1628 544 1662 ut
566 1620 700 1678 prosit
720 1620 800 1664 tibi
823 1620 988 1663 bonum
1013 1618 1134 1680 quod
1155 1619 1304 1662 habes.

368 1692 536 1733 XVIII.
566 1691 675 1733 Nam
708 1689 828 1750 quod
855 1690 1016 1745 habes,
1050 1690 1206 1734 habuit
1240 1698 1283 1732 et
1313 1689 1462 1733 Simon
1492 1690 1704 1746 Magus1:

310 1763 445 1805 Actus
463 1760 773 1820 Apostolorum
798 1770 926 1805 testes
952 1770 1081 1816 sunt,
1111 1760 1183 1804 ille
1205 1760 1316 1804 liber
1333 1759 1568 1804 canonicus
1591 1759 1711 1803 omni

311 1848 425 1877 anno
449 1832 494 1875 in
510 1832 701 1876 Ecclesia
723 1832 983 1877 recitandus.
997 1832 1299 1877 Anniversaria
1317 1830 1593 1875 solemnitate
1609 1839 1709 1890 post

311 1903 553 1963 passionem
579 1904 751 1947 Domini
772 1904 907 1947 nostri
932 1903 1057 1947 illum
1080 1902 1242 1946 librum
1262 1902 1448 1957 recitari,
1480 1901 1555 1945 ubi
1579 1902 1712 1961 scrip-

313 1983 406 2018 tum
426 1982 504 2028 est,
535 1972 759 2032 quomodo
778 1989 1010 2018 conversus
1028 1974 1082 2017 sit
1100 1972 1352 2032 Apostolus,
1375 1981 1419 2016 et
1436 1988 1486 2016 ex
1506 1988 1710 2032 persecu-

313 2054 406 2089 tore
427 2044 687 2104 praedicator
709 2043 877 2088 factus²
901 2062 908 2085 :
931 2044 1008 2088 ubi
1026 2045 1156 2088 etiam
1174 2044 1245 2087 die
1263 2048 1539 2088 Pentecostes
1557 2043 1711 2087 missus

313 2125 376 2160 est
393 2115 575 2174 Spiritus
597 2124 786 2169 sanctus,
806 2115 851 2157 in
876 2114 1033 2172 linguis
1054 2114 1230 2158 diversis
1248 2114 1368 2157 velut
1387 2113 1498 2171 ignis
1517 2114 1547 2156 3.
1570 2113 1635 2156 Ibi
1653 2112 1712 2156 le-

315 2188 454 2246 gimus
469 2186 630 2230 multos
647 2185 875 2230 credidisse
887 2186 933 2228 in
951 2186 1139 2230 Samaria
1154 2201 1230 2244 per
1238 2183 1592 2244 praedicationem
1607 2184 1710 2228 Phi-

315 2257 421 2317 lippi
448 2277 456 2301 ;
485 2256 742 2315 intelligitur
770 2265 917 2300 autem
950 2256 1037 2300 sive
1064 2271 1177 2299 unus
1205 2271 1255 2299 ex
1277 2253 1514 2314 Apostolis‚
1545 2254 1632 2298 sive
1657 2270 1707 2298 ex

315 2329 544 2387 Diaconis3
578 2329 681 2388 quia
712 2338 878 2388 septem
910 2328 970 2372 ibi
1001 2328 1210 2372 Diaconos
1244 2327 1426 2384 legimus
1452 2325 1703 2382 ordinatos,

313 2402 426 2445 inter
460 2416 570 2461 quos
598 2410 662 2444 est
692 2401 820 2445 etiam
855 2415 1016 2445 nomen
1041 2399 1271 2458 Philippi-²¹.
1296 2403 1375 2443 Per
1396 2397 1582 2457 Philippi
1603 2413 1705 2456 ergo

311 2472 663 2532 praedicationem
678 2471 958 2516 crediderunt
973 2471 1207 2516 Samaritae:
1218 2470 1407 2515 'Samaria
1421 2469 1554 2529 coepit
1567 2469 1685 2513 abun

366 2579 371 2592 ¹
395 2574 466 2603 Act.
484 2582 554 2613 vm,
583 2571 633 2602 13.
655 2588 695 2592 —
717 2577 729 2593 ²
754 2571 799 2602 Id.
820 2571 976 2611 1x‚1—3o.
999 2587 1039 2592 -—
1057 2568 1128 2601 ΞῐΙιΙ.
1144 2580 1178 2610 n,
1201 2568 1272 2610 ¹·l·
1293 2586 1334 2591 —
1352 2567 1494 2609 41d.v1‚
1514 2568 1591 2599 3-6.
