1819 3301
425 287 565 315 SERMO
598 287 754 316 Domum
787 287 831 313 IN
864 286 1039 324 MONTE,
1075 286 1155 313 ΜΒ.
1197 288 1223 312 1.
1432 275 1512 314 173

131 370 234 399 sona
256 362 404 398 monet
419 388 430 408 ‚
450 353 509 397 ita
527 362 591 397 est
611 354 694 397 hoc
715 352 881 397 bonum
899 386 909 407 ‚
935 360 985 396 ut
1014 351 1048 394 si
1071 350 1166 410 quis
1189 349 1312 393 aliter
1333 348 1483 394 feeerit
1500 385 1511 405 ‚

132 440 221 469 non
248 425 302 469 sit
328 423 533 484 praecepti
555 433 840 482 transgressor
866 441 876 467 2
901 421 1011 466 sicut
1039 420 1093 464 de
1121 419 1359 478 virginibus
1385 419 1516 479 paulo

131 504 228 555 post
250 494 379 550 dicit,
406 503 674 554 praeceptum
707 494 880 538 Domini
902 508 945 537 se
963 507 1053 536 non
1073 491 1235 535 habere
1252 525 1263 546 ‚
1289 489 1517 535 consilium

133 574 279 609 autem
309 565 466 622 dare¹3
501 573 632 624 atque
660 564 719 607 ita
752 562 902 607 laudat
923 561 1218 621 virginitatem
1235 596 1246 616 ,
1271 570 1322 605 ut
1343 560 1520 620 arripiat

133 651 227 680 eam
249 636 325 696 qui
352 635 564 689 voluerit,
603 650 693 678 non
725 642 871 677 tamen
899 643 949 677 ut
987 632 1022 676 si
1055 648 1143 677 non
1166 631 1342 687 fecerit,
1369 640 1519 676 contra

132 715 401 766 praeceptum
435 704 585 750 fecisse
603 704 839 765 judicetur.
868 703 1001 748 Aliud
1033 704 1149 747 enim
1172 712 1236 747 est
1256 703 1377 763 quod
1393 702 1521 762 jube»

133 787 226 832 tur,
253 777 371 822 aliud
393 776 514 837 quod
531 785 750 831 monetur,
776 775 895 819 aliud
918 774 1039 835 quod
1061 775 1310 832 ignoscitur.
1333 775 1522 818 Jubetur

131 848 288 892 mulier
308 864 331 893 a
351 849 445 894 viro
468 864 556 893 non
585 847 806 893 discedere
825 868 836 905 3
861 846 982 907 quod
1000 847 1034 890 si
1056 845 1294 890 discesserit
1308 880 1319 900 ‚
1348 859 1523 889 manere

133 920 364 979 innuptam
380 955 390 974 ‚
417 929 492 964 aut
508 919 602 963 viro
621 934 700 963 suo
718 917 986 963 reconciliari
1005 935 1014 961 :
1041 915 1163 960 aliter
1185 931 1288 975 ergo
1310 931 1401 959 non
1422 915 1524 959 lieet

134 988 289 1034 facere.
315 993 521 1035 Monetur
539 998 684 1033 autem
714 990 778 1034 vir
799 987 938 1033 fidelis
954 1023 964 1043 ,
995 988 1029 1031 si
1066 987 1200 1031 habet
1221 1001 1400 1031 uxorem
1423 986 1526 1029 infi-

134 1058 274 1104 delem
295 1060 636 1105 consentientem
656 1075 802 1104 secum
825 1059 1037 1112 habitare,
1055 1073 1145 1102 non
1160 1073 1254 1101 eam
1277 1057 1521 1101 dimittere:

133 1128 234 1174 licet
254 1146 357 1189 ergo
378 1139 422 1175 et
438 1129 655 1174 dimittere
677 1149 686 1174 ι
707 1129 808 1189 quia
830 1144 920 1173 non
942 1138 1005 1172 est
1026 1137 1295 1187 praeceptum
1319 1127 1522 1181 Domini,

134 1215 189 1243 ne
212 1199 424 1255 dimittat,
450 1201 525 1244 sed
541 1200 771 1244 consilium
797 1198 993 1258 Apostoli
1018 1219 1028 1252 ς
1049 1199 1159 1242 sicut
1182 1207 1386 1258 monetur
1403 1198 1526 1256 virgo

133 1285 224 1315 non
245 1272 411 1315 nubere
430 1292 441 1329 3
462 1269 538 1315 sed
553 1270 586 1314 si
605 1271 801 1330 nupserit
817 1304 829 1325 ,
848 1268 1076 1314 consilium
1099 1267 1277 1329 quidem
1297 1284 1386 1313 non
1408 1276 1528 1313 tene-

136 1340 225 1395 bit,
264 1340 339 1385 sed
371 1350 522 1385 contra
556 1350 825 1400 praeceptum
861 1355 951 1384 non
986 1337 1129 1383 faciet.
1158 1338 1405 1397 Ignoscitur
1427 1352 1528 1382 cum

135 1410 294 1455 dicitur
321 1431 329 1457 :
360 1431 379 1454 «
403 1415 496 1456 Hoc
530 1420 678 1455 autem
715 1411 813 1455 dico
841 1410 1083 1455 secundum
1117 1409 1314 1463 veniam,
1346 1424 1436 1453 non
1458 1423 1527 1452 se·

139 1500 159 1523 »
195 1484 391 1527 eundum
415 1483 695 1542 imperium‘2.
726 1501 746 1524 »
775 1487 1049 1542 Quapropter
1074 1481 1107 1525 si
1130 1480 1231 1526 licet
1258 1489 1309 1525 ut
1332 1479 1528 1524 dimitta-

137 1562 208 1597 tur
226 1555 385 1613 eonjux
405 1552 615 1609 infidelis,
642 1553 839 1613 quamvis
858 1553 1012 1597 melius
1034 1553 1087 1596 sit
1109 1568 1198 1596 non
1220 1551 1461 1605 dimittere,
1487 1559 1531 1594 et

137 1632 284 1667 tamen
304 1639 394 1667 non
417 1623 519 1667 licet
539 1622 782 1667 secundum
810 1631 1078 1682 praeceptum
1102 1621 1276 1666 Domini
1307 1630 1358 1664 ut
1379 1620 1529 1665 dimit-

138 1702 256 1737 tatur
277 1694 435 1753 conjux
456 1693 538 1736 nisi
560 1707 689 1736 causa
713 1691 1034 1747 fornicationis,
1056 1691 1284 1736 fornicatio
1309 1699 1373 1734 est
1400 1690 1530 1734 etiam

138 1765 229 1824 ipsa
246 1763 495 1808 infidelitas.

197 1837 331 1879 XLV.
358 1833 473 1888 Quid
493 1835 608 1878 enim
627 1843 677 1878 tu
697 1833 804 1878 dicis
816 1869 832 1889 ,
856 1833 1093 1893 Apostole‘?
1111 1834 1238 1878 Certe
1259 1842 1310 1876 ut
1331 1830 1397 1876 vir
1418 1831 1530 1876 fide-

138 1905 190 1948 lis
207 1905 547 1950 consentientem
564 1919 711 1948 secum
727 1903 925 1947 habitare
946 1903 1173 1947 mulierem
1194 1902 1419 1946 infidelem
1442 1917 1532 1946 non

139 1975 344 2020 dimittat.
383 1978 446 2019 Ita
465 2010 475 2030 ‚
516 1975 674 2035 inquit.
701 1976 815 2019 Cum
838 1988 939 2032 ergo
961 1975 1046 2018 hoc
1069 1983 1112 2018 et
1135 1974 1346 2018 Dominus
1378 1973 1533 2032 praeci-

141 2047 258 2106 piat,
288 2062 343 2090 ne
370 2046 561 2091 dimittat
588 2047 654 2090 vir
681 2061 858 2090 uxorem
875 2080 886 2101 ‚
921 2046 1002 2089 nisi
1034 2060 1163 2089 causa
1198 2044 1499 2089 fornicationis
1518 2079 1529 2099 ,

142 2131 276 2175 quare
296 2116 368 2160 hic
390 2115 496 2160 dicis
523 2134 532 2160 :
562 2133 582 2157 «
607 2118 701 2173 Ego
729 2114 827 2160 dico
843 2150 854 2170 ‚
880 2130 969 2159 non
994 2115 1234 2159 Dominus?
1265 2133 1286 2155 n
1312 2114 1424 2167 Quia
1447 2115 1532 2158 sci-

140 2185 242 2230 licet
276 2184 520 2230 idololatria
554 2199 688 2246 quam
725 2194 973 2246 sequuntur
1003 2184 1228 2239 infideles,
1260 2194 1304 2228 et
1325 2183 1535 2244 quaelibet

142 2256 267 2300 noxia
288 2255 536 2315 superstitio
571 2255 800 2300 fornicatio
833 2264 910 2300 est.
937 2255 1146 2300 Dominus
1168 2262 1316 2299 autem
1338 2254 1536 2313 permisit

142 2342 270 2371 causa
302 2326 601 2372 fornicationis
631 2342 810 2372 uxorem
839 2326 1033 2370 dimitti:
1069 2325 1144 2369 sed
1167 2325 1268 2386 quia
1306 2325 1532 2384 permisit,

143 2413 232 2442 non
248 2398 375 2456 jussit
389 2431 400 2452 ‚
426 2396 548 2441 dedit
568 2396 713 2441 locum
736 2396 945 2456 Apostolo
964 2395 1194 2450 monendi,
1221 2403 1272 2438 ut
1289 2395 1365 2455 qui
1379 2394 1534 2439 volue-

142 2467 198 2510 rit
221 2482 309 2510 non
332 2466 522 2510 dimittat
541 2482 721 2511 uxorem
742 2466 965 2509 infidelem
981 2500 992 2521 ‚
1017 2480 1106 2525 quo
1124 2466 1184 2509 sic
1206 2465 1386 2508 fortasse
1403 2464 1536 2524 possit

142 2536 234 2580 fieri
252 2535 406 2580 fidelis.
423 2536 756 2582 «Sanctificatus
772 2545 836 2581 est
857 2535 991 2592 enim,
1011 2535 1172 2595 inquit,
1191 2533 1258 2579 vir
1278 2532 1466 2579 infidelis
1489 2533 1536 2578 in

192 2626 200 2644 ¹
225 2631 237 2653 1
258 2623 331 2654 Cor.
352 2631 386 2662 ιι,
405 2619 436 2663 4.
457 2635 499 2645 -
516 2627 529 2645 ²
554 2619 637 2654 lbid.
657 2620 690 2653 6.
