1819 3301
376 273 422 300 m
452 270 626 300 JoAmus
658 270 969 309 nuncianum,
1003 269 1149 298 TRACT.
1188 273 1228 298 v.
1403 259 1484 299 443

102 335 303 380 dixerunt
329 354 338 381 :
365 345 408 380 et
433 336 678 380 invenimus
709 335 971 395 apertissime
993 343 1099 378 tunc
1121 333 1390 378 descendisse
1412 351 1485 379 co—

101 407 320 461 lumbam,
342 422 442 451 cum
466 407 674 450 Dominus
701 407 756 450 ab
776 422 887 466 aqua
906 406 1112 449 ascendit.
1141 407 1277 464 Super
1298 405 1486 463 baptiza-

102 486 197 520 tum
221 477 334 520 enim
360 477 496 535 aperti
519 485 619 519 sunt
641 475 764 531 coeli,
790 486 832 520 et
855 476 963 520 vidit
988 476 1193 535 Spiritum
1217 474 1485 519 descenden-

102 555 190 591 tem
219 548 248 588 ¹.
279 546 321 590 Si
337 547 427 606 jam
450 546 715 605 baptizatum
738 546 963 604 cognovit,
989 546 1179 589 venienti
1198 545 1252 589 ad
1276 545 1485 603 baptisma

100 617 322 676 quomodo
347 617 452 660 dicit
481 635 489 660 ε
519 636 535 655 «
564 620 656 674 Ego
681 634 701 660 a
727 626 767 660 te
790 618 928 660 debeo
952 616 1187 675 baptizari?
1212 634 1231 657 n
1264 619 1384 660 Hanc
1405 631 1485 660 vo-

99 686 267 730 biscum
292 687 464 730 interim
488 687 717 740 ruminate,
743 687 855 729 hanc
883 687 1107 730 vobiscum
1132 685 1347 739 conferte,
1373 686 1484 729 hanc

97 757 323 800 vobiscum
347 765 542 800 tractate.
568 760 747 800 Praestet
764 757 972 800 Dominus
992 760 1101 800 Deus
1124 766 1282 810 noster,
1300 765 1348 799 ut
1363 765 1484 799 ante-

99 841 231 886 quam
268 842 289 869 a
317 841 387 869 me
411 826 618 880 audiatis,
647 826 772 871 alicui
801 836 993 870 vestrum
1027 827 1159 886 priori
1183 834 1284 869 eam·
1305 825 1479 870 revelet.

102 899 280 950 Tamen,
296 895 465 949 fratres,
484 896 565 939 hoc
586 896 742 950 sciatis,
768 896 869 956 quia
888 896 1096 955 peristius
1110 896 1358 956 quaestionis
1371 895 1484 938 solu-

98 967 278 1020 tionem,
299 981 452 1010 vocem
466 981 563 1024 pars
582 967 736 1010 Donati
751 966 805 1010 de
819 967 1025 1026 Baptismi
1042 968 1190 1024 gratia,
1209 966 1285 1010 ubi
1301 965 1482 1009 nebulas

99 1035 346 1080 obtendunt
368 1035 577 1094 imperitis
595 1070 605 1089 ,
626 1043 669 1079 et
692 1037 798 1080 retia
824 1036 1010 1080 tendunt
1033 1037 1183 1080 avibus
1204 1035 1451 1080 volantibus
1468 1070 1478 1090 ,

98 1106 132 1150 si
155 1106 343 1150 frontem
367 1104 579 1160 habeant,
603 1106 782 1150 omnino
805 1121 893 1150 non
916 1107 1144 1150 habebunt
1169 1123 1178 1150 ι
1203 1106 1382 1149 omnino
1405 1120 1482 1149 eo-

98 1192 195 1220 rum
214 1190 288 1220 ora
310 1175 585 1220 claudentur.

541 1444 948 1492 TRACTATUS
984 1446 1043 1488 V.

98 1600 287 1641 Rursum
324 1596 369 1639 in
396 1594 508 1638 illud
537 1613 545 1638 :
575 1593 618 1638 E
622 1603 638 1637 t
665 1609 751 1655 ego
778 1592 1052 1637 nesciebam
1086 1609 1218 1650 eum,
1250 1604 1333 1639 etc.
1365 1596 1480 1648 Quid

186 1668 287 1711 novi
308 1669 498 1710 Joannes
520 1665 719 1709 didicerit
741 1665 795 1708 de
816 1665 1001 1708 Domino
1028 1680 1105 1723 per
1124 1664 1388 1710 columbam.

154 1803 188 1844 Ι.
227 1802 353 1844 SICUT
376 1800 584 1844 Dominus
613 1798 772 1852 voluit,
796 1797 849 1841 ad
872 1798 987 1841 diem
1009 1797 1298 1856 promissionis
1321 1806 1478 1841 nostrae

95 1870 372 1930 pervenimus
400 1889 408 1914 ι
435 1869 659 1928 praestabit
681 1870 810 1912 etiam
842 1869 923 1912 hoc
941 1904 951 1921 ,
978 1877 1027 1911 ut
1057 1868 1111 1911 ad
1139 1868 1270 1926 ipsius
1298 1868 1479 1926 promis-

95 1941 223 1984 sionis
245 1939 532 1983 redditionem
554 1939 776 1998 pervenire
793 1938 1018 1997 possimus.
1043 1940 1164 1981 Tunc
1179 1938 1294 1980 enirn
1310 1954 1357 1981 ea
1380 1953 1479 1997 quae

96 2010 296 2063 dicimus,
323 2018 365 2052 et
387 2010 511 2052 nobis
535 2018 576 2052 et
593 2008 715 2051 vobis
735 2008 853 2051 utilia
872 2016 989 2061 sunt,
1009 2007 1040 2050 si
1059 2008 1112 2050 ab
1130 2007 1221 2065 ipso
1237 2017 1339 2050 sunt
1356 2027 1364 2051 :
1381 2023 1479 2066 quae

97 2089 243 2124 autern
265 2080 320 2122 ab
351 2079 527 2122 homine
548 2087 670 2132 sunt,
704 2077 925 2121 mendacia
948 2087 1049 2121 sunt
1079 2095 1087 2118 ε
1119 2078 1228 2121 sicut
1259 2079 1348 2135 ipse
1372 2077 1478 2120 dixit

97 2149 307 2194 Dominus
332 2158 477 2192 noster
499 2151 621 2192 Jesus
649 2148 844 2192 Christus
879 2166 887 2191 ι
917 2167 935 2188 «
962 2148 1043 2200 Qui
1077 2147 1271 2206 loquitur
1299 2147 1480 2190 menda-

99 2238 119 2261 »
155 2220 286 2273 cium,
305 2218 359 2262 de
379 2233 457 2262 suo
471 2218 664 2278 loquitur
681 2221 710 2261 ¹.
736 2237 754 2259 »
781 2220 917 2262 Nemo
934 2218 1066 2260 habet
1084 2216 1137 2260 de
1155 2232 1248 2270 suo,
1267 2217 1345 2259 nisi
1363 2232 1480 2259 men-

96 2290 266 2333 dacium
290 2298 331 2332 et
355 2298 597 2346 peccatum.
627 2289 669 2333 Si
693 2286 799 2348 quid
821 2296 964 2330 autem
985 2287 1115 2330 homo
1139 2287 1269 2329 habet
1292 2287 1479 2330 veritatis

97 2370 228 2419 atque
252 2360 457 2419 justitiae,
487 2360 541 2402 ab
564 2358 640 2403 illo
670 2358 789 2403 fonte
812 2368 889 2412 est,
915 2373 1045 2417 quem
1068 2358 1278 2400 debemus
1297 2357 1411 2400 sitire
1435 2358 1479 2399 in

96 2431 177 2473 hac
200 2445 361 2482 eremo,
388 2438 437 2472 ut
455 2444 504 2471 ex
525 2444 576 2472 eo
593 2429 714 2487 quasi
733 2429 863 2485 guttis
879 2428 1139 2486 quibusdam
1156 2427 1341 2480 irrorati,
1367 2436 1409 2469 et
1433 2426 1478 2468 in

95 2500 177 2543 hac
197 2499 538 2558 peregrinatione
558 2499 730 2542 interim
743 2497 967 2550 consolati,
987 2496 1303 2539 nedeficiamus
1324 2497 1369 2539 in
1391 2496 1475 2549 via,

146 2601 154 2614 ¹
171 2593 283 2625 Matth.
301 2604 346 2633 ni,
370 2594 427 2632 163
448 2594 549 2624 Mai-c.
568 2605 593 2632 1,
616 2603 667 2633 ιο,
692 2597 725 2624 ct
741 2594 816 2624 Luc.
839 2603 885 2631 ni,
905 2600 960 2631 21,
981 2600 1034 2622 22.
1056 2607 1098 2614 --
1118 2593 1234 2623 ²Joan.
1253 2602 1320 2629 vm,
1341 2590 1396 2631 44.
