<?xml version="1.0" encoding="UTF-8"?>
<!DOCTYPE html PUBLIC "-//W3C//DTD XHTML 1.0 Transitional//EN"
    "http://www.w3.org/TR/xhtml1/DTD/xhtml1-transitional.dtd">
<html xmlns="http://www.w3.org/1999/xhtml" xml:lang="en" lang="en">
 <head>
  <title>
</title>
<meta http-equiv="Content-Type" content="text/html;charset=utf-8" />
  <meta name='ocr-system' content='tesseract 3.04.00' />
  <meta name='ocr-capabilities' content='ocr_page ocr_carea ocr_par ocr_line ocrx_word'/>
</head>
<body>
  <div class='ocr_page' id='page_1' title='image "./operaomniaaccura14auguuoft_0143.png"; bbox 0 0 1819 3301; ppageno 0'>
   <div class='ocr_carea' id='block_1_1' title="bbox 0 1312 3 1913">
    <p class='ocr_par' dir='ltr' id='par_1_1' title="bbox 0 1312 3 1913">
     <span class='ocr_line' id='line_1_1' title="bbox 0 1312 3 1913; baseline 0 0"><span class='ocrx_word' id='word_1_1' title='bbox 0 1312 3 1913; x_wconf 95' lang='lat' dir='ltr'> </span> 
     </span>
    </p>
   </div>
   <div class='ocr_carea' id='block_1_2' title="bbox 303 247 1466 297">
    <p class='ocr_par' dir='ltr' id='par_1_2' title="bbox 303 247 1466 297">
     <span class='ocr_line' id='line_1_2' title="bbox 303 247 1466 297; baseline 0.001 -11"><span class='ocrx_word' id='word_1_2' title='bbox 303 260 356 286; x_wconf 83' lang='lat' dir='ltr'>DE</span> <span class='ocrx_word' id='word_1_3' title='bbox 387 260 595 287; x_wconf 61' lang='lat' dir='ltr'>consensu</span> <span class='ocrx_word' id='word_1_4' title='bbox 629 255 1038 297; x_wconf 71' lang='lat' dir='ltr'>EvANcELISTARUM,</span> <span class='ocrx_word' id='word_1_5' title='bbox 1074 259 1155 285; x_wconf 76' lang='lat' dir='ltr'>Lm.</span> <span class='ocrx_word' id='word_1_6' title='bbox 1192 260 1251 286; x_wconf 76' lang='grc' dir='ltr'>ιν.</span> <span class='ocrx_word' id='word_1_7' title='bbox 1386 247 1466 287; x_wconf 80' lang='lat'>125</span> 
     </span>
    </p>
   </div>
   <div class='ocr_carea' id='block_1_3' title="bbox 88 321 1475 1510">
    <p class='ocr_par' dir='ltr' id='par_1_3' title="bbox 88 321 1475 1510">
     <span class='ocr_line' id='line_1_3' title="bbox 90 321 1469 384; baseline -0.001 -16"><span class='ocrx_word' id='word_1_8' title='bbox 90 324 226 368; x_wconf 86' lang='lat' dir='ltr'>menti</span> <span class='ocrx_word' id='word_1_9' title='bbox 247 324 489 384; x_wconf 88' lang='lat' dir='ltr'>rationique</span> <span class='ocrx_word' id='word_1_10' title='bbox 511 338 689 382; x_wconf 80' lang='lat' dir='ltr'>regnare</span> <span class='ocrx_word' id='word_1_11' title='bbox 704 357 716 379; x_wconf 84' lang='lat'>‚</span> <span class='ocrx_word' id='word_1_12' title='bbox 744 337 832 383; x_wconf 90' lang='lat' dir='ltr'>quo</span> <span class='ocrx_word' id='word_1_13' title='bbox 854 331 916 367; x_wconf 89' lang='lat' dir='ltr'>est</span> <span class='ocrx_word' id='word_1_14' title='bbox 942 323 986 366; x_wconf 92' lang='lat' dir='ltr'>in</span> <span class='ocrx_word' id='word_1_15' title='bbox 1006 321 1203 377; x_wconf 79' lang='lat' dir='ltr'>excelsis,</span> <span class='ocrx_word' id='word_1_16' title='bbox 1228 322 1349 366; x_wconf 85' lang='lat' dir='ltr'>nulla</span> <span class='ocrx_word' id='word_1_17' title='bbox 1369 338 1469 367; x_wconf 90' lang='lat' dir='ltr'>cum</span> 
     </span>
     <span class='ocr_line' id='line_1_4' title="bbox 89 392 1470 453; baseline -0.002 -15"><span class='ocrx_word' id='word_1_18' title='bbox 89 394 338 438; x_wconf 90' lang='lat' dir='ltr'>hominibus</span> <span class='ocrx_word' id='word_1_19' title='bbox 360 394 665 438; x_wconf 83' lang='lat' dir='ltr'>communione</span> <span class='ocrx_word' id='word_1_20' title='bbox 688 402 855 438; x_wconf 84' lang='lat' dir='ltr'>naturae</span> <span class='ocrx_word' id='word_1_21' title='bbox 870 428 881 448; x_wconf 86' lang='lat'>‚</span> <span class='ocrx_word' id='word_1_22' title='bbox 906 392 1043 448; x_wconf 83' lang='lat' dir='ltr'>solus,</span> <span class='ocrx_word' id='word_1_23' title='bbox 1073 392 1175 453; x_wconf 84' lang='lat' dir='ltr'>quia</span> <span class='ocrx_word' id='word_1_24' title='bbox 1203 392 1357 436; x_wconf 91' lang='lat' dir='ltr'>unicus</span> <span class='ocrx_word' id='word_1_25' title='bbox 1388 397 1470 436; x_wconf 87' lang='lat' dir='ltr'>Pa·-</span> 
     </span>
     <span class='ocr_line' id='line_1_5' title="bbox 90 463 1471 523; baseline 0.001 -16"><span class='ocrx_word' id='word_1_26' title='bbox 90 464 146 508; x_wconf 84' lang='lat' dir='ltr'>tri</span> <span class='ocrx_word' id='word_1_27' title='bbox 179 483 187 508; x_wconf 92' lang='lat'>:</span> <span class='ocrx_word' id='word_1_28' title='bbox 228 465 311 509; x_wconf 89' lang='lat' dir='ltr'>hoc</span> <span class='ocrx_word' id='word_1_29' title='bbox 346 473 491 508; x_wconf 88' lang='lat' dir='ltr'>autem</span> <span class='ocrx_word' id='word_1_30' title='bbox 525 464 780 520; x_wconf 82' lang='lat' dir='ltr'>mysterium</span> <span class='ocrx_word' id='word_1_31' title='bbox 815 463 1017 508; x_wconf 86' lang='lat' dir='ltr'>deorsum</span> <span class='ocrx_word' id='word_1_32' title='bbox 1049 472 1245 523; x_wconf 87' lang='lat' dir='ltr'>repentes</span> <span class='ocrx_word' id='word_1_33' title='bbox 1280 463 1471 508; x_wconf 83' lang='lat' dir='ltr'>carnales</span> 
     </span>
     <span class='ocr_line' id='line_1_6' title="bbox 89 532 1471 594; baseline -0.001 -16"><span class='ocrx_word' id='word_1_34' title='bbox 89 534 286 578; x_wconf 90' lang='lat' dir='ltr'>homines</span> <span class='ocrx_word' id='word_1_35' title='bbox 306 534 433 593; x_wconf 81' lang='lat' dir='ltr'>fugit,</span> <span class='ocrx_word' id='word_1_36' title='bbox 459 534 562 594; x_wconf 83' lang='lat' dir='ltr'>quia</span> <span class='ocrx_word' id='word_1_37' title='bbox 582 532 708 579; x_wconf 84' lang='lat' dir='ltr'>valde</span> <span class='ocrx_word' id='word_1_38' title='bbox 737 533 922 578; x_wconf 87' lang='lat' dir='ltr'>sublime</span> <span class='ocrx_word' id='word_1_39' title='bbox 947 543 1035 591; x_wconf 78' lang='lat' dir='ltr'>est3</span> <span class='ocrx_word' id='word_1_40' title='bbox 1060 532 1177 577; x_wconf 90' lang='lat' dir='ltr'>unde</span> <span class='ocrx_word' id='word_1_41' title='bbox 1200 532 1295 577; x_wconf 92' lang='lat' dir='ltr'>illos</span> <span class='ocrx_word' id='word_1_42' title='bbox 1316 542 1359 578; x_wconf 89' lang='lat' dir='ltr'>et</span> <span class='ocrx_word' id='word_1_43' title='bbox 1381 534 1471 593; x_wconf 86' lang='lat' dir='ltr'>ipse</span> 
     </span>
     <span class='ocr_line' id='line_1_7' title="bbox 90 603 1472 664; baseline 0 -16"><span class='ocrx_word' id='word_1_44' title='bbox 90 603 204 662; x_wconf 84' lang='lat' dir='ltr'>sugit</span> <span class='ocrx_word' id='word_1_45' title='bbox 220 604 266 647; x_wconf 89' lang='lat' dir='ltr'>in</span> <span class='ocrx_word' id='word_1_46' title='bbox 286 614 496 659; x_wconf 85' lang='lat' dir='ltr'>montem⁷</span> <span class='ocrx_word' id='word_1_47' title='bbox 516 604 591 664; x_wconf 89' lang='lat' dir='ltr'>qui</span> <span class='ocrx_word' id='word_1_48' title='bbox 613 619 797 662; x_wconf 82' lang='lat' dir='ltr'>regnum</span> <span class='ocrx_word' id='word_1_49' title='bbox 819 605 909 663; x_wconf 86' lang='lat' dir='ltr'>ejus</span> <span class='ocrx_word' id='word_1_50' title='bbox 926 613 1099 649; x_wconf 91' lang='lat' dir='ltr'>terreno</span> <span class='ocrx_word' id='word_1_51' title='bbox 1115 603 1260 649; x_wconf 84' lang='lat' dir='ltr'>animo</span> <span class='ocrx_word' id='word_1_52' title='bbox 1282 605 1472 664; x_wconf 86' lang='lat' dir='ltr'>require-</span> 
     </span>
     <span class='ocr_line' id='line_1_8' title="bbox 90 674 1472 733; baseline 0 -15"><span class='ocrx_word' id='word_1_53' title='bbox 90 674 219 732; x_wconf 81' lang='lat' dir='ltr'>bant3</span> <span class='ocrx_word' id='word_1_54' title='bbox 248 674 366 719; x_wconf 86' lang='lat' dir='ltr'>unde</span> <span class='ocrx_word' id='word_1_55' title='bbox 398 684 441 719; x_wconf 89' lang='lat' dir='ltr'>et</span> <span class='ocrx_word' id='word_1_56' title='bbox 471 674 575 719; x_wconf 85' lang='lat' dir='ltr'>alibi</span> <span class='ocrx_word' id='word_1_57' title='bbox 605 674 710 718; x_wconf 91' lang='lat' dir='ltr'>dicit</span> <span class='ocrx_word' id='word_1_58' title='bbox 745 693 754 719; x_wconf 72' lang='grc' dir='ltr'>ε</span> <span class='ocrx_word' id='word_1_59' title='bbox 783 693 803 716; x_wconf 92' lang='lat'>«</span> <span class='ocrx_word' id='word_1_60' title='bbox 831 677 1032 733; x_wconf 84' lang='lat' dir='ltr'>Regnum</span> <span class='ocrx_word' id='word_1_61' title='bbox 1052 690 1199 718; x_wconf 85' lang='lat' dir='ltr'>meum</span> <span class='ocrx_word' id='word_1_62' title='bbox 1220 690 1310 719; x_wconf 91' lang='lat' dir='ltr'>non</span> <span class='ocrx_word' id='word_1_63' title='bbox 1332 684 1396 720; x_wconf 90' lang='lat' dir='ltr'>est</span> <span class='ocrx_word' id='word_1_64' title='bbox 1417 674 1472 718; x_wconf 91' lang='lat' dir='ltr'>de</span> 
     </span>
     <span class='ocr_line' id='line_1_9' title="bbox 93 744 1472 805; baseline 0.001 -18"><span class='ocrx_word' id='word_1_65' title='bbox 93 762 113 787; x_wconf 89' lang='lat'>»</span> <span class='ocrx_word' id='word_1_66' title='bbox 149 745 231 789; x_wconf 93' lang='lat' dir='ltr'>hoc</span> <span class='ocrx_word' id='word_1_67' title='bbox 259 744 425 788; x_wconf 92' lang='lat' dir='ltr'>mundo</span> <span class='ocrx_word' id='word_1_68' title='bbox 457 748 467 769; x_wconf 95' lang='lat'><strong>¹</strong></span> <span class='ocrx_word' id='word_1_69' title='bbox 507 764 515 789; x_wconf 92' lang='lat'><strong>:</strong></span> <span class='ocrx_word' id='word_1_70' title='bbox 544 763 563 786; x_wconf 86' lang='lat'>»</span> <span class='ocrx_word' id='word_1_71' title='bbox 600 759 743 805; x_wconf 90' lang='lat' dir='ltr'>neque</span> <span class='ocrx_word' id='word_1_72' title='bbox 776 744 904 788; x_wconf 83' lang='lat' dir='ltr'>etiam</span> <span class='ocrx_word' id='word_1_73' title='bbox 938 745 1020 789; x_wconf 91' lang='lat' dir='ltr'>hoc</span> <span class='ocrx_word' id='word_1_74' title='bbox 1053 745 1132 788; x_wconf 90' lang='lat' dir='ltr'>nisi</span> <span class='ocrx_word' id='word_1_75' title='bbox 1164 748 1350 790; x_wconf 85' lang='lat' dir='ltr'>Joannes</span> <span class='ocrx_word' id='word_1_76' title='bbox 1382 746 1472 804; x_wconf 89' lang='lat' dir='ltr'>ipse</span> 
     </span>
     <span class='ocr_line' id='line_1_10' title="bbox 91 813 1472 875; baseline 0 -16"><span class='ocrx_word' id='word_1_77' title='bbox 91 823 418 870; x_wconf 83' lang='lat' dir='ltr'>commemorat,</span> <span class='ocrx_word' id='word_1_78' title='bbox 433 813 580 859; x_wconf 83' lang='lat' dir='ltr'>volatu</span> <span class='ocrx_word' id='word_1_79' title='bbox 595 814 785 875; x_wconf 87' lang='lat' dir='ltr'>quodam</span> <span class='ocrx_word' id='word_1_80' title='bbox 798 813 929 859; x_wconf 91' lang='lat' dir='ltr'>modo</span> <span class='ocrx_word' id='word_1_81' title='bbox 947 815 1136 859; x_wconf 80' lang='lat' dir='ltr'>aethereo</span> <span class='ocrx_word' id='word_1_82' title='bbox 1150 816 1472 875; x_wconf 85' lang='lat' dir='ltr'>supereminens</span> 
     </span>
     <span class='ocr_line' id='line_1_11' title="bbox 90 885 1473 945; baseline 0.001 -16"><span class='ocrx_word' id='word_1_83' title='bbox 90 886 228 940; x_wconf 88' lang='lat' dir='ltr'>terris,</span> <span class='ocrx_word' id='word_1_84' title='bbox 246 896 289 929; x_wconf 88' lang='lat' dir='ltr'>et</span> <span class='ocrx_word' id='word_1_85' title='bbox 304 885 496 944; x_wconf 82' lang='lat' dir='ltr'>gaudens</span> <span class='ocrx_word' id='word_1_86' title='bbox 517 885 615 929; x_wconf 90' lang='lat' dir='ltr'>luce</span> <span class='ocrx_word' id='word_1_87' title='bbox 636 885 743 930; x_wconf 89' lang='lat' dir='ltr'>Solis</span> <span class='ocrx_word' id='word_1_88' title='bbox 763 886 957 945; x_wconf 80' lang='lat' dir='ltr'>justitiae.</span> <span class='ocrx_word' id='word_1_89' title='bbox 980 886 1048 929; x_wconf 86' lang='lat' dir='ltr'>Ab</span> <span class='ocrx_word' id='word_1_90' title='bbox 1063 885 1139 930; x_wconf 91' lang='lat' dir='ltr'>illo</span> <span class='ocrx_word' id='word_1_91' title='bbox 1156 887 1307 930; x_wconf 86' lang='lat' dir='ltr'>itidem</span> <span class='ocrx_word' id='word_1_92' title='bbox 1325 895 1473 930; x_wconf 89' lang='lat' dir='ltr'>monte</span> 
     </span>
     <span class='ocr_line' id='line_1_12' title="bbox 89 955 1472 1015; baseline 0.002 -17"><span class='ocrx_word' id='word_1_93' title='bbox 89 964 186 1014; x_wconf 88' lang='lat' dir='ltr'>post</span> <span class='ocrx_word' id='word_1_94' title='bbox 203 955 458 999; x_wconf 81' lang='lat' dir='ltr'>miraculum</span> <span class='ocrx_word' id='word_1_95' title='bbox 483 955 537 998; x_wconf 90' lang='lat' dir='ltr'>de</span> <span class='ocrx_word' id='word_1_96' title='bbox 558 955 752 1015; x_wconf 84' lang='lat' dir='ltr'>quinque</span> <span class='ocrx_word' id='word_1_97' title='bbox 774 956 958 1014; x_wconf 82' lang='lat' dir='ltr'>panibus</span> <span class='ocrx_word' id='word_1_98' title='bbox 980 955 1144 1000; x_wconf 82' lang='lat' dir='ltr'>factum</span> <span class='ocrx_word' id='word_1_99' title='bbox 1165 991 1175 1011; x_wconf 87' lang='lat'>‚</span> <span class='ocrx_word' id='word_1_100' title='bbox 1203 972 1303 1001; x_wconf 92' lang='lat' dir='ltr'>cum</span> <span class='ocrx_word' id='word_1_101' title='bbox 1321 956 1472 1001; x_wconf 81' lang='lat' dir='ltr'>iisdem</span> 
     </span>
     <span class='ocr_line' id='line_1_13' title="bbox 89 1025 1469 1085; baseline 0.001 -15"><span class='ocrx_word' id='word_1_102' title='bbox 89 1026 228 1070; x_wconf 89' lang='lat' dir='ltr'>tribus</span> <span class='ocrx_word' id='word_1_103' title='bbox 261 1025 488 1085; x_wconf 88' lang='lat' dir='ltr'>paululum</span> <span class='ocrx_word' id='word_1_104' title='bbox 520 1035 780 1081; x_wconf 81' lang='lat' dir='ltr'>remoratus,</span> <span class='ocrx_word' id='word_1_105' title='bbox 818 1025 957 1070; x_wconf 91' lang='lat' dir='ltr'>donec</span> <span class='ocrx_word' id='word_1_106' title='bbox 990 1042 1106 1070; x_wconf 83' lang='lat' dir='ltr'>mare</span> <span class='ocrx_word' id='word_1_107' title='bbox 1144 1028 1395 1072; x_wconf 81' lang='lat' dir='ltr'>transissent</span> <span class='ocrx_word' id='word_1_108' title='bbox 1427 1031 1469 1083; x_wconf 72' lang='lat'>²,</span> 
     </span>
     <span class='ocr_line' id='line_1_14' title="bbox 89 1094 1474 1156; baseline 0.001 -18"><span class='ocrx_word' id='word_1_109' title='bbox 89 1095 266 1155; x_wconf 88' lang='lat' dir='ltr'>quando</span> <span class='ocrx_word' id='word_1_110' title='bbox 289 1094 527 1139; x_wconf 85' lang='lat' dir='ltr'>ambulavit</span> <span class='ocrx_word' id='word_1_111' title='bbox 546 1111 674 1156; x_wconf 77' lang='lat' dir='ltr'>super</span> <span class='ocrx_word' id='word_1_112' title='bbox 692 1111 840 1155; x_wconf 85' lang='lat' dir='ltr'>aquas,</span> <span class='ocrx_word' id='word_1_113' title='bbox 862 1097 1070 1140; x_wconf 81' lang='lat' dir='ltr'>continuo</span> <span class='ocrx_word' id='word_1_114' title='bbox 1086 1113 1231 1141; x_wconf 88' lang='lat' dir='ltr'>rursus</span> <span class='ocrx_word' id='word_1_115' title='bbox 1253 1113 1297 1142; x_wconf 91' lang='lat' dir='ltr'>se</span> <span class='ocrx_word' id='word_1_116' title='bbox 1314 1099 1359 1141; x_wconf 92' lang='lat' dir='ltr'>in</span> <span class='ocrx_word' id='word_1_117' title='bbox 1379 1112 1474 1142; x_wconf 88' lang='lat' dir='ltr'>ver-</span> 
     </span>
     <span class='ocr_line' id='line_1_15' title="bbox 88 1165 1468 1227; baseline 0.001 -17"><span class='ocrx_word' id='word_1_118' title='bbox 88 1166 195 1210; x_wconf 75' lang='lat' dir='ltr'>hum</span> <span class='ocrx_word' id='word_1_119' title='bbox 221 1166 392 1210; x_wconf 87' lang='lat' dir='ltr'>Domini</span> <span class='ocrx_word' id='word_1_120' title='bbox 420 1165 603 1221; x_wconf 81' lang='lat' dir='ltr'>attollit,</span> <span class='ocrx_word' id='word_1_121' title='bbox 637 1182 769 1226; x_wconf 83' lang='lat' dir='ltr'>quam</span> <span class='ocrx_word' id='word_1_122' title='bbox 800 1182 1029 1225; x_wconf 83' lang='lat' dir='ltr'>magnum,</span> <span class='ocrx_word' id='word_1_123' title='bbox 1063 1184 1194 1227; x_wconf 87' lang='lat' dir='ltr'>quam</span> <span class='ocrx_word' id='word_1_124' title='bbox 1229 1169 1468 1227; x_wconf 81' lang='lat' dir='ltr'>prolixum,</span> 
     </span>
     <span class='ocr_line' id='line_1_16' title="bbox 89 1236 1475 1298; baseline 0.002 -18"><span class='ocrx_word' id='word_1_125' title='bbox 89 1253 221 1297; x_wconf 87' lang='lat' dir='ltr'>quam</span> <span class='ocrx_word' id='word_1_126' title='bbox 238 1237 316 1281; x_wconf 90' lang='lat' dir='ltr'>diu</span> <span class='ocrx_word' id='word_1_127' title='bbox 333 1252 568 1296; x_wconf 85' lang='lat' dir='ltr'>supernum</span> <span class='ocrx_word' id='word_1_128' title='bbox 588 1246 630 1280; x_wconf 89' lang='lat' dir='ltr'>et</span> <span class='ocrx_word' id='word_1_129' title='bbox 648 1236 879 1292; x_wconf 76' lang='lat' dir='ltr'>excelsum,</span> <span class='ocrx_word' id='word_1_130' title='bbox 901 1254 950 1281; x_wconf 77' lang='lat' dir='ltr'>ex</span> <span class='ocrx_word' id='word_1_131' title='bbox 973 1239 1195 1282; x_wconf 84' lang='lat' dir='ltr'>occasione</span> <span class='ocrx_word' id='word_1_132' title='bbox 1217 1240 1338 1298; x_wconf 88' lang='lat' dir='ltr'>panis</span> <span class='ocrx_word' id='word_1_133' title='bbox 1356 1254 1475 1283; x_wconf 80' lang='lat' dir='ltr'>exor-</span> 
     </span>
     <span class='ocr_line' id='line_1_17' title="bbox 88 1307 1469 1365; baseline 0.002 -14"><span class='ocrx_word' id='word_1_134' title='bbox 88 1316 206 1363; x_wconf 78' lang='lat' dir='ltr'>tum,</span> <span class='ocrx_word' id='word_1_135' title='bbox 231 1324 331 1352; x_wconf 89' lang='lat' dir='ltr'>cum</span> <span class='ocrx_word' id='word_1_136' title='bbox 369 1307 544 1351; x_wconf 81' lang='lat' dir='ltr'>dixisset</span> <span class='ocrx_word' id='word_1_137' title='bbox 575 1308 713 1351; x_wconf 86' lang='lat' dir='ltr'>turbis</span> <span class='ocrx_word' id='word_1_138' title='bbox 739 1327 747 1352; x_wconf 91' lang='lat'><strong>:</strong></span> <span class='ocrx_word' id='word_1_139' title='bbox 778 1328 795 1349; x_wconf 92' lang='lat'>«</span> <span class='ocrx_word' id='word_1_140' title='bbox 827 1312 993 1364; x_wconf 84' lang='lat' dir='ltr'>Amen,</span> <span class='ocrx_word' id='word_1_141' title='bbox 1030 1324 1156 1352; x_wconf 87' lang='lat' dir='ltr'>amen</span> <span class='ocrx_word' id='word_1_142' title='bbox 1191 1308 1288 1354; x_wconf 90' lang='lat' dir='ltr'>dico</span> <span class='ocrx_word' id='word_1_143' title='bbox 1317 1310 1469 1365; x_wconf 85' lang='lat' dir='ltr'>vobis,</span> 
     </span>
     <span class='ocr_line' id='line_1_18' title="bbox 91 1378 1472 1439; baseline 0.003 -20"><span class='ocrx_word' id='word_1_144' title='bbox 91 1396 111 1419; x_wconf 88' lang='lat'>»</span> <span class='ocrx_word' id='word_1_145' title='bbox 146 1379 339 1438; x_wconf 78' lang='lat' dir='ltr'>quaeritis</span> <span class='ocrx_word' id='word_1_146' title='bbox 365 1392 460 1433; x_wconf 87' lang='lat' dir='ltr'>me,</span> <span class='ocrx_word' id='word_1_147' title='bbox 485 1393 574 1421; x_wconf 92' lang='lat' dir='ltr'>non</span> <span class='ocrx_word' id='word_1_148' title='bbox 601 1378 703 1437; x_wconf 88' lang='lat' dir='ltr'>quia</span> <span class='ocrx_word' id='word_1_149' title='bbox 732 1378 852 1436; x_wconf 83' lang='lat' dir='ltr'>signa</span> <span class='ocrx_word' id='word_1_150' title='bbox 883 1378 1070 1434; x_wconf 86' lang='lat' dir='ltr'>vidistis,</span> <span class='ocrx_word' id='word_1_151' title='bbox 1096 1378 1172 1422; x_wconf 90' lang='lat' dir='ltr'>sed</span> <span class='ocrx_word' id='word_1_152' title='bbox 1194 1380 1293 1439; x_wconf 89' lang='lat' dir='ltr'>quia</span> <span class='ocrx_word' id='word_1_153' title='bbox 1327 1380 1472 1423; x_wconf 85' lang='lat' dir='ltr'>edistis</span> 
     </span>
     <span class='ocr_line' id='line_1_19' title="bbox 92 1447 1472 1510; baseline 0.002 -20"><span class='ocrx_word' id='word_1_154' title='bbox 92 1466 112 1489; x_wconf 90' lang='lat'>»</span> <span class='ocrx_word' id='word_1_155' title='bbox 147 1447 202 1491; x_wconf 90' lang='lat' dir='ltr'>de</span> <span class='ocrx_word' id='word_1_156' title='bbox 225 1448 431 1507; x_wconf 80' lang='lat' dir='ltr'>panibus,</span> <span class='ocrx_word' id='word_1_157' title='bbox 457 1457 500 1491; x_wconf 87' lang='lat' dir='ltr'>et</span> <span class='ocrx_word' id='word_1_158' title='bbox 522 1447 662 1491; x_wconf 81' lang='lat' dir='ltr'>satiati</span> <span class='ocrx_word' id='word_1_159' title='bbox 685 1448 783 1491; x_wconf 90' lang='lat' dir='ltr'>estis</span> <span class='ocrx_word' id='word_1_160' title='bbox 810 1467 819 1492; x_wconf 78' lang='grc' dir='ltr'>ε</span> <span class='ocrx_word' id='word_1_161' title='bbox 845 1449 1081 1508; x_wconf 85' lang='lat' dir='ltr'>operamini</span> <span class='ocrx_word' id='word_1_162' title='bbox 1104 1465 1193 1493; x_wconf 92' lang='lat' dir='ltr'>non</span> <span class='ocrx_word' id='word_1_163' title='bbox 1220 1450 1367 1493; x_wconf 90' lang='lat' dir='ltr'>cibum</span> <span class='ocrx_word' id='word_1_164' title='bbox 1396 1451 1472 1510; x_wconf 89' lang='lat' dir='ltr'>qui</span> 
     </span>
    </p>
   </div>
   <div class='ocr_carea' id='block_1_4' title="bbox 46 1520 1471 1579">
    <p class='ocr_par' dir='ltr' id='par_1_4' title="bbox 46 1520 1471 1579">
     <span class='ocr_line' id='line_1_20' title="bbox 46 1520 1471 1579; baseline 0.001 -17"><span class='ocrx_word' id='word_1_165' title='bbox 46 1576 49 1579; x_wconf 81' lang='lat'>.</span> <span class='ocrx_word' id='word_1_166' title='bbox 92 1537 112 1561; x_wconf 79' lang='grc'>&gt;&gt;</span> <span class='ocrx_word' id='word_1_167' title='bbox 147 1520 280 1578; x_wconf 77' lang='lat' dir='ltr'>perit,</span> <span class='ocrx_word' id='word_1_168' title='bbox 302 1520 377 1563; x_wconf 89' lang='lat' dir='ltr'>sed</span> <span class='ocrx_word' id='word_1_169' title='bbox 407 1520 482 1579; x_wconf 85' lang='lat' dir='ltr'>qui</span> <span class='ocrx_word' id='word_1_170' title='bbox 505 1529 728 1579; x_wconf 79' lang='lat' dir='ltr'>permanet</span> <span class='ocrx_word' id='word_1_171' title='bbox 755 1520 800 1562; x_wconf 92' lang='lat' dir='ltr'>in</span> <span class='ocrx_word' id='word_1_172' title='bbox 821 1520 954 1563; x_wconf 86' lang='lat' dir='ltr'>vitam</span> <span class='ocrx_word' id='word_1_173' title='bbox 977 1529 1184 1564; x_wconf 79' lang='lat' dir='ltr'>aeternam</span> <span class='ocrx_word' id='word_1_174' title='bbox 1211 1539 1219 1565; x_wconf 88' lang='lat'>:</span> <span class='ocrx_word' id='word_1_175' title='bbox 1247 1539 1266 1561; x_wconf 90' lang='lat'>»</span> <span class='ocrx_word' id='word_1_176' title='bbox 1301 1530 1343 1564; x_wconf 88' lang='lat' dir='ltr'>et</span> <span class='ocrx_word' id='word_1_177' title='bbox 1369 1521 1471 1564; x_wconf 88' lang='lat' dir='ltr'>inde</span> 
     </span>
    </p>
   </div>
   <div class='ocr_carea' id='block_1_5' title="bbox 84 1589 1480 2631">
    <p class='ocr_par' dir='ltr' id='par_1_5' title="bbox 84 1589 1471 2000">
     <span class='ocr_line' id='line_1_21' title="bbox 84 1589 1471 1649; baseline 0.001 -17"><span class='ocrx_word' id='word_1_178' title='bbox 84 1591 174 1649; x_wconf 82' lang='lat' dir='ltr'>jam</span> <span class='ocrx_word' id='word_1_179' title='bbox 193 1589 293 1633; x_wconf 83' lang='lat' dir='ltr'>talia</span> <span class='ocrx_word' id='word_1_180' title='bbox 315 1590 551 1633; x_wconf 89' lang='lat' dir='ltr'>diutissime</span> <span class='ocrx_word' id='word_1_181' title='bbox 574 1599 704 1649; x_wconf 83' lang='lat' dir='ltr'>atque</span> <span class='ocrx_word' id='word_1_182' title='bbox 727 1589 1020 1633; x_wconf 85' lang='lat' dir='ltr'>excelsissime.</span> <span class='ocrx_word' id='word_1_183' title='bbox 1041 1594 1162 1634; x_wconf 90' lang='lat' dir='ltr'>Tunc</span> <span class='ocrx_word' id='word_1_184' title='bbox 1181 1590 1235 1633; x_wconf 85' lang='lat' dir='ltr'>ab</span> <span class='ocrx_word' id='word_1_185' title='bbox 1253 1590 1332 1634; x_wconf 87' lang='lat' dir='ltr'>ista</span> <span class='ocrx_word' id='word_1_186' title='bbox 1350 1590 1471 1634; x_wconf 84' lang='lat' dir='ltr'>verbi</span> 
     </span>
     <span class='ocr_line' id='line_1_22' title="bbox 85 1659 1470 1719; baseline 0.001 -17"><span class='ocrx_word' id='word_1_187' title='bbox 85 1659 336 1703; x_wconf 78' lang='lat' dir='ltr'>celsitudine</span> <span class='ocrx_word' id='word_1_188' title='bbox 358 1659 623 1714; x_wconf 78' lang='lat' dir='ltr'>ceciderunt,</span> <span class='ocrx_word' id='word_1_189' title='bbox 649 1660 724 1718; x_wconf 84' lang='lat' dir='ltr'>qui</span> <span class='ocrx_word' id='word_1_190' title='bbox 747 1669 844 1718; x_wconf 89' lang='lat' dir='ltr'>post</span> <span class='ocrx_word' id='word_1_191' title='bbox 861 1675 959 1703; x_wconf 88' lang='lat' dir='ltr'>cum</span> <span class='ocrx_word' id='word_1_192' title='bbox 983 1660 1186 1719; x_wconf 88' lang='lat' dir='ltr'>deinceps</span> <span class='ocrx_word' id='word_1_193' title='bbox 1208 1676 1296 1704; x_wconf 91' lang='lat' dir='ltr'>non</span> <span class='ocrx_word' id='word_1_194' title='bbox 1312 1660 1470 1704; x_wconf 86' lang='lat' dir='ltr'>ambu-</span> 
     </span>
     <span class='ocr_line' id='line_1_23' title="bbox 89 1730 1467 1790; baseline 0.001 -17"><span class='ocrx_word' id='word_1_195' title='bbox 89 1730 318 1787; x_wconf 75' lang='lat' dir='ltr'>laverunt3</span> <span class='ocrx_word' id='word_1_196' title='bbox 338 1731 409 1774; x_wconf 91' lang='lat' dir='ltr'>cui</span> <span class='ocrx_word' id='word_1_197' title='bbox 430 1746 530 1774; x_wconf 81' lang='lat' dir='ltr'>sane</span> <span class='ocrx_word' id='word_1_198' title='bbox 546 1731 828 1785; x_wconf 81' lang='lat' dir='ltr'>inhaeserunt,</span> <span class='ocrx_word' id='word_1_199' title='bbox 848 1731 923 1789; x_wconf 87' lang='lat' dir='ltr'>qui</span> <span class='ocrx_word' id='word_1_200' title='bbox 945 1740 1183 1789; x_wconf 83' lang='lat' dir='ltr'>potuerunt</span> <span class='ocrx_word' id='word_1_201' title='bbox 1199 1731 1439 1790; x_wconf 80' lang='lat' dir='ltr'>intelligere</span> <span class='ocrx_word' id='word_1_202' title='bbox 1459 1751 1467 1776; x_wconf 95' lang='lat'>:</span> 
     </span>
     <span class='ocr_line' id='line_1_24' title="bbox 92 1800 1466 1860; baseline 0.001 -19"><span class='ocrx_word' id='word_1_203' title='bbox 92 1819 112 1842; x_wconf 86' lang='lat'>»</span> <span class='ocrx_word' id='word_1_204' title='bbox 151 1801 334 1860; x_wconf 87' lang='lat' dir='ltr'>Spiritus</span> <span class='ocrx_word' id='word_1_205' title='bbox 367 1810 430 1844; x_wconf 89' lang='lat' dir='ltr'>est</span> <span class='ocrx_word' id='word_1_206' title='bbox 451 1801 527 1860; x_wconf 87' lang='lat' dir='ltr'>qui</span> <span class='ocrx_word' id='word_1_207' title='bbox 559 1800 770 1855; x_wconf 83' lang='lat' dir='ltr'>vivificat,</span> <span class='ocrx_word' id='word_1_208' title='bbox 787 1817 886 1844; x_wconf 86' lang='lat' dir='ltr'>caro</span> <span class='ocrx_word' id='word_1_209' title='bbox 907 1810 1051 1844; x_wconf 86' lang='lat' dir='ltr'>autem</span> <span class='ocrx_word' id='word_1_210' title='bbox 1071 1801 1178 1844; x_wconf 91' lang='lat' dir='ltr'>nihil</span> <span class='ocrx_word' id='word_1_211' title='bbox 1200 1801 1375 1860; x_wconf 85' lang='lat' dir='ltr'>prodest</span> <span class='ocrx_word' id='word_1_212' title='bbox 1399 1805 1431 1857; x_wconf 72' lang='lat'>²³,</span> <span class='ocrx_word' id='word_1_213' title='bbox 1445 1821 1466 1843; x_wconf 62' lang='lat'>³)</span> 
     </span>
     <span class='ocr_line' id='line_1_25' title="bbox 90 1871 1470 1932; baseline 0.001 -18"><span class='ocrx_word' id='word_1_214' title='bbox 90 1872 192 1930; x_wconf 84' lang='lat' dir='ltr'>quia</span> <span class='ocrx_word' id='word_1_215' title='bbox 213 1871 365 1930; x_wconf 88' lang='lat' dir='ltr'>utique</span> <span class='ocrx_word' id='word_1_216' title='bbox 394 1880 437 1915; x_wconf 87' lang='lat' dir='ltr'>et</span> <span class='ocrx_word' id='word_1_217' title='bbox 454 1887 531 1930; x_wconf 89' lang='lat' dir='ltr'>per</span> <span class='ocrx_word' id='word_1_218' title='bbox 555 1887 729 1914; x_wconf 86' lang='lat' dir='ltr'>carnem</span> <span class='ocrx_word' id='word_1_219' title='bbox 758 1871 930 1930; x_wconf 87' lang='lat' dir='ltr'>spiritus</span> <span class='ocrx_word' id='word_1_220' title='bbox 959 1871 1156 1931; x_wconf 79' lang='lat' dir='ltr'>prodest3</span> <span class='ocrx_word' id='word_1_221' title='bbox 1181 1881 1224 1915; x_wconf 90' lang='lat' dir='ltr'>et</span> <span class='ocrx_word' id='word_1_222' title='bbox 1245 1872 1360 1916; x_wconf 88' lang='lat' dir='ltr'>solus</span> <span class='ocrx_word' id='word_1_223' title='bbox 1382 1873 1470 1932; x_wconf 91' lang='lat' dir='ltr'>spi-</span> 
     </span>
     <span class='ocr_line' id='line_1_26' title="bbox 90 1941 1330 2000; baseline 0.002 -16"><span class='ocrx_word' id='word_1_224' title='bbox 90 1941 197 1985; x_wconf 85' lang='lat' dir='ltr'>ritus</span> <span class='ocrx_word' id='word_1_225' title='bbox 217 1941 391 2000; x_wconf 82' lang='lat' dir='ltr'>prodest</span> <span class='ocrx_word' id='word_1_226' title='bbox 409 1962 419 1998; x_wconf 79' lang='lat'>3</span> <span class='ocrx_word' id='word_1_227' title='bbox 443 1957 542 1985; x_wconf 85' lang='lat' dir='ltr'>caro</span> <span class='ocrx_word' id='word_1_228' title='bbox 560 1950 704 1985; x_wconf 89' lang='lat' dir='ltr'>autem</span> <span class='ocrx_word' id='word_1_229' title='bbox 728 1941 818 1984; x_wconf 89' lang='lat' dir='ltr'>sine</span> <span class='ocrx_word' id='word_1_230' title='bbox 839 1941 991 2000; x_wconf 87' lang='lat' dir='ltr'>spiritu</span> <span class='ocrx_word' id='word_1_231' title='bbox 1012 1941 1122 1984; x_wconf 88' lang='lat' dir='ltr'>nihil</span> <span class='ocrx_word' id='word_1_232' title='bbox 1141 1941 1330 2000; x_wconf 91' lang='lat' dir='ltr'>prodest.</span> 
     </span>
    </p>

    <p class='ocr_par' dir='ltr' id='par_1_6' title="bbox 92 2011 1480 2631">
     <span class='ocr_line' id='line_1_27' title="bbox 148 2011 1472 2070; baseline 0.001 -15"><span class='ocrx_word' id='word_1_233' title='bbox 148 2015 272 2055; x_wconf 80' lang='lat' dir='ltr'><strong>XVI.</strong></span> <span class='ocrx_word' id='word_1_234' title='bbox 298 2012 462 2055; x_wconf 90' lang='lat' dir='ltr'>Deinde</span> <span class='ocrx_word' id='word_1_235' title='bbox 484 2012 570 2055; x_wconf 88' lang='lat' dir='ltr'>suis</span> <span class='ocrx_word' id='word_1_236' title='bbox 590 2011 816 2067; x_wconf 81' lang='lat' dir='ltr'>fratribus,</span> <span class='ocrx_word' id='word_1_237' title='bbox 840 2012 885 2055; x_wconf 93' lang='lat' dir='ltr'>id</span> <span class='ocrx_word' id='word_1_238' title='bbox 907 2021 986 2067; x_wconf 82' lang='lat' dir='ltr'>est,</span> <span class='ocrx_word' id='word_1_239' title='bbox 1012 2012 1206 2070; x_wconf 78' lang='lat' dir='ltr'>cognatis</span> <span class='ocrx_word' id='word_1_240' title='bbox 1229 2013 1366 2057; x_wconf 88' lang='lat' dir='ltr'>carnis</span> <span class='ocrx_word' id='word_1_241' title='bbox 1383 2029 1472 2056; x_wconf 80' lang='lat' dir='ltr'>suae</span> 
     </span>
     <span class='ocr_line' id='line_1_28' title="bbox 92 2080 1474 2142; baseline 0.001 -18"><span class='ocrx_word' id='word_1_242' title='bbox 92 2082 418 2138; x_wconf 82' lang='lat' dir='ltr'>suggerentibus</span> <span class='ocrx_word' id='word_1_243' title='bbox 451 2091 501 2125; x_wconf 91' lang='lat' dir='ltr'>ut</span> <span class='ocrx_word' id='word_1_244' title='bbox 539 2081 742 2125; x_wconf 84' lang='lat' dir='ltr'>ascendat</span> <span class='ocrx_word' id='word_1_245' title='bbox 774 2081 829 2125; x_wconf 87' lang='lat' dir='ltr'>ad</span> <span class='ocrx_word' id='word_1_246' title='bbox 859 2081 973 2125; x_wconf 92' lang='lat' dir='ltr'>diem</span> <span class='ocrx_word' id='word_1_247' title='bbox 1004 2080 1187 2137; x_wconf 87' lang='lat' dir='ltr'>festum,</span> <span class='ocrx_word' id='word_1_248' title='bbox 1224 2098 1312 2141; x_wconf 91' lang='lat' dir='ltr'>quo</span> <span class='ocrx_word' id='word_1_249' title='bbox 1342 2083 1474 2142; x_wconf 91' lang='lat' dir='ltr'>possit</span> 
     </span>
     <span class='ocr_line' id='line_1_29' title="bbox 92 2146 1472 2212; baseline 0.002 -18"><span class='ocrx_word' id='word_1_250' title='bbox 92 2153 361 2196; x_wconf 87' lang='lat' dir='ltr'>innotescere</span> <span class='ocrx_word' id='word_1_251' title='bbox 396 2151 668 2196; x_wconf 88' lang='lat' dir='ltr'>multitudini</span> <span class='ocrx_word' id='word_1_252' title='bbox 697 2171 706 2196; x_wconf 77' lang='lat' dir='ltr'>t</span> <span class='ocrx_word' id='word_1_253' title='bbox 743 2161 906 2212; x_wconf 84' lang='lat' dir='ltr'>quanta</span> <span class='ocrx_word' id='word_1_254' title='bbox 944 2146 1174 2195; x_wconf 74' lang='lat' dir='ltr'>altitudine</span> <span class='ocrx_word' id='word_1_255' title='bbox 1206 2153 1429 2211; x_wconf 86' lang='lat' dir='ltr'>respondit</span> <span class='ocrx_word' id='word_1_256' title='bbox 1462 2171 1472 2197; x_wconf 77' lang='lat' dir='ltr'><em>z</em></span> 
     </span>
     <span class='ocr_line' id='line_1_30' title="bbox 98 2222 1477 2282; baseline 0.001 -17"><span class='ocrx_word' id='word_1_257' title='bbox 98 2242 119 2265; x_wconf 87' lang='lat'>«</span> <span class='ocrx_word' id='word_1_258' title='bbox 155 2225 341 2282; x_wconf 87' lang='lat' dir='ltr'>Tempus</span> <span class='ocrx_word' id='word_1_259' title='bbox 372 2238 518 2266; x_wconf 88' lang='lat' dir='ltr'>meum</span> <span class='ocrx_word' id='word_1_260' title='bbox 547 2222 742 2266; x_wconf 90' lang='lat' dir='ltr'>nondum</span> <span class='ocrx_word' id='word_1_261' title='bbox 769 2222 966 2277; x_wconf 81' lang='lat' dir='ltr'>advenit,</span> <span class='ocrx_word' id='word_1_262' title='bbox 1003 2231 1174 2281; x_wconf 89' lang='lat' dir='ltr'>tempus</span> <span class='ocrx_word' id='word_1_263' title='bbox 1202 2232 1347 2266; x_wconf 88' lang='lat' dir='ltr'>autem</span> <span class='ocrx_word' id='word_1_264' title='bbox 1379 2238 1477 2268; x_wconf 91' lang='lat' dir='ltr'>ves-</span> 
     </span>
     <span class='ocr_line' id='line_1_31' title="bbox 97 2293 1474 2352; baseline 0.001 -17"><span class='ocrx_word' id='word_1_265' title='bbox 97 2311 117 2334; x_wconf 91' lang='lat'>»</span> <span class='ocrx_word' id='word_1_266' title='bbox 153 2301 268 2336; x_wconf 91' lang='lat' dir='ltr'>trum</span> <span class='ocrx_word' id='word_1_267' title='bbox 302 2308 470 2352; x_wconf 89' lang='lat' dir='ltr'>semper</span> <span class='ocrx_word' id='word_1_268' title='bbox 492 2302 555 2336; x_wconf 89' lang='lat' dir='ltr'>est</span> <span class='ocrx_word' id='word_1_269' title='bbox 577 2301 776 2352; x_wconf 86' lang='lat' dir='ltr'>paratum</span> <span class='ocrx_word' id='word_1_270' title='bbox 805 2312 813 2337; x_wconf 87' lang='lat'><strong>:</strong></span> <span class='ocrx_word' id='word_1_271' title='bbox 841 2309 930 2337; x_wconf 92' lang='lat' dir='ltr'>non</span> <span class='ocrx_word' id='word_1_272' title='bbox 953 2302 1091 2352; x_wconf 87' lang='lat' dir='ltr'>potest</span> <span class='ocrx_word' id='word_1_273' title='bbox 1124 2293 1314 2337; x_wconf 91' lang='lat' dir='ltr'>mundus</span> <span class='ocrx_word' id='word_1_274' title='bbox 1337 2294 1474 2338; x_wconf 88' lang='lat' dir='ltr'>odisse</span> 
     </span>
     <span class='ocr_line' id='line_1_32' title="bbox 99 2364 1477 2424; baseline 0.003 -19"><span class='ocrx_word' id='word_1_275' title='bbox 99 2382 119 2405; x_wconf 88' lang='lat'>»</span> <span class='ocrx_word' id='word_1_276' title='bbox 153 2379 244 2418; x_wconf 85' lang='lat' dir='ltr'>vos,</span> <span class='ocrx_word' id='word_1_277' title='bbox 270 2379 340 2407; x_wconf 89' lang='lat' dir='ltr'>me</span> <span class='ocrx_word' id='word_1_278' title='bbox 360 2373 506 2408; x_wconf 87' lang='lat' dir='ltr'>autem</span> <span class='ocrx_word' id='word_1_279' title='bbox 524 2364 638 2419; x_wconf 90' lang='lat' dir='ltr'>odit,</span> <span class='ocrx_word' id='word_1_280' title='bbox 663 2365 763 2424; x_wconf 91' lang='lat' dir='ltr'>quia</span> <span class='ocrx_word' id='word_1_281' title='bbox 786 2380 866 2423; x_wconf 83' lang='lat' dir='ltr'>ego</span> <span class='ocrx_word' id='word_1_282' title='bbox 883 2364 1177 2408; x_wconf 90' lang='lat' dir='ltr'>testimonium</span> <span class='ocrx_word' id='word_1_283' title='bbox 1195 2364 1404 2423; x_wconf 86' lang='lat' dir='ltr'>perhibeo</span> <span class='ocrx_word' id='word_1_284' title='bbox 1421 2365 1477 2409; x_wconf 88' lang='lat' dir='ltr'>de</span> 
     </span>
     <span class='ocr_line' id='line_1_33' title="bbox 102 2432 1480 2493; baseline 0.004 -19"><span class='ocrx_word' id='word_1_285' title='bbox 102 2454 118 2475; x_wconf 88' lang='lat'>»</span> <span class='ocrx_word' id='word_1_286' title='bbox 156 2432 247 2487; x_wconf 86' lang='lat' dir='ltr'>illo,</span> <span class='ocrx_word' id='word_1_287' title='bbox 274 2434 375 2493; x_wconf 86' lang='lat' dir='ltr'>quia</span> <span class='ocrx_word' id='word_1_288' title='bbox 398 2449 527 2493; x_wconf 86' lang='lat' dir='ltr'>opera</span> <span class='ocrx_word' id='word_1_289' title='bbox 545 2435 635 2493; x_wconf 84' lang='lat' dir='ltr'>ejus</span> <span class='ocrx_word' id='word_1_290' title='bbox 647 2434 758 2478; x_wconf 84' lang='lat' dir='ltr'>mala</span> <span class='ocrx_word' id='word_1_291' title='bbox 774 2443 889 2477; x_wconf 91' lang='lat' dir='ltr'>sunt.</span> <span class='ocrx_word' id='word_1_292' title='bbox 919 2452 938 2475; x_wconf 88' lang='lat'>»</span> <span class='ocrx_word' id='word_1_293' title='bbox 966 2437 1058 2479; x_wconf 94' lang='lat' dir='ltr'>Hoc</span> <span class='ocrx_word' id='word_1_294' title='bbox 1082 2444 1144 2478; x_wconf 92' lang='lat' dir='ltr'>est</span> <span class='ocrx_word' id='word_1_295' title='bbox 1166 2450 1284 2493; x_wconf 83' lang='lat' dir='ltr'>ergo,</span> <span class='ocrx_word' id='word_1_296' title='bbox 1314 2454 1333 2477; x_wconf 94' lang='lat'>«</span> <span class='ocrx_word' id='word_1_297' title='bbox 1356 2438 1480 2479; x_wconf 89' lang='lat' dir='ltr'>Tem-</span> 
     </span>
     <span class='ocr_line' id='line_1_34' title="bbox 156 2505 1478 2565; baseline 0.002 -18"><span class='ocrx_word' id='word_1_298' title='bbox 156 2520 236 2564; x_wconf 88' lang='lat' dir='ltr'>pus</span> <span class='ocrx_word' id='word_1_299' title='bbox 257 2513 448 2549; x_wconf 85' lang='lat' dir='ltr'>vestrum</span> <span class='ocrx_word' id='word_1_300' title='bbox 481 2519 650 2563; x_wconf 86' lang='lat' dir='ltr'>semper</span> <span class='ocrx_word' id='word_1_301' title='bbox 680 2514 742 2548; x_wconf 88' lang='lat' dir='ltr'>est</span> <span class='ocrx_word' id='word_1_302' title='bbox 775 2514 975 2564; x_wconf 84' lang='lat' dir='ltr'>paratum</span> <span class='ocrx_word' id='word_1_303' title='bbox 999 2506 1039 2560; x_wconf 77' lang='lat'>⁴,</span> <span class='ocrx_word' id='word_1_304' title='bbox 1068 2524 1088 2546; x_wconf 90' lang='lat'>»</span> <span class='ocrx_word' id='word_1_305' title='bbox 1122 2506 1223 2565; x_wconf 86' lang='lat' dir='ltr'>quia</span> <span class='ocrx_word' id='word_1_306' title='bbox 1254 2520 1329 2550; x_wconf 91' lang='lat' dir='ltr'>vos</span> <span class='ocrx_word' id='word_1_307' title='bbox 1361 2505 1478 2550; x_wconf 91' lang='lat' dir='ltr'>diem</span> 
     </span>
     <span class='ocr_line' id='line_1_35' title="bbox 148 2587 1409 2631; baseline 0.002 -11"><span class='ocrx_word' id='word_1_308' title='bbox 148 2594 157 2611; x_wconf 87' lang='lat'>¹</span> <span class='ocrx_word' id='word_1_309' title='bbox 177 2590 270 2622; x_wconf 73' lang='lat' dir='ltr'>Ioan.</span> <span class='ocrx_word' id='word_1_310' title='bbox 287 2599 374 2631; x_wconf 82' lang='lat' dir='ltr'>xvm,</span> <span class='ocrx_word' id='word_1_311' title='bbox 391 2589 444 2622; x_wconf 83' lang='lat'>36.</span> <span class='ocrx_word' id='word_1_312' title='bbox 466 2600 506 2612; x_wconf 80' lang='lat'><em>·-·-</em></span> <span class='ocrx_word' id='word_1_313' title='bbox 533 2589 610 2621; x_wconf 80' lang='lat' dir='ltr'>¹1d.</span> <span class='ocrx_word' id='word_1_314' title='bbox 633 2598 677 2630; x_wconf 81' lang='lat' dir='ltr'>vi,</span> <span class='ocrx_word' id='word_1_315' title='bbox 701 2588 750 2622; x_wconf 83' lang='lat'>16.</span> <span class='ocrx_word' id='word_1_316' title='bbox 772 2605 814 2611; x_wconf 95' lang='lat'>—</span> <span class='ocrx_word' id='word_1_317' title='bbox 834 2587 944 2621; x_wconf 80' lang='lat' dir='ltr'>³1bid.</span> <span class='ocrx_word' id='word_1_318' title='bbox 964 2588 1081 2630; x_wconf 62' lang='lat'>26-64.</span> <span class='ocrx_word' id='word_1_319' title='bbox 1104 2605 1144 2612; x_wconf 89' lang='lat'>--</span> <span class='ocrx_word' id='word_1_320' title='bbox 1159 2588 1175 2619; x_wconf 69' lang='grc'><em>4</em></span> <span class='ocrx_word' id='word_1_321' title='bbox 1190 2590 1237 2621; x_wconf 87' lang='lat' dir='ltr'>ld.</span> <span class='ocrx_word' id='word_1_322' title='bbox 1255 2601 1310 2631; x_wconf 82' lang='lat' dir='ltr'>vn,</span> <span class='ocrx_word' id='word_1_323' title='bbox 1330 2590 1364 2631; x_wconf 86' lang='lat'>6,</span> <span class='ocrx_word' id='word_1_324' title='bbox 1380 2601 1409 2631; x_wconf 92' lang='lat'>7.</span> 
     </span>
    </p>
   </div>
   <div class='ocr_carea' id='block_1_6' title="bbox 100 2523 110 2546">
    <p class='ocr_par' dir='ltr' id='par_1_7' title="bbox 100 2523 110 2546">
     <span class='ocr_line' id='line_1_36' title="bbox 100 2523 110 2546; baseline 0 0"><span class='ocrx_word' id='word_1_325' title='bbox 100 2523 110 2546; x_wconf 89' lang='lat'>)</span> 
     </span>
    </p>
   </div>
   <div class='ocr_carea' id='block_1_7' title="bbox 111 2523 120 2546">
    <p class='ocr_par' dir='ltr' id='par_1_8' title="bbox 111 2523 120 2546">
     <span class='ocr_line' id='line_1_37' title="bbox 111 2523 120 2546; textangle 90"><span class='ocrx_word' id='word_1_326' title='bbox 111 2523 120 2546; x_wconf 58' lang='lat' dir='ltr'>v</span> 
     </span>
    </p>
   </div>
  </div>
 </body>
</html>
