1819 3301
328 251 611 287 QUAESTIONUM
644 247 1004 288 EVANGELIORUM‚
1039 250 1121 276 Lm.
1158 251 1188 275 1.
1361 239 1444 278 303

67 315 216 359 lumen
232 314 361 360 vultis
380 316 444 359 tui
461 350 472 370 ,
494 315 675 359 Domine
694 317 722 358 1.
745 318 801 359 Et
820 315 921 374 quia
943 314 1165 374 eloquium
1189 314 1363 357 Domini
1385 331 1450 358 ar-

68 395 245 442 gentum
269 395 331 429 est
347 389 364 412 ²
383 421 393 440 ,
409 385 472 429 illi
494 394 639 429 autem
662 386 790 429 etiam
811 385 946 444 ipsam
963 384 1104 442 legem
1127 383 1354 428 carnaliter
1378 385 1450 428 in-
1494 379 1497 381 ’

67 454 328 499 tellexerunt
349 490 360 509 ‚
404 464 611 515 tanquam
646 456 692 499 in
733 464 912 513 argento
948 455 1198 514 impressam
1234 453 1450 499 saecularis

65 525 331 585 principatus
348 525 580 583 imaginem
605 525 757 570 amisso
780 525 965 570 Domino
988 533 1240 569 tenuerunt.

567 685 801 735 QUAEsrlo
834 687 952 724 xm.

128 833 250 881 Quor>
272 829 481 872 Dominus
504 829 606 873 dicit
634 849 641 873 :
673 848 692 870 α
715 829 797 874 Ubi
818 829 949 873 fuerit
972 845 1127 889 corpus
1143 865 1153 884 ‚
1180 829 1254 874 illo
1277 845 1454 888 congre-

73 917 92 939 n
130 900 349 957 gabuntur
371 898 526 959 aquilae
543 902 574 954 3,
590 918 609 939 n
632 899 674 943 id
695 909 772 953 est,
798 900 842 943 in
860 899 1022 943 coelum
1041 935 1051 955 ‚
1077 916 1164 960 quo
1183 900 1285 944 hinc
1306 915 1453 944 secum

69 969 228 1013 levavit
250 986 405 1029 corpus
434 971 478 1013 in
502 971 678 1014 homine
706 980 905 1029 suscepto
937 990 945 1014 ε
973 972 1091 1031 quod
1122 971 1247 1014 etiam
1272 971 1454 1015 cadaver

68 1039 166 1083 ideo
197 1039 461 1099 appellatum
497 1051 587 1094 est,
624 1042 724 1100 quia
757 1041 990 1084 moriturus
1012 1040 1289 1101 loquebatur.
1320 1042 1339 1082 ἒ(
1373 1041 1453 1086 1110

73 1129 92 1151 »
128 1112 513 1169 congregabuntur
542 1111 720 1171 aquilae,
750 1129 769 1151 »
796 1111 961 1155 dictum
990 1122 1053 1155 est
1075 1113 1129 1155 de
1157 1111 1420 1171 spiritalibus
1438 1148 1449 1167 ‚

70 1181 145 1239 qui
179 1182 269 1238 ejus
296 1182 536 1240 passionem
559 1181 939 1240 humilitatemque
975 1181 1185 1226 imitando
1207 1203 1217 1239 3
1242 1191 1453 1241 tanquam

71 1250 126 1294 de
148 1252 236 1310 ejus
262 1267 442 1311 corpore
475 1261 738 1296 saturantur.
765 1253 933 1310 Corpus
957 1252 1071 1296 enim
1095 1261 1272 1312 propter
1303 1252 1453 1297 humi-

70 1320 233 1365 litatem
254 1337 333 1381 pro
354 1322 480 1367 nobis
497 1322 826 1382 passionemque
846 1322 1047 1382 suscepit.

570 1484 804 1533 QUAEsrio
837 1486 972 1523 XLIII.

131 1627 256 1677 Qnon
280 1625 488 1667 Dominus
519 1623 623 1668 dicit
658 1625 738 1667 sub
761 1634 932 1683 tempus
955 1626 1161 1684 passionis
1187 1626 1415 1686 Discipulis
1444 1647 1453 1672 ;

79 1713 97 1734 «
133 1696 229 1738 Non
252 1694 398 1737 bibam
419 1694 574 1737 amodo
590 1693 644 1737 de
660 1695 743 1738 hoc
763 1694 977 1753 genimine
1000 1696 1096 1739 vitis
1118 1712 1255 1756 usque
1277 1698 1322 1739 in
1342 1698 1457 1741 diem

80 1782 99 1804 »
134 1763 280 1818 illum,
306 1778 406 1808 cum
423 1763 534 1806 illud
557 1763 704 1806 bibam
725 1763 950 1808 vobiscum
973 1780 1134 1808 novum
1162 1767 1205 1809 in
1229 1781 1360 1823 regno
1383 1771 1460 1810 Pa-

80 1853 99 1875 »
136 1835 210 1877 tris
245 1834 380 1889 mei4,
409 1852 429 1874 η
466 1833 562 1877 vult
589 1833 774 1892 intelligi
806 1835 887 1878 hoc
914 1844 1038 1879 vetus
1070 1851 1182 1889 esse,
1219 1852 1320 1880 cum
1349 1835 1460 1880 illud

78 1919 240 1947 novum
273 1903 392 1947 dicit.
435 1903 542 1956 Quia
575 1919 676 1961 ergo
708 1903 762 1946 de
802 1905 1036 1962 propagine
1074 1905 1210 1949 Adam
1240 1906 1315 1966 qui
1338 1917 1460 1950 vetus

79 1975 211 2018 homo
241 1973 508 2033 appellatur,
541 1989 697 2032 corpus
729 1984 1002 2033 susceperat,
1039 1976 1159 2035 quod
1191 1976 1236 2019 in
1268 1977 1462 2035 passione

81 2044 210 2087 morti
234 2043 468 2087 traditurus
491 2053 605 2098 erat,
630 2044 771 2101 (unde
789 2046 917 2087 etiam
940 2060 1016 2104 per
1038 2045 1126 2088 vini
1146 2057 1463 2090 sacramentum

83 2114 358 2158 commendat
374 2114 626 2171 sanguinem
645 2129 771 2157 suum
788 2149 798 2169 ,
815 2116 830 2171 )
848 2114 954 2174 quid
969 2114 1088 2159 aliud
1110 2132 1273 2160 novum
1294 2117 1462 2173 vinum,

85 2184 166 2227 nisi
200 2182 567 2227 immortalitatem
612 2192 916 2227 renovatorum
958 2200 1188 2244 corporum
1226 2186 1466 2244 intelligere

87 2254 330 2298 debemus?
353 2255 472 2313 quod
492 2269 590 2297 cum
617 2253 722 2297 dicit
747 2274 755 2297 .·
786 2274 804 2296 «
835 2253 1069 2298 Vobiscum
1094 2256 1263 2310 bibam,
1294 2274 1312 2296 »
1336 2257 1466 2299 etiam

88 2324 187 2383 ipsis
212 2323 567 2367 resurrectionem
590 2339 820 2382 corporum
844 2324 898 2367 ad
920 2324 1186 2368 induendam
1210 2327 1469 2370 immortali-

91 2403 219 2437 tatem
239 2394 467 2452 promittit.
496 2412 514 2434 «
540 2394 774 2437 Vobiscum
797 2395 909 2437 enim
934 2410 1022 2438 non
1045 2395 1099 2438 ad
1127 2395 1242 2439 idem
1264 2406 1434 2455 ternpus
1455 2432 1466 2450 ‚

93 2466 166 2508 sed
198 2464 252 2507 ad
285 2464 480 2508 eamdem
513 2465 836 2509 innovationem
865 2465 1029 2508 dictum
1053 2466 1352 2525 accipiendum
1389 2477 1467 2512 est.

144 2578 150 2592 ¹
175 2571 250 2602 psal,
274 2581 316 2609 iv,
332 2582 361 2611 7.
380 2588 416 2592 —-
439 2579 448 2592 ⁷
464 2572 509 2602 121.
532 2583 574 2611 xi,
596 2582 624 2612 7.
653 2571 842 2603 --3n10t111
879 2583 961 2611 μιν,
978 2574 1030 2603 (08.
1054 2572 1176 2605 -41ἀ
1211 2584 1366 2616 xxv1‚'29.
