1819 3301
325 242 408 281 208
751 252 784 281 s.
823 253 1052 282 AUGUSTINI
1086 254 1268 282 muscom

325 336 346 359 »
382 327 502 374 tum,
535 318 609 364 sed
639 319 811 380 inquiro
841 321 1062 364 fructum¹
1093 335 1101 360 ι
1139 337 1158 361 »
1194 319 1240 363 id
1269 329 1356 376 est,
1401 320 1529 373 Quod
1561 337 1711 382 quaero

322 388 474 434 datum
501 399 693 435 vestrum
710 427 720 447 ,
750 407 838 435 non
865 391 947 435 hoc
976 406 1150 451 quaero,
1180 391 1256 435 sed
1284 391 1479 436 fructum
1499 402 1707 437 vestrum.

322 461 416 504 Hoc
436 460 552 504 enim
573 461 734 506 indicio
754 476 960 520 apparere
982 470 1166 521 poterat,
1192 470 1407 522 quantum
1430 460 1712 521 profecissent

321 530 366 574 in
400 534 537 576 Deum
556 567 566 587 ,
593 546 693 575 eum
715 531 761 575 id
782 531 972 575 libenter
1001 532 1237 587 offerrent,
1272 531 1393 593 quod
1416 548 1506 578 non
1534 541 1712 593 propter

321 602 529 660 gaudium
556 601 611 647 de
641 603 918 659 muneribus,
944 602 1020 648 sed
1039 613 1216 663 propter
1235 604 1588 649 communionem
1611 605 1714 650 cha-

321 673 458 717 ritatis
482 673 536 717 ab
554 672 614 717 eis
635 673 929 733 quaerebatur.

381 746 456 788 IV.
479 747 739 804 Quanquam
759 755 802 789 et
818 761 919 790 eum
943 744 1081 800 addit,
1098 754 1141 789 et
1161 744 1266 789 dicit
1290 763 1300 791 :
1330 763 1348 786 «
1373 743 1584 805 Alioquin
1601 760 1712 790 mer-

324 833 343 855 »
378 813 528 858 cedem
552 830 642 860 non
658 815 874 859 hahebitis
892 814 1009 875 apud
1029 819 1199 859 Patrem
1223 824 1413 861 vestrum
1427 850 1437 870 ,
1464 817 1539 876 qui
1561 816 1606 860 in
1627 831 1710 860 coe·

322 902 343 926 »
378 884 429 929 lis
451 889 544 929 est‘2
561 920 572 941 ,
599 904 619 927 »
645 885 755 930 nihil
782 885 901 930 aliud
934 885 1230 942 demonstrat,
1262 886 1343 930 nisi
1381 885 1428 930 id
1460 902 1538 931 nos
1560 901 1710 931 cavere

320 966 547 1016 oportere,
583 973 638 1001 ne
660 958 898 1002 humanam
931 956 1108 1001 laudem
1136 973 1216 1017 pro
1246 966 1495 1002 nostrorum
1528 973 1710 1017 operum

320 1027 522 1073 mercede
550 1045 828 1090 quaeramus,
868 1029 914 1074 id
946 1040 1036 1086 est,
1077 1045 1126 1074 ea
1158 1045 1236 1075 nos
1269 1030 1418 1076 beatos
1451 1030 1564 1075 effici
1594 1029 1711 1074 arbi-

320 1109 500 1145 tremur.

323 1271 392 1289 ΜΜ
396 1269 1281 1288 mmmmmwmwwswvvvmwvswvwvvxwvumx
1285 1269 1638 1287 mmmmsm
1644 1269 1709 1287 vm

857 1418 1072 1468 CAPUT
1109 1421 1178 1467 ΙΙ.

381 1579 433 1622 V.
472 1595 492 1619 «
514 1579 617 1623 CUM
645 1591 747 1636 ergo
780 1576 884 1622 facis
906 1577 1251 1635 eleemosynam,
1276 1577 1444 1637 inquit,
1481 1576 1571 1621 noli
1601 1576 1708 1621 tuba

325 1666 346 1691 »
381 1663 535 1693 canere
554 1658 655 1694 ante
678 1659 745 1704 te,
766 1649 876 1693 sicut
898 1649 1141 1708 hypocritae
1166 1649 1333 1693 faciunt
1354 1649 1397 1692 in
1421 1648 1647 1707 synagogis
1666 1656 1708 1692 et

321 1738 343 1761 »
377 1720 422 1764 in
450 1721 556 1765 vicis
577 1756 587 1776 ,
618 1730 668 1765 ut
697 1720 993 1780 glorificentur
1029 1721 1082 1764 ab
1105 1720 1405 1764 hominibus³.
1431 1738 1450 1760 »
1484 1719 1603 1774 Noli,
1640 1719 1709 1762 in-

319 1792 416 1850 quit
435 1826 446 1846 ,
472 1791 530 1835 sic
554 1790 662 1835 velle
676 1791 946 1835 innotescere
966 1826 976 1846 ,
1003 1799 1052 1834 ut
1074 1791 1330 1850 hypocritae.
1348 1788 1627 1835 Manifestum
1646 1798 1710 1834 est

319 1870 466 1906 autem
483 1897 494 1917 ‚
531 1862 779 1921 hypocritas
816 1878 906 1906 non
934 1861 1055 1922 quod
1091 1861 1226 1906 oculis
1266 1860 1543 1921 praetendunt
1563 1861 1708 1905 homi-

318 1949 443 1989 num,
468 1933 514 1977 id
531 1933 661 1977 etiam
679 1933 809 1978 corde
831 1943 1009 1991 gestare.
1045 1935 1155 1977 Sunt
1174 1933 1288 1976 enim
1310 1933 1550 1992 hypocritae
1572 1934 1708 1977 simu«

321 2005 500 2060 latores,
537 2015 747 2065 tanquam
766 2005 1117 2065 pronuntiatores
1134 2020 1416 2064 personarum
1440 2004 1676 2048 alienarum
1694 2039 1704 2058 ‚

321 2076 433 2120 sicut
455 2076 500 2120 in
529 2075 747 2120 theatricis
771 2074 944 2119 fabulis.
967 2077 1064 2120 Non
1087 2076 1201 2119 enim
1224 2075 1300 2134 qui
1323 2075 1410 2133 agit
1427 2084 1568 2134 partes
1590 2078 1708 2133 Aga·

320 2147 565 2192 memnonis
585 2146 631 2191 in
662 2146 890 2206 tragoedia,
905 2146 1027 2190 verbi
1048 2147 1198 2204 gratia,
1223 2145 1312 2190 sive
1330 2145 1509 2205 alicujus
1532 2144 1707 2189 alterius

321 2218 375 2262 ad
411 2219 633 2263 historiam
665 2217 734 2262 vel
763 2217 956 2262 fabulam
985 2233 1083 2278 quae
1112 2217 1256 2276 agitur
1287 2216 1542 2275 pertinentis
1560 2252 1571 2271 ,
1607 2231 1708 2260 vere

319 2290 409 2348 ipse
436 2299 529 2347 est,
563 2290 639 2334 sed
665 2289 841 2334 simulat
873 2304 971 2333 eum
990 2325 1000 2344 ,
1035 2298 1077 2333 et
1110 2288 1339 2348 hypocrita
1371 2288 1543 2332 dieitur.
1573 2288 1641 2332 Sic
1662 2288 1705 2330 in

318 2361 526 2417 Ecclesia,
553 2362 623 2407 vel
644 2362 690 2405 in
713 2362 830 2405 omni
853 2361 938 2405 vita
953 2362 1158 2414 humana,
1178 2360 1372 2419 quisquis
1387 2375 1430 2403 se
1452 2359 1547 2403 vult
1568 2357 1706 2403 videri

318 2432 437 2491 quod
460 2448 549 2476 non
572 2442 635 2476 est
656 2467 666 2487 ,
698 2431 927 2490 hypocrita
951 2441 1028 2475 est.
1059 2430 1241 2475 Simulat
1267 2431 1381 2473 enim
1405 2431 1593 2490 justum,
1615 2444 1705 2472 non

317 2504 491 2549 exhibet
512 2526 522 2563 3
554 2505 655 2565 quia
687 2513 827 2549 totum
863 2502 1054 2548 fructum
1078 2503 1121 2547 in
1143 2502 1272 2547 laude
1300 2503 1526 2547 hominum
1551 2501 1699 2561 ponit,

365 2606 373 2624 ¹
392 2600 502 2644 Philip.
525 2612 636 2643 iv,17.
667 2618 706 2623 --
724 2608 735 2623 ²
754 2597 1232 2641 alattlx.v1,1.—³1bid.2.
