1819 3301
377 292 514 318 SEnMo
548 291 705 318 nomm
737 292 781 317 ιΝ
813 290 988 327 MONTE,
1023 291 1106 317 Lus.
1144 292 1190 317 11.
1383 281 1467 318 273

84 354 159 399 sed
196 355 430 400 ambitione
465 356 711 415 largiuntur
749 374 759 400 ;
796 365 839 400 et
871 354 998 400 multi
1026 363 1177 410 orant,
1213 354 1283 399 vel
1318 357 1464 414 potius

84 425 287 470 videntur
304 442 447 482 orare,
481 442 570 471 non
591 427 809 471 intuentes
828 429 964 470 Deum
980 462 990 482 ,
1009 425 1084 471 sed
1104 425 1355 470 hominibus
1372 427 1468 486 pla-

83 510 179 539 cere
206 496 428 555 cupientes
462 515 470 540 ε
496 505 539 540 et
576 495 701 539 multi
718 497 920 556 jejunant
939 532 949 552 ,
984 506 1027 541 et
1058 496 1300 540 mirabilem
1334 496 1471 541 absti-

82 566 275 610 nentiam
297 565 578 625 praetendunt
605 565 664 609 eis
684 600 695 620 ,
723 565 883 626 quibus
905 567 984 611 ista
1007 566 1199 611 diflicilia
1236 566 1467 622 videntur,

83 645 126 680 et
150 637 317 681 honore
346 636 476 695 digna
510 637 814 681 existimantur
839 656 848 682 ε
873 646 916 681 et
938 637 1239 697 hujuscemodi
1268 637 1377 682 dolis
1399 654 1471 683 eos

27 746 33 751 .
83 707 261 766 capiunt
283 742 294 762 ,
334 706 440 751 dum
477 707 597 751 aliud
636 716 856 751 ostentant
893 706 948 751 ad
983 706 1314 766 decipiendum,
1352 707 1472 754 aliud

82 787 261 822 exerunt
283 777 338 822 ad
358 777 700 837 depraedandum
727 776 796 821 vel
819 777 1170 822 interficiendum
1192 794 1263 823 eos
1288 779 1364 839 qui
1386 780 1469 824 sub

82 848 164 892 isto
188 848 346 892 vestitu
365 849 494 893 ovino
522 848 647 908 lupos
670 847 817 892 videre
844 864 934 892 non
954 859 1151 908 possunt.
1172 850 1228 893 Hi
1260 864 1360 907 ergo
1381 865 1471 895 non

82 928 185 963 sunt
217 917 385 964 fructus
419 919 474 963 de
513 920 674 980 quibus
705 920 906 978 cognosci
939 920 1137 964 arborem
1178 930 1342 965 monet.
1387 924 1473 965 Ista

82 989 199 1032 enim
221 1005 322 1033 cum
360 989 480 1034 bono
518 991 664 1035 animo
694 991 740 1034 in
762 989 944 1035 veritate
980 991 1118 1045 fiunt,
1153 992 1340 1050 propriae
1371 1000 1475 1036 sunt

84 1060 233 1105 ovium
249 1069 410 1118 vestes,
431 1076 530 1105 cum
549 1070 694 1105 autem
715 1060 831 1105 malo
852 1061 897 1104 in
919 1076 1079 1117 errore,
1096 1077 1186 1106 non
1204 1061 1327 1106 aliud
1345 1078 1476 1122 quam

81 1128 208 1189 lupos
230 1140 485 1189 contegunt.
514 1132 599 1176 Sed
620 1146 710 1175 non
731 1130 829 1174 ideo
847 1130 1012 1175 debent
1040 1147 1141 1176 oves
1175 1133 1314 1176 odisse
1341 1133 1475 1177 vesti-

82 1209 278 1244 mentum
302 1216 428 1244 suum
445 1236 455 1256 ,
481 1201 582 1261 quia
605 1200 863 1260 plerumque
886 1200 962 1244 illo
981 1216 1024 1244 se
1047 1201 1269 1246 occultant
1290 1202 1399 1261 lupi.

141 1272 342 1314 LXXXI.
369 1272 455 1324 Qui
476 1280 579 1315 sunt
600 1286 703 1330 ergo
726 1270 893 1315 fructus
916 1272 1272 1330 quibusinventis
1291 1287 1474 1329 cognos-

82 1356 230 1385 camus
268 1342 468 1385 arborem
512 1341 670 1386 malam
689 1377 700 1396 ,
742 1341 849 1386 dicit
891 1341 1123 1401 Apostolus
1144 1378 1154 1397 ,
1193 1362 1212 1383 «
1245 1342 1474 1388 Manifesta

84 1428 105 1452 »
142 1421 287 1455 autem
309 1420 411 1455 sunt
433 1427 563 1471 opera
586 1412 724 1455 carnis
746 1446 757 1466 ,
784 1427 883 1471 quac
903 1421 1004 1455 sunt
1026 1411 1332 1456 fornicationes
1348 1447 1358 1463 ,
1384 1412 1469 1456 im-

36 1532 39 1536 ,
84 1499 105 1523 »
140 1481 382 1537 munditiae,
398 1482 597 1537 luxuriae,
612 1481 831 1526 idolorum
849 1482 1293 1537 servitus,venef1cia,
1327 1483 1474 1527 inimi-

86 1572 105 1594 »
141 1553 252 1597 eitiae
269 1587 280 1606 ,
302 1553 603 1596 contentiones
623 1586 634 1607 ,
660 1551 959 1595 aemulationes
976 1587 986 1606 ,
1018 1553 1309 1597 animositates
1326 1588 1336 1608 ,
1380 1553 1474 1598 dis-

84 1640 105 1663 »
140 1622 382 1676 sensiones,
422 1622 635 1676 haereses,
672 1631 799 1665 sectae
820 1657 830 1677 ,
866 1621 1069 1676 invidiae,
1114 1623 1365 1679 ebrietates,
1398 1640 1473 1669 co-

83 1709 104 1733 »
139 1692 442 1743 messationes,
471 1701 514 1735 et
546 1692 610 1735 his
640 1692 815 1748 similia,
840 1708 938 1751 quae
970 1691 1159 1750 praedico
1190 1693 1329 1748 vobis,
1361 1694 1473 1738 sicut

84 1778 105 1802 »
140 1761 348 1820 praedixi,
380 1762 589 1822 quoniam
622 1761 697 1821 qni
724 1761 824 1805 talia
858 1771 1016 1820 agunt,
1058 1777 1238 1820 regnum
1270 1763 1342 1806 Dei
1382 1779 1472 1808 non

85 1849 106 1873 »
142 1832 440 1892 possidebunt.
465 1851 484 1873 »
506 1836 561 1877 Et
583 1833 658 1893 qui
682 1842 784 1876 sunt
807 1832 976 1876 fructus
1001 1847 1074 1891 per
1099 1849 1207 1892 quos
1237 1849 1473 1892 cognosca-

81 1891 180 1946 mus
218 1903 418 1947 arborem
455 1904 616 1947 bonam
638 1938 648 1957 ,
690 1903 806 1946 idem
846 1903 937 1962 ipse
974 1912 1288 1962 consequenter
1329 1903 1435 1949 dicit
1461 1926 1469 1950 2

89 1990 110 2014 «
146 1975 331 2016 Fructus
351 1982 494 2016 autem
517 1973 698 2031 Spiritus
722 1981 784 2016 est
805 1972 1004 2027 charitas,
1023 1971 1246 2030 gaudium,
1266 1989 1362 2031 pax,
1382 1973 1472 2019 lon-

84 2061 104 2085 »
136 2044 376 2102 ganimitas,
391 2043 651 2102 benignitas,
669 2043 855 2096 bonitas,
872 2042 994 2097 fides,
1014 2044 1317 2098 mansuetudo,
1335 2046 1469 2090 conti-

83 2132 104 2155 »
141 2113 302 2168 nentia,
318 2114 487 2158 castitas
502 2115 561 2157 ¹.»
577 2115 686 2158 Sane
703 2112 927 2157 sciendum
943 2122 1021 2166 est,
1043 2114 1113 2156 hic
1134 2114 1340 2170 gaudium
1364 2131 1468 2174 pro-

81 2184 174 2243 prie
190 2185 378 2243 positum
397 2204 405 2228 :
422 2183 524 2228 mali
538 2184 654 2227 enim
669 2183 865 2227 homines
879 2199 966 2227 non
991 2181 1179 2240 gaudere
1193 2218 1203 2237 ,
1227 2183 1301 2227 sed
1317 2186 1470 2241 gestire

83 2252 290 2298 dicuntur
310 2255 484 2314 proprie
502 2273 510 2299 :
531 2254 642 2298 sicut
665 2253 861 2312 superius
883 2252 1069 2301 diximus
1092 2252 1359 2297 voluntatem
1375 2270 1468 2314 pro-

81 2324 173 2383 prie
196 2325 382 2384 positam
399 2360 410 2379 ‚
436 2339 567 2385 quam
595 2340 686 2368 non
708 2324 874 2368 habent
905 2322 1006 2365 mali
1028 2357 1037 2377 ,
1064 2322 1139 2365 ubi
1177 2322 1340 2367 dictum
1376 2335 1467 2381 est,

86 2414 106 2437 «
140 2396 297 2440 Omnia
326 2410 616 2455 quaecumque
647 2394 777 2439 vultis
810 2403 858 2437 ut
891 2392 1051 2436 saciant
1082 2393 1205 2437 vobis
1240 2394 1466 2451 homines,

83 2482 105 2507 »
139 2466 235 2510 haec
257 2475 300 2510 et
320 2481 395 2511 vos
413 2465 541 2511 facite
564 2465 690 2510 illis2.
717 2485 735 2506 »
763 2468 826 2509 Ex
839 2464 919 2508 ista
942 2466 1204 2523 proprietate
1222 2465 1364 2522 verbi,
1382 2484 1468 2526 qua

131 2566 140 2583 ¹
161 2561 262 2593 Galat.
285 2572 319 2602 V,
345 2562 460 2602 19—23.
479 2578 520 2584 ν-
537 2568 549 2584 ²
574 2561 685 2594 Matth.
703 2572 761 2602 vn,
781 2570 831 2592 12.

297 2636 417 2666 cxxi.
1281 2628 1328 2665 18
