1819 3301
370 295 509 321 snumo
542 295 698 323 Domum
732 296 776 321 m
809 296 983 332 nomme,
1020 297 1102 323 Lm.
1139 298 1168 322 1.
1374 286 1453 324 167

0 381 3 390 ·
49 390 53 394 -
78 357 346 402 temerariam
364 357 624 416 projicientis
649 372 827 400 uxorem
854 356 991 401 libelli
1013 359 1216 417 cogitatio
1240 368 1455 418 tempera-

76 435 155 471 ret.
168 426 251 479 Qui
264 442 364 484 ergo
376 426 625 470 dimittendi
642 442 807 470 moram
823 428 1038 487 quaesivit,
1056 428 1308 485 significavit
1319 445 1460 488 quan-

75 508 168 542 tum
197 498 340 556 potuit
358 496 478 544 duris
505 497 759 540 hominihus
779 513 823 541 se
847 497 963 541 nolle
994 497 1241 547 discidium.
1282 501 1339 543 Et
1360 499 1459 545 ideo

73 570 163 628 ipse
184 568 393 612 Dominus
415 567 499 619 alio
520 567 617 611 loeo
633 567 688 610 de
700 568 782 611 hoc
798 569 1103 626 interrogatus,
1123 570 1181 614 ita
1200 570 1422 629 respondit
1444 590 1453 615 :

78 658 96 681 «
133 642 226 682 Hoc
248 641 418 695 Moyses
440 647 615 696 propter
635 637 839 681 duritiam
874 649 1057 682 vestram
1083 639 1232 684 fecit¹.
1261 659 1280 681 »
1308 645 1457 693 Quan-

72 709 231 752 tumvis
254 708 371 751 enim
406 708 542 751 durus
579 716 687 751 esset
705 742 716 762 ‚
743 708 817 767 qui
846 707 975 751 vellet
998 709 1215 752 dimittere
1247 726 1455 769 uxorem,

73 794 173 823 cum
196 778 404 835 cogitaret
424 777 574 822 libello
595 777 763 836 repudii
789 778 890 821 dato
908 779 998 837 jam
1030 779 1120 821 sine
1142 779 1336 838 periculo
1362 797 1457 825 eam

74 864 196 907 posse
229 848 395 891 nubere
420 846 571 901 alteri,
600 847 727 891 facile
751 847 1007 906 placaretur.
1034 848 1241 892 Dominus
1269 865 1369 907 ergo
1402 849 1458 894 ad

73 918 181 969 illud
203 919 550 962 confirmandum
576 927 625 961 ut
643 933 731 961 non
753 917 880 962 facile
903 934 1010 962 uxor
1031 917 1298 975 dimittatur,
1320 920 1455 964 solam

72 1004 242 1033 causam
265 988 559 1032 fornicationis
577 988 745 1046 excepit
759 1023 769 1042 ‚
797 997 972 1032 caeteras
995 1004 1097 1032 vero
1119 990 1337 1034 universas
1359 1006 1456 1034 mo-

71 1058 234 1112 lestias,
260 1059 293 1102 si
312 1073 411 1118 quae
432 1057 545 1102 forte
569 1058 789 1101 extiterint
805 1059 934 1116 jubet
954 1074 1034 1117 pro
1055 1058 1141 1102 fide
1174 1059 1391 1119 conjugali
1413 1070 1457 1104 et

72 1144 151 1188 pro
182 1129 375 1172 castitate
414 1127 585 1172 fortiter
621 1128 844 1184 sustineri3
869 1136 912 1173 ,et
948 1129 1171 1189 moechum
1194 1128 1300 1173 dicit
1326 1130 1455 1177 etiam

70 1199 211 1243 virum
228 1233 238 1252 ,
264 1198 337 1257 qui
361 1213 455 1245 eam
478 1196 649 1240 duxerit
665 1232 675 1251 ,
701 1212 800 1256 quae
823 1196 963 1240 soluta
986 1207 1049 1241 est
1071 1215 1093 1242 a
1115 1199 1222 1242 viro.
1248 1200 1382 1258 Cujus
1395 1200 1456 1243 rei

71 1268 290 1327 apostolus
314 1267 474 1311 Paulus
496 1267 730 1310 terminum
751 1265 941 1310 ostendit
958 1302 968 1321 ‚
993 1268 1094 1327 quia
1118 1267 1271 1311 tandiu
1305 1269 1457 1312 obser-

70 1338 261 1383 vandum
287 1338 408 1391 dicit,
433 1337 630 1397 quandiu
647 1337 713 1381 vir
734 1338 826 1397 ejus
843 1337 994 1381 vivit‘2:
1013 1337 1088 1382 illo
1103 1348 1247 1382 autem
1265 1348 1454 1395 mortuo,

70 1409 145 1453 dat
166 1408 360 1456 nubendi
382 1408 616 1451 licentiam.
646 1410 767 1451 Hanc
787 1408 900 1450 enim
920 1408 1049 1450 etiam
1070 1408 1161 1467 ipse
1181 1408 1373 1467 regulam
1396 1418 1457 1453 te-

69 1480 180 1533 nuit,
207 1487 249 1522 et
270 1478 314 1520 in
337 1494 385 1520 ea
400 1493 488 1521 non
513 1493 639 1521 suum
662 1476 905 1531 consilium,
922 1477 1033 1521 sicut
1053 1479 1097 1521 in
1120 1479 1342 1523 nonnullis
1360 1494 1456 1524 mo-

69 1549 191 1603 nitis,
216 1546 291 1591 sed
312 1556 578 1606 praeceptum
602 1548 771 1591 Domini
782 1547 976 1606 jubentis
998 1548 1208 1603 ostendit,
1233 1564 1333 1593 cum
1356 1550 1415 1593 ait
1441 1569 1451 1594 ε

71 1637 90 1659 «
126 1617 198 1661 Eis
219 1626 365 1660 autem
387 1617 463 1676 qui
487 1625 589 1660 sunt
611 1616 656 1658 in
678 1617 879 1675 conjugio
897 1619 1122 1676 praecipio,
1149 1633 1237 1661 non
1260 1633 1361 1675 ego,
1378 1618 1454 1662 sed

71 1707 90 1730 »
127 1688 335 1732 Dominus
351 1722 362 1741 ‚
388 1686 614 1729 mulierem
637 1702 660 1729 a
681 1687 773 1730 viro
796 1703 885 1730 non
903 1687 1150 1744 discedere3
1172 1688 1293 1747 quod
1310 1689 1343 1731 si
1366 1689 1454 1732 dis—

70 1778 90 1800 »
125 1759 324 1812 cesserit,
349 1772 524 1800 manere
547 1758 798 1815 innuptam,
824 1766 899 1800 aut
922 1757 1012 1801 viro
1041 1773 1121 1801 suo
1150 1758 1417 1801 reconciliari
1443 1778 1452 1803 :

71 1847 91 1871 »
125 1837 167 1871 et
189 1828 254 1872 vir
274 1842 452 1870 uxorem
485 1842 573 1869 non
611 1826 846 1870 dimittatss.
875 1845 894 1866 »
920 1826 1063 1870 Credo
1083 1862 1093 1881 ‚
1130 1826 1258 1870 simili
1288 1826 1451 1883 forma,

67 1907 117 1941 ut
138 1898 171 1940 si
198 1897 407 1940 dimiserit
428 1912 517 1940 non
541 1895 673 1939 ducat
695 1895 847 1949 aliam,
873 1905 949 1939 aut
981 1897 1285 1940 reconcilietur
1311 1898 1453 1941 uxori.

68 1969 181 2012 Fieri
203 1969 317 2011 enim
336 1976 478 2026 potest
499 1975 549 2009 ut
565 1965 756 2009 dimittat
778 1981 956 2009 uxorem
978 1981 1104 2010 causa
1132 1966 1451 2023 fornicationis,

67 2053 198 2099 quam
223 2038 432 2081 Dominus
469 2045 692 2095 exceptam
714 2051 803 2079 esse
825 2035 978 2079 voluit.
1005 2039 1207 2080 Jamvero
1227 2037 1260 2080 si
1290 2052 1369 2080 nec
1391 2037 1456 2080 illi

66 2109 233 2152 nubere
261 2107 518 2151 conceditur
539 2106 638 2150 vivo
668 2107 761 2150 viro
784 2122 807 2149 a
829 2122 917 2165 quo
954 2106 1125 2150 recessit
1143 2141 1153 2159 ,
1179 2122 1322 2166 neque
1354 2107 1457 2151 huic

66 2177 243 2222 alteram
263 2177 423 2221 ducere
444 2177 540 2221 viva
555 2192 689 2220 uxore
705 2192 837 2236 quam
861 2175 1022 2219 dimisit
1038 2197 1049 2233 3
1066 2176 1205 2219 multo
1228 2176 1371 2219 minus
1394 2176 1457 2220 fas

66 2256 129 2291 est
158 2236 306 2290 illicita
331 2262 431 2290 cum
464 2245 733 2305 quibuslibet
765 2255 913 2305 stupra
942 2247 1231 2289 committere.
1259 2247 1455 2289 Beatiora

65 2333 166 2361 sane
195 2317 393 2376 conjugia
409 2316 645 2376 judicanda
667 2326 794 2370 sunt,
820 2332 919 2376 quae
953 2317 1040 2359 sive
1065 2316 1159 2359 filiis
1181 2317 1415 2375 procreatis
1439 2350 1450 2371 ,

66 2388 154 2430 sive
176 2387 304 2429 etiam
328 2387 406 2430 ista
432 2395 600 2430 terrena
623 2385 744 2445 prole
756 2394 1027 2444 contempta,
1053 2386 1367 2429 continentiam
1388 2386 1458 2428 in-

66 2466 131 2500 ter
152 2472 197 2499 se
213 2456 306 2515 pari
328 2471 539 2500 consensu
557 2471 726 2500 servare
748 2457 971 2515 potuerint
993 2474 1001 2499 :
1023 2456 1124 2515 quia
1148 2471 1290 2515 neque
1304 2465 1456 2500 contra

67 2526 177 2571 illud
191 2536 459 2586 praeceptum
474 2527 538 2581 fit,
559 2542 647 2586 quo
662 2526 872 2571 Dominus
883 2525 1042 2569 dimitti
1056 2526 1285 2585 conjugem
1308 2535 1452 2583 vetat3

117 2619 124 2634 ¹
141 2611 261 2643 Matth.
282 2622 349 2651 xlx,
363 2613 393 2643 8.
417 2628 456 2634 —-
477 2618 488 2634 ²
502 2614 593 2643 Rom.
613 2622 674 2652 vn,
689 2621 721 2643 2.
744 2628 784 2634 —-
805 2609 817 2634 3
841 2622 852 2642 1
872 2613 947 2643 Cor.
965 2622 1025 2651 vn,
1042 2619 1097 2642 20.
