1819 3301
401 296 538 323 sEaMo
571 297 728 323 nomm
760 295 805 322 m
837 294 1014 332 MONTE,
1050 293 1132 320 ΜΒ.
1169 294 1216 319 11.
1404 283 1484 320 237

109 378 161 408 ex
183 362 385 407 omnibus
406 363 454 407 iis
477 362 712 417 sententiis,
738 361 896 422 quibus
914 377 991 405 nos
1013 375 1134 404 orare
1152 358 1361 403 Dominus
1384 374 1487 417 praa-

108 433 247 493 cepit,
274 432 367 477 eam
397 433 668 493 potissimum
705 431 1096 477 commendandam
1128 445 1219 475 esse
1248 428 1484 489 judicavit,

106 519 205 564 quae
223 505 409 563 pertinet
430 503 485 548 ad
507 504 799 549 dimissionem
818 513 1095 564 peccatorum
1114 523 1122 548 2
1144 504 1189 547 in
1207 518 1293 563 qua
1315 517 1392 546 nos
1414 502 1491 544 mi-

106 574 339 619 sericordes
359 589 447 618 esse
470 573 631 629 voluit,
662 573 781 634 quod
803 590 939 618 unum
963 584 1026 619 est
1048 573 1275 619 consilium
1300 571 1489 616 miserias

106 644 333 690 evadendi.
350 648 402 689 In
415 644 536 689 nulla
554 644 669 688 enim
688 644 769 688 alia
791 646 1002 689 sententia
1018 645 1076 689 sic
1100 660 1287 699 oramus,
1306 652 1355 688 ut
1368 642 1490 703 quasi

105 716 370 775 paciscamur
399 731 499 760 cum
520 719 637 772 Deog
665 713 848 759 dicimus
870 716 983 759 enim
1012 735 1020 760 :
1050 735 1070 758 «
1094 715 1272 759 Dimitte
1293 714 1418 759 nobis
1434 713 1492 757 si-

108 803 128 827 »
163 795 238 830 cut
256 795 299 830 et
327 801 405 830 nos
427 786 701 830 dimittimus.
727 804 746 828 υ
769 789 819 830 In
844 801 929 846 qua
956 785 1156 846 pactione
1180 786 1213 830 si
1236 785 1487 839 mentimur,

105 856 237 902 totius
265 856 469 902 orationis
504 856 650 901 nullus
682 866 746 902 est
781 855 963 901 fructus.
1005 857 1071 902 Sic
1102 857 1217 900 enim
1252 856 1378 900 dicit:
1406 875 1422 897 a
1449 855 1492 900 Si

107 945 127 969 »
163 927 279 971 enim
311 926 555 971 dimiseritis
577 927 829 972 hominibus
855 927 1010 972 delicta
1033 943 1182 973 eorum
1198 963 1208 983 ‚
1235 926 1425 971 dimittet
1449 934 1492 969 ct

106 1016 126 1040 »
160 998 284 1043 vobis
307 988 434 1044 Pater
455 1008 595 1044 vester
617 1000 691 1060 qui
712 1000 759 1043 in
781 998 902 1044 coelis
925 1008 1001 1044 est.
1031 1000 1073 1044 Si
1091 1008 1235 1043 autem
1257 1014 1344 1043 non
1364 997 1492 1041 dimi-

106 1088 126 1112 »
162 1071 298 1115 seritis
320 1071 571 1116 hominibus
607 1091 615 1118 :
651 1087 794 1132 neque
832 1074 956 1116 Pater
986 1081 1125 1117 vester
1154 1071 1344 1115 dimittet
1367 1068 1491 1115 vobis

105 1159 126 1183 »
162 1145 548 1202 peccatavestra1.
577 1161 596 1185 n

103 1322 1415 1343 mmmmmmmwwmwmmmmmwmwmm
1421 1322 1489 1338 ἸΛΝἶ

613 1470 831 1521 CAPUT
869 1474 939 1519 X}
951 1474 987 1519 [-

140 1628 233 1672 XL.
248 1629 467 1682 SEQUITUR
484 1628 538 1673 de
550 1629 716 1689 jejunio
736 1637 1003 1688 praeceptum
1018 1664 1028 1684 ,
1056 1628 1274 1688 pertinens
1295 1626 1349 1671 ad
1372 1642 1487 1671 eam-
1523 1670 1527 1673 ,

100 1696 198 1742 dem
218 1698 357 1743 cordis
374 1698 722 1755 mundationem,
740 1699 795 1743 de
816 1716 902 1759 qua
925 1715 1044 1743 nunc
1074 1699 1228 1756 agitur.
1243 1700 1353 1743 Nam
1376 1706 1417 1741 et
1440 1698 1486 1740 in

98 1769 182 1814 hoc
203 1785 334 1829 opere
351 1770 594 1815 cavendum
617 1779 701 1826 est,
728 1786 782 1814 ne
799 1771 1005 1829 subrepat
1027 1769 1170 1830 aliqua
1189 1769 1420 1813 ostentatio
1443 1776 1487 1811 et

98 1840 316 1899 appetitus
331 1840 471 1885 laudis
494 1841 720 1897 humanae,
742 1841 818 1901 qui
839 1839 1034 1900 duplicet
1056 1855 1129 1884 cor
1147 1875 1158 1894 ‚
1182 1849 1226 1884 et
1261 1854 1351 1883 non
1375 1839 1486 1882 sinat

97 1909 315 1954 mundum
344 1920 388 1955 et
407 1911 585 1970 simplex
606 1927 695 1955 esse
720 1899 774 1955 ad
792 1910 1125 1969 intelligendum
1148 1914 1301 1954 Deum.
1332 1929 1351 1951 «
1372 1911 1483 1954 Cum

100 1997 121 2022 »
156 1990 303 2025 autem
327 1982 560 2041 jejunatis,
592 1982 759 2042 inquit,
801 1980 935 2025 nolite
965 1981 1058 2024 fieri
1096 1981 1206 2025 sicut
1242 1979 1484 2039 hypocritae

99 2068 120 2091 »
156 2051 296 2095 tristes
317 2070 326 2095 ε
351 2052 636 2096 exterminant
659 2051 774 2096 enim
796 2051 967 2096 vultum
989 2066 1114 2095 suum
1134 2086 1144 2106 ,
1175 2059 1225 2094 ut
1251 2049 1483 2094 videantur

101 2138 120 2162 »
156 2121 407 2166 hominibus
437 2122 694 2181 jejunantes.
733 2127 873 2166 Amen
908 2122 1006 2166 dico
1027 2121 1164 2176 vobis,
1195 2129 1483 2179 perceperunt

156 2192 399 2235 mercedem
422 2207 559 2236 suam.
586 2195 673 2237 Vos
705 2202 851 2237 autem
868 2193 1137 2252 jejunantes,
1163 2190 1314 2248 ungite
1342 2190 1482 2248 capita

100 2279 121 2302 ³>
156 2271 312 2317 vestra,
333 2272 376 2307 et
399 2262 526 2308 facies
543 2273 704 2308 vestras
726 2263 879 2319 lavate,
898 2280 953 2307 ne
974 2261 1208 2307 videamini
1229 2260 1482 2305 hominibus

153 2333 396 2393 jejunantes
412 2369 423 2390 ,
454 2334 529 2378 sed
554 2336 667 2379 Patri
699 2346 840 2380 vestro
865 2335 941 2395 qui
964 2344 1026 2378 est
1052 2334 1098 2376 in
1120 2331 1373 2377 abscondito
1398 2351 1407 2377 ε
1439 2341 1482 2376 et

100 2419 120 2442 υ
157 2406 283 2447 Pater
313 2413 454 2449 vester
476 2406 551 2464 qui
572 2405 690 2450 videt
718 2407 763 2449 in
785 2404 1056 2458 abscondito,
1082 2402 1234 2447 reddet
1256 2402 1377 2447 vobis
1395 2406 1427 2445 2.
1455 2419 1475 2442 >›

97 2473 376 2519 Manifestum
409 2484 472 2519 est
506 2476 570 2520 his
604 2477 830 2536 praeceptis
865 2490 1038 2520 omnem
1061 2484 1249 2519 nostram
1272 2472 1481 2516 intentio-

97 2558 198 2589 nem
230 2545 276 2589 in
299 2545 504 2591 interiora
526 2545 680 2604 gaudia
702 2547 827 2606 dirigi
845 2582 855 2602 ,
887 2562 942 2590 ne
965 2545 1068 2590 foris
1099 2552 1341 2605 quaerentes
1364 2557 1480 2587 mer-

144 2645 155 2664 ¹
175 2641 295 2675 Matth.
312 2653 357 2684 vx,
382 2641 433 2684 14,
456 2642 506 2675 15.
531 2659 571 2666 —
593 2649 605 2668 ²
622 2643 702 2676 Ibid.
727 2643 843 2675 16—18.

101 2208 111 2231 )

112 2209 121 2231 υ

100 2350 110 2373 )

111 2351 120 2373 ν
