1819 3301
326 239 411 279 430
770 250 803 278 s.
841 250 1070 278 Auens'rim
1105 251 1286 277 EPISCOPI

324 316 632 360 crucifixerunt
653 315 919 361 Salvatorem
940 330 1067 359 suum
1086 350 1097 371 ‚
1124 324 1167 359 et
1191 314 1391 360 fecerunt
1416 317 1717 362 damnatorem

326 403 470 432 suum.

384 461 440 502 Π.
461 457 554 502 -Sed
575 457 651 516 qui
677 457 819 515 primo
850 457 971 501 venit
1004 456 1202 502 occultus
1222 492 1232 511 ‚
1259 457 1362 518 quia
1383 459 1503 502 venit
1517 458 1713 513 humilis,

322 528 540 587 numquid
564 527 767 587 deinceps
789 543 879 572 non
901 536 965 571 est
986 537 1196 572 venturus
1216 527 1486 584 manifestus,
1513 530 1617 588 quia
1639 545 1716 572 ex-

324 599 461 642 celsus
476 600 493 641 P
506 596 698 641 Audistis
712 598 843 642 modo
859 598 1077 642 Psalmum
1095 620 1104 656 3
1126 617 1144 640 «
1159 602 1272 642 Deus
1284 598 1538 643 manifestus
1554 600 1713 655 veniet,

327 688 346 710 »
386 674 496 713 Deus
513 679 660 713 noster
674 679 718 713 et
735 686 821 714 non
845 669 1028 713 silebit1.
1054 689 1072 710 »
1101 669 1228 714 Siluit
1247 679 1296 713 ut
1311 669 1584 730 judicaretur
1598 707 1608 725 ,
1627 686 1719 715 non.

323 741 466 784 silebit
496 756 596 784 cum
619 741 801 800 coeperit
826 740 1037 800 judicare.
1064 744 1163 785 Non
1184 741 1402 785 diceretur
1430 762 1439 786 z
1468 761 1488 783 «
1510 742 1718 787 Manifes-

327 830 345 852 »
382 821 451 854 tus
472 810 639 866 veniet,
673 830 692 852 »
717 811 796 854 nisi
819 812 960 870 primo
982 811 1169 855 venisset
1191 811 1416 869 occultus,
1441 827 1521 856 nec
1544 812 1714 856 dicere-

325 894 419 939 tur,
461 901 481 924 «
515 885 613 927 Non
644 881 809 936 silebit,
846 901 865 923 n
906 881 987 925 nisi
1018 881 1121 941 quia
1150 882 1292 940 primo
1314 881 1446 925 siluit.
1483 883 1716 935 Quomodo

323 954 439 997 siluit
458 955 473 994 ’ἰ
497 956 727 1012 Interroga
748 957 903 997 Isa'l'am
925 972 934 997 ι
956 972 975 995 ι(
997 954 1117 998 Sicut
1133 953 1224 997 ovis
1247 953 1303 997 ad
1326 954 1589 997 occisionem
1605 955 1713 999 duc-

324 1034 391 1067 tus
414 1032 477 1067 est
496 1059 507 1078 ,
525 1033 568 1067 et
589 1024 699 1067 sicut
720 1039 855 1081 agnus
878 1039 1023 1067 coram
1040 1039 1091 1067 eo
1113 1024 1189 1083 qui
1210 1039 1253 1067 se
1271 1023 1494 1078 tonderet,
1521 1023 1605 1068 fuit
1620 1025 1712 1068 sine

326 1114 344 1135 »
382 1111 487 1139 voce
504 1130 514 1149 ,
541 1095 599 1138 sic
635 1111 722 1139 non
746 1095 915 1153 aperuit
937 1110 983 1138 os
1006 1098 1176 1138 suum'2.
1210 1114 1228 1134 »
1256 1095 1413 1138 Veniet
1449 1104 1595 1138 autem
1619 1111 1716 1140 ma-

327 1186 346 1207 »
382 1164 580 1220 nifestus,
599 1176 641 1209 et
660 1182 750 1210 non
779 1166 937 1209 silebit.
968 1184 987 1205 υ
1007 1164 1239 1218 Quomodo
1254 1165 1536 1210 manifestus?
1554 1187 1572 1207 «
1593 1167 1713 1225 Ignis

327 1256 344 1277 »
382 1246 482 1279 ante
495 1251 592 1279 eum
616 1235 802 1294 praeibit,
821 1245 864 1279 et
877 1236 918 1279 in
936 1235 1121 1279 circuitu
1137 1237 1229 1295 ejus
1246 1246 1474 1295 tempestas
1493 1235 1634 1279 valida
1651 1237 1681 1278 ³.
1694 1256 1712 1277 »

326 1310 571 1366 'i'empestas
592 1306 664 1350 illa
698 1306 849 1349 tollere
872 1306 1003 1350 habet
1023 1307 1162 1350 'totam
1196 1305 1356 1363 paleam
1394 1306 1449 1350 de
1471 1323 1590 1361 area,
1617 1323 1716 1367 quae

324 1378 455 1421 modo
474 1378 729 1427 trituratum
765 1387 808 1421 et
829 1378 938 1435 ignis
962 1377 1194 1421 incendere
1216 1377 1336 1437 quod
1358 1386 1588 1436 tempestas
1617 1379 1717 1422 abs-

328 1447 486 1492 tulerit.
508 1447 642 1492 Modo
675 1456 820 1491 autem
861 1456 973 1491 tacet
998 1456 1146 1492 :tacet
1161 1447 1328 1507 judicio
1349 1483 1359 1502 ,
1391 1447 1467 1491 sed
1489 1464 1579 1492 non
1602 1457 1717 1493 tacet

324 1528 557 1578 praecepto.
588 1518 631 1563 Si
659 1518 774 1561 enim
798 1527 913 1561 tacet
939 1518 1136 1562 Christus
1154 1553 1164 1572 ‚
1197 1517 1304 1577 quid
1335 1518 1417 1561 sibi
1440 1517 1595 1562 volunt
1622 1519 1715 1563 haec

265 1618 277 1625 .
324 1589 593 1648 Evangelia?
615 1588 732 1641 Quid
754 1588 835 1632 sibi
859 1587 1015 1632 volunt
1036 1604 1162 1632 voces
1180 1587 1460 1647 apostolicae?
1483 1589 1590 1648 quid
1616 1606 1714 1634 can·

325 1660 405 1703 tica
430 1657 856 1718 Psalmoriim?(1uicl
878 1658 1049 1718 eloquia
1069 1659 1411 1717 Prophetarum?
1437 1662 1488 1702 In
1512 1660 1576 1702 his
1599 1660 1714 1703 enim

324 1730 528 1774 omnibus
550 1730 747 1774 Christus
769 1744 859 1772 non
881 1738 1004 1772 tacet.
1025 1729 1110 1772 Sed
1127 1738 1242 1772 tacet
1262 1730 1393 1772 modo
1407 1764 1418 1783 ,
1446 1739 1493 1773 ut
1514 1745 1601 1774 non
1626 1731 1715 1773 vin-

324 1800 443 1845 dicet,
469 1820 478 1844 z
504 1816 593 1844 non
617 1808 758 1854 tacet,
783 1808 832 1842 ut
854 1815 943 1842 non
965 1808 1154 1842 moneat.
1182 1799 1339 1842 Veniet
1362 1809 1507 1843 autem
1532 1799 1714 1859 praecla-

324 1887 396 1914 rus
416 1872 461 1914 in
478 1871 732 1923 vindictam,
753 1879 796 1913 et
813 1870 1040 1928 apparebit
1057 1869 1277 1924 omnibus,
1299 1879 1341 1913 et
1360 1871 1436 1930 qui
1451 1871 1493 1913 in
1506 1886 1606 1914 eum
1624 1886 1715 1915 non

325 1941 526 1985 credunt.
553 1940 687 1985 Modo
705 1956 807 1984 vero
827 1941 929 2000 quia
952 1950 994 1984 et
1014 1955 1203 1999 praesens
1226 1940 1424 1984 occultus
1441 1950 1532 1985 erat
1549 1977 1560 1996 ,
1585 1957 1716 2001 opor-

325 2013 445 2056 tebat
458 2021 507 2055 ut
523 2021 890 2055 contemneretur.
903 2012 991 2055 Nisi
1004 2011 1118 2054 enim
1136 2021 1503 2067 contemneretur,
1520 2028 1608 2056 non
1618 2028 1716 2056 cru-

325 2084 572 2140 cifigeretur
598 2102 607 2126 :
632 2083 771 2125 sinon
803 2082 1152 2138 crucifigeretur,
1182 2098 1270 2125 non
1301 2081 1507 2126 funderet
1538 2085 1713 2141 sangui-

325 2169 424 2197 nem
439 2190 449 2209 ,
470 2170 558 2214 quo
581 2154 721 2212 pretio
743 2168 820 2197 nos
844 2152 1040 2196 redemit.
1066 2155 1122 2197 Ut
1135 2163 1279 2196 autem
1294 2153 1417 2197 daret
1437 2155 1621 2213 pretium
1635 2171 1714 2214 pro

325 2225 451 2269 nobis
468 2261 478 2279 ,
500 2225 730 2269 crucifixus
752 2234 844 2281 est,
868 2233 918 2267 ut
947 2224 1287 2281 crucifigeretur,
1311 2234 1588 2285 contemptus
1616 2236 1679 2270 est
1699 2247 1711 2284 3

326 2306 376 2340 ut
398 2305 778 2350 contemneretur,
799 2294 976 2338 humilis
993 2295 1207 2353 apparuit.

386 2370 466 2410 ΙΙΙ.
492 2370 654 2410 Tamen
671 2366 770 2426 quia
791 2367 914 2425 quasi
929 2365 970 2408 in
987 2375 1113 2409 nocte
1131 2366 1331 2424 apparuit
1348 2366 1392 2410 in
1412 2382 1592 2426 corpore
1603 2383 1713 2412 mor-

326 2437 427 2492 tali,
452 2438 675 2481 lucernam
698 2437 779 2481 sibi
803 2436 1001 2480 accendit
1023 2437 1138 2479 unde
1160 2436 1396 2480 videretur.
1426 2441 1519 2497 lpsa
1534 2438 1710 2482 lucerna

326 2509 516 2552 Joannes
535 2516 626 2551 erat
640 2507 655 2532 ⁴
674 2542 684 2562 ‚
715 2507 769 2551 de
791 2522 880 2566 quo
897 2508 987 2567 jam
1019 2506 1156 2550 multa
1189 2506 1434 2565 audivistis,
1458 2519 1501 2553 et
1524 2524 1710 2568 praesens

374 2600 382 2615 ¹
404 2593 482 2625 Psal.
503 2604 588 2635 nix,
609 2593 640 2625 3.
657 2609 697 2616 --
718 2599 731 2615 ²
754 2593 824 2625 lsai.
846 2603 915 2634 uu,
935 2603 968 2635 7.
985 2608 1026 2615 -
1048 2590 1061 2615 3
1079 2592 1158 2624 Psal.
1183 2603 1270 2634 xmx,
1297 2592 1327 2624 3.
1355 2611 1394 2616 —
1409 2592 1530 2626 liJoan.
1551 2604 1584 2635 v,
1605 2594 1656 2626 35.
