1819 3301
374 240 656 275 QUAEsrioNUM
689 237 1053 276 EVANGELIORUM‚
1089 240 1170 265 Lm.
1207 241 1254 265 11.
1408 229 1490 268 355

117 317 223 346 num
242 303 372 347 etiam
395 303 457 347 illi
472 304 556 347 sint
574 303 882 348 inexcusabiles
899 303 1058 364 quibus
1074 306 1162 346 Lex
1182 303 1280 346 data
1304 319 1392 347 non
1410 315 1489 359 est,

116 387 258 432 neque
281 374 429 417 audito
452 374 686 431 Evangelio
709 374 1002 429 dormierunt,
1026 373 1131 433 quia
1153 388 1229 432 per
1250 383 1491 417 creaturam

114 452 314 501 poterant
345 458 602 501 cognoscere
625 446 871 488 Creatorem
886 479 896 499 ,
922 444 1043 503 cujus
1064 443 1294 487 invisibilia
1317 459 1340 487 a
1362 458 1489 487 cons-

114 513 316 558 titutione
338 512 491 562 mundi
511 529 587 572 per
607 529 656 561 ea
682 530 782 572 quae
800 513 911 558 faeta
933 523 1061 568 sunt,
1083 513 1302 558 intellecta
1320 513 1492 573 conspi-

113 582 345 628 ciuntur1?
368 586 461 628 Hoc
482 592 545 627 est
564 584 678 631 enim
702 584 824 643 quasi
846 594 1008 628 metere
1032 581 1219 629 ubi'non
1235 584 1460 628 seminavit
1477 618 1489 640 ,

111 653 157 698 id
178 663 241 698 est
256 689 266 709 ‚
298 656 427 699 etiam
450 670 520 699 eos
543 655 773 714 impietatis
802 671 895 700 reos
917 665 1063 699 tenere
1080 691 1091 711 ,
1116 657 1273 716 quibus
1308 656 1493 700 verbum

112 726 235 785 Legis
255 735 330 770 aut
352 727 576 784 Evangelii
599 743 686 771 non
705 727 996 776 ministratum
1024 736 1101 772 est.
1129 730 1222 772 Hoc
1255 737 1400 772 autem
1422 741 1494 771 ve-

108 796 189 840 luti
216 796 457 856 periculum
478 797 632 857 judicii
659 797 924 852 devitantes,
951 800 1073 858 pigro
1095 798 1303 856 languore
1325 815 1348 842 a
1371 798 1492 842 verbi

109 867 423 914 ministratione
460 869 795 929 conquiescunt,
822 879 864 913 et
897 871 980 915 hoc
1015 879 1077 913 est
1100 870 1220 930 quasi
1242 871 1287 913 in
1317 869 1490 914 sudario

107 937 238 996 ligare
255 939 375 998 quod
397 949 674 998 acceperunt.
700 943 894 987 Mensam
917 956 1004 999 quo
1019 939 1163 984 danda
1175 949 1266 984 erat
1289 940 1486 999 pecunia,

106 1008 415 1068 professionem
453 1010 588 1068 ipsam
615 1009 833 1069 religionis
868 1011 1123 1069 accipimus,
1158 1026 1256 1070 quae
1280 1019 1489 1070 tanquam

105 1079 281 1139 publice
303 1081 562 1140 proponitur
583 1081 639 1126 ad
660 1097 786 1124 usum
805 1081 1090 1125 necessarium
1107 1080 1248 1124 saluti.
1266 1081 1395 1133 Quod
1419 1097 1492 1125 au-

105 1161 193 1195 tem
214 1167 327 1196 unus
363 1167 512 1196 eorum
537 1153 612 1211 qui
634 1153 746 1195 bene
778 1152 843 1195 usi
864 1161 966 1195 sunt
981 1187 992 1206 ,
1018 1151 1167 1195 decern
1194 1151 1420 1210 acquisivit
1443 1160 1487 1195 et

104 1221 210 1266 alter
231 1222 426 1283 quinque
440 1258 450 1276 ,
465 1223 676 1280 significat
692 1239 764 1267 eos
785 1238 873 1267 esse
891 1222 1120 1282 acquisitos
1135 1223 1181 1265 in
1196 1237 1370 1281 gregem
1388 1222 1480 1276 Dei,

103 1307 127 1337 a
149 1292 311 1351 quibus
348 1293 439 1351 ipsa
461 1296 550 1339 Lex
582 1308 658 1352 per
682 1293 859 1351 gratiam
894 1291 1113 1336 intellecta
1136 1302 1200 1336 est
1232 1312 1240 1336 ;
1273 1293 1361 1337 sive
1385 1293 1487 1352 quia

102 1362 316 1421 Decalogo
344 1363 615 1417 continetur,
655 1363 744 1407 sive
771 1363 878 1422 quia
901 1362 972 1406 ille
1006 1379 1082 1422 per
1116 1378 1246 1422 quem
1279 1363 1367 1407 lata
1395 1373 1483 1418 est,

100 1430 232 1477 libros
250 1433 447 1493 quinque
468 1433 720 1492 conscripsit
748 1452 755 1476 :
782 1431 836 1476 ad
856 1433 940 1476 -hoc
960 1433 1179 1492 pertinent
1196 1442 1240 1476 et
1268 1432 1418 1476 decem
1441 1442 1485 1476 et

100 1502 296 1563 quinque
309 1504 503 1549 civitates
518 1538 530 1557 ,
549 1503 656 1562 quib
664 1518 709 1546 us
722 1518 792 1547 eos
807 1503 1035 1562 praeponit.
1048 1501 1352 1561 Multiplicatio
1367 1503 1485 1546 enim

99 1571 399 1632 intelligentiae
420 1574 466 1616 in
489 1573 577 1632 ipsa
606 1573 831 1627 varietate,
857 1588 955 1632 quae
986 1572 1040 1616 de
1072 1589 1339 1633 unoquoque
1372 1590 1483 1633 prae-

97 1652 223 1701 cepto
241 1643 308 1687 vel
325 1643 379 1687 de
400 1658 669 1703 unoquoque
692 1643 804 1687 libro
826 1643 1032 1702 pullulat,
1058 1636 1112 1686 ad
1133 1659 1268 1687 unum
1289 1643 1477 1698 redacta,

97 1714 221 1773 quasi
238 1715 454 1758 civitatem
483 1712 585 1758 facit
607 1714 844 1757 viventium
868 1713 1086 1757 rationum
1101 1723 1377 1758 aeternarum.
1405 1718 1481 1759 Est

98 1785 214 1832 enim
234 1786 406 1840 civitas,
431 1801 520 1830 non
542 1784 840 1844 quorumlibet
857 1785 1142 1829 animantium
1159 1821 1170 1840 ,
1195 1785 1271 1830 sed
1295 1787 1482 1832 rationa-

94 1853 203 1899 lium
225 1856 463 1900 multitudo
485 1855 588 1912 legis
610 1855 738 1898 unius
767 1856 971 1903 societate
1000 1854 1216 1899 devincta.
1249 1856 1377 1908 Quod
1399 1873 1480 1900 au-

96 1934 186 1969 tem
216 1925 271 1969 ab
298 1925 375 1970 illo
397 1926 473 1985 qui
490 1925 554 1968 uti
576 1923 719 1981 noluit
740 1924 936 1968 aufertur
957 1924 1076 1984 quod
1103 1935 1352 1984 acceperat,
1378 1936 1420 1970 et
1441 1927 1481 1970 ei

94 1994 223 2039 datur
244 1996 319 2055 qui
343 1996 494 2040 decem
510 1995 714 2050 habebat,
732 1995 1000 2054 significatur
1013 2004 1056 2039 et
1076 1994 1202 2039 illum
1217 2012 1340 2055 posse
1358 1997 1477 2041 amit-

96 2076 185 2110 tere
205 2082 365 2110 munus
385 2067 464 2115 Dei
481 2067 557 2126 qui
578 2066 743 2110 habens
755 2082 843 2110 non
857 2066 1010 2120 habet,
1032 2065 1077 2109 id
1099 2075 1177 2121 est,
1203 2082 1292 2110 non
1309 2067 1472 2124 utitur3

95 2145 138 2181 et
158 2138 206 2182 in
225 2153 278 2182 eo
299 2137 446 2196 augeri
467 2138 543 2197 qui
564 2137 728 2184 habens
743 2137 879 2181 habet
895 2171 905 2191 ,
946 2137 1028 2180 hoc
1065 2145 1128 2179 est
1146 2171 1157 2188 ‚
1181 2136 1293 2180 bene
1321 2137 1472 2181 utitur.

95 2208 298 2253 Inimicos
319 2224 421 2268 ergo
436 2224 534 2253 suos
547 2224 655 2268 quos
666 2209 795 2268 jubet
811 2222 955 2252 coram
973 2222 1016 2251 se
1037 2207 1247 2261 interfici,
1265 2208 1475 2265 significat

89 2277 361 2337 impietatem
387 2278 665 2334 Judaeorum,
691 2278 768 2338 qui
785 2277 839 2323 ad
871 2292 971 2321 eum
1004 2276 1197 2321 converti
1218 2276 1469 2322 noluerunt.

144 2379 152 2395 ¹
178 2377 268 2410 Rom.
293 2386 317 2416 1,
341 2383 394 2407 20.
