1819 3301
296 258 349 283 DE
380 256 587 284 coNsEix‘su
622 255 1029 294 EVARGELISTARUM,
1065 257 1144 282 1111.
1183 257 1241 281 iv.
1377 246 1457 282 129

79 321 263 379 pretioso
279 320 416 365 fidelis
438 321 629 365 foeminae
643 321 874 367 devotione
888 319 1087 380 perfusus
1102 329 1162 364 cst
1177 342 1187 377 3
1204 320 1344 364 donec
1358 320 1460 363 inde

79 390 161 435 illis
183 401 427 436 occurreret
449 392 504 436 ad
532 393 738 451 passionis
773 403 968 453 tempus,
1005 391 1125 452 quod
1151 407 1252 435 cum
1286 392 1345 434 eis
1371 400 1461 435 erat

79 463 316 506 necessario
338 471 590 506 narraturus
618 481 626 506 z
648 462 725 506 ubi
747 472 892 506 tamen
914 462 1048 522 ipsam
1067 461 1339 506 Dominicam
1367 476 1461 504 coe-

81 547 204 586 nam,
227 531 281 575 de
303 548 389 592 qua
411 532 557 577 nullus
580 548 731 577 eorum
754 533 910 588 tacuit,
935 533 1075 577 multo
1095 531 1344 591 opulentius
1362 540 1461 575 tan-

80 617 212 661 quam
233 601 288 645 de
309 603 483 648 cellario
506 603 717 647 Dominici
734 603 919 662 pectoris
937 639 947 658 ‚
986 604 1063 647 ubi
1091 601 1364 647 discumbere
1391 617 1464 646 so-

78 670 225 727 lebat,
255 673 464 717 exhibuit.
492 676 640 733 Ipsum
663 672 820 717 deinde
843 673 1030 717 Pilatum
1063 673 1205 718 verbis
1239 672 1465 717 altioribus

80 742 269 801 percutit
286 777 297 797 ,
323 742 468 787 dicens
490 759 674 803 regnum
700 758 827 787 suum
851 759 940 788 non
960 759 1049 787 esse
1077 743 1131 788 de
1157 744 1241 787 hoc
1271 742 1461 798 mundo,

80 806 314 872 regemque
335 828 378 856 se
399 822 551 857 natum
568 849 578 869 ‚
604 823 647 857 et
669 813 724 858 ad
744 814 826 858 hoc
847 814 1012 858 venisse
1026 814 1071 857 in
1089 814 1207 858 hunc
1226 813 1458 857 mundum.

81 890 131 925 ut
147 882 442 926 testimonium
460 883 687 942 perhibeat
708 884 877 928 veritati
894 886 924 928 1.
956 883 1136 928 Mariam
1160 899 1336 944 quoque
1365 891 1466 942 post

81 953 439 997 resurrectionem
457 954 635 1011 mystica
656 953 885 998 altitudine
906 954 1045 997 vitans
1073 973 1080 998 :
1106 973 1125 996 «
1162 953 1260 999 Noli
1282 969 1372 1007 me,
1400 953 1464 995 in-

21 1068 24 1071 ,
84 1040 104 1063 »
140 1023 265 1081 quit,
300 1032 476 1082 tangere
504 1043 511 1067 :
538 1023 735 1068 nondum
754 1024 870 1067 enim
893 1023 1064 1068 ascendi
1094 1024 1150 1068 ad
1187 1027 1358 1067 Patrem
1377 1026 1410 1066 ².
1440 1040 1461 1063 »

83 1091 312 1151 Discipulis
330 1093 459 1137 etiam
480 1093 744 1137 insufflando
774 1093 895 1137 dedit
924 1093 1130 1152 Spiritum
1161 1102 1384 1145 sanctum,
1411 1107 1467 1135 ne

81 1161 171 1220 ipse
196 1163 379 1221 Spiritus
401 1164 476 1223 qui
500 1164 697 1208 Trinitati
715 1163 1009 1208 substantialis
1037 1174 1080 1208 et
1115 1172 1355 1208 coaeternus
1376 1171 1466 1217 est,

85 1231 405 1278 tandummodo
435 1233 571 1278 Patris
604 1249 721 1290 esse,
752 1249 843 1278 non
874 1233 1003 1277 etiam
1039 1232 1137 1277 Filii
1171 1233 1352 1292 Spiritus
1381 1247 1468 1291 pu-

87 1308 265 1346 [aretur.

143 1375 244 1417 XX.
274 1376 498 1419 Postremo
515 1390 612 1419 suas
630 1389 728 1419 oves
742 1379 870 1419 Petro
888 1388 931 1418 se
948 1374 1124 1428 amanti,
1143 1388 1333 1433 eumque
1355 1387 1471 1417 arno-

85 1459 175 1487 rem
198 1453 263 1488 ter
284 1445 509 1489 confitenti
536 1441 873 1499 commendans,
900 1444 1005 1488 dicit
1032 1443 1232 1488 eumdem
1256 1446 1493 1487 Joannem,

83 1513 1475 1561 sn:sevefle1nanenzdonecvenmt22ubieuan1nuhivnhnur

83 1583 170 1627 alto
194 1583 388 1628 docuisse
415 1586 641 1642 mysterio,
660 1586 785 1629 islam
812 1585 949 1644 ipsam
975 1585 1152 1628 Joannis
1176 1583 1470 1641 evangelicam

83 1653 446 1713 dispensationem
463 1691 473 1710 ,
499 1673 585 1716 qua
606 1656 652 1699 in
673 1656 815 1708 lucem
838 1655 1165 1714 liquidissimam
1180 1654 1314 1697 Verbi
1332 1653 1472 1697 subli-

82 1725 209 1768 miter
231 1724 368 1770 fertur
384 1761 394 1781 ‚
420 1727 495 1770 ubi
510 1727 727 1771 Trinitatis
745 1725 967 1786 aequalitas
989 1735 1031 1769 et
1052 1723 1469 1769 incommutabilitas

83 1794 381 1853 videri.potest
397 1831 407 1850 ,
434 1805 477 1839 01
499 1812 585 1856 qua
607 1797 792 1839 maxime
814 1796 1080 1854 proprietate
1103 1795 1231 1838 distet
1252 1810 1275 1837 a
1303 1793 1469 1837 caeteris

84 1864 218 1908 homo
240 1867 362 1925 cujus
390 1866 662 1925 susceptione
686 1866 881 1909 Verbum
909 1880 1008 1909 caro
1031 1863 1196 1908 facturn
1228 1873 1318 1918 est,
1350 1878 1472 1921 pers-

87 1934 213 1992 picue
231 1936 348 1978 cerni
367 1936 657 1996 cognoscique
680 1951 769 1979 non
790 1950 935 1994 posse,
962 1935 1042 1978 nisi
1065 1949 1165 1978 cum
1198 1934 1287 1992 ipse
1320 1932 1472 1977 Domi-

85 2019 167 2047 nus
202 2006 370 2049 veneni
404 2007 544 2050 :ideo
574 2006 632 2050 fflc
668 2005 865 2049 rnanebst
898 2005 1037 2049 donec
1069 2003 1469 2060 venhss231nanebst

84 2083 230 2118 autem
258 2091 375 2119 nunc
409 2076 455 2119 in
485 2077 572 2120 fide
601 2075 872 2120 credentium
890 2075 930 2129 4,
971 2083 1077 2118 tunc
1112 2082 1256 2117 autem
1291 2072 1399 2116 facie
1417 2072 1472 2116 ad

83 2144 236 2188 faciem
259 2145 646 2206 contemplandum
669 2147 750 2191 erit
766 2181 776 2201 ‚
801 2161 901 2191 cum
925 2144 1174 2205 apparuerit
1194 2144 1282 2187 vita
1304 2152 1466 2198 nostra,

83 2224 126 2259 et
146 2232 223 2260 nos
241 2233 341 2261 cum
361 2217 453 2277 ipso
477 2218 780 2278 apparebimus
805 2218 850 2261 111
878 2216 1011 2275 gloria
1028 2219 1057 2259 ⁵.
1086 2214 1288 2274 Quisquis
1322 2222 1470 2257 autem

84 2286 319 2330 arbitratur
345 2322 355 2343 ‚
380 2288 547 2332 homini
573 2289 704 2333 vitam
733 2288 856 2331 istam
893 2285 1120 2330 mortalem
1155 2283 1298 2331 adhuc
1327 2283 1471 2340 agenti

83 2371 208 2414 posse
226 2357 477 2416 contingere
496 2392 506 2412 ‚
530 2367 579 2401 ut
609 2359 784 2402 demoto
812 2365 943 2415 atque
965 2356 1154 2399 discusso
1177 2353 1295 2397 omni
1316 2351 1470 2396 nubilo

83 2426 407 2484 phantasiarum
427 2427 713 2487 corporalium
733 2437 862 2487 atque
871 2425 1108 2471 carnalium
1127 2422 1393 2468 serenissima
1406 2422 1470 2465 in-

132 2527 140 2543 ¹
163 2523 253 2553 Joau.
280 2533 369 2563 1111111,
391 2523 445 2565 36,
468 2523 520 2564 37.
546 2540 585 2546 -
612 2531 621 2546 ²
645 2524 689 2555 Id.
716 2535 767 2563 xx,
792 2529 826 2558 17
870 2539 910 2544 -
936 2520 947 2545 3
972 2521 1017 2552 ld.
1037 2531 1100 2561 xxi,
1125 2518 1240 2552 15—23.
1261 2534 1302 2541 —-
1321 2515 1337 2547 4
1359 2528 1371 2549 1
1394 2518 1467 2549 Cor.

86 2587 153 2618 χιιι,
176 2586 225 2610 12.
246 2593 287 2600 —
307 2576 320 2600 5
340 2578 456 2611 Coloffs‘
475 2589 520 2620 111,
537 2578 567 2620 4.

248 2641 368 2671 cxxi.
1309 2628 1333 2665 9
