1819 3301
378 288 515 316 sannio
549 291 707 318 nomm
740 291 781 316 m
818 291 990 327 MORTE,
1026 292 1106 316 ΜΒ.
1145 293 1173 316 l.
1383 282 1461 319 177

84 351 159 396 illo
174 353 419 396 discrimine
432 355 734 409 constitutum,
752 353 866 397 misit
879 353 934 402 ad
951 369 1045 397 eam
1061 353 1270 413 pollicens
1288 370 1364 414 pro
1378 372 1465 401 una

84 430 236 477 nocte,
261 422 293 465 si
311 422 348 465 ei
375 422 543 466 misceri
565 423 696 468 vellet
713 458 723 478 ,
749 439 793 467 se
815 423 908 467 auri
930 422 1086 467 libram
1108 424 1328 468 daturum.
1354 428 1464 469 Tum

84 490 157 534 illa
180 507 279 551 quae
297 507 339 535 se
357 492 482 535 sciret
504 508 592 536 non
609 492 770 535 habere
790 493 856 536 sui
876 493 1065 552 corporis
1087 501 1369 553 potestatem,
1391 494 1467 538 sed

84 561 225 605 virum
244 577 370 605 suum
388 596 397 616 ,
419 561 600 620 pertulit
625 561 679 605 ad
701 578 801 606 eum
824 562 971 607 dicens
989 572 1181 622 paratam
1204 579 1247 608 se
1275 579 1364 608 esse
1386 579 1466 623 pro

84 632 241 675 marito
269 631 313 675 id
342 631 482 676 facere
497 667 507 686 ,
532 632 566 676 si
584 641 730 676 tamen
752 633 841 692 ipse
859 634 1094 693 conjugalis
1117 635 1307 694 corporis
1324 634 1467 679 domi-

85 717 185 756 nus,
207 702 278 746 cui
293 711 380 746 tota
395 701 467 746 illa
482 703 651 747 castitas
673 703 921 759 deberetur,
940 712 1149 763 tanquam
1167 705 1220 748 de
1234 721 1279 748 re
1296 721 1371 749 sua
1391 721 1468 764 pro

84 770 171 815 vita
188 786 263 815 sua
281 771 411 815 vellet
432 771 477 815 id
490 772 597 815 fieri.
619 772 722 831 Egit
734 772 806 816 ille
828 773 998 830 gratias,
1015 783 1057 816 et
1075 781 1124 817 ut
1141 773 1185 816 id
1203 774 1324 818 fieret
1338 775 1468 834 impe-

86 842 210 897 ravit,
230 842 351 887 nullo
373 843 505 887 modo
523 843 722 902 judicans
746 842 1039 887 adulterinum
1063 859 1152 888 esse
1169 846 1467 902 concubitum,

85 912 202 971 quod
217 911 409 956 etlibido
433 912 552 956 nulla
570 922 613 957 et
631 926 786 970 magna
801 912 943 957 mariti
958 914 1141 957 charitas
1163 929 1206 957 se
1222 915 1407 974 jubente
1429 925 1472 959 et

85 982 257 1026 volente
276 983 506 1040 flagitaret.
519 983 650 1026 Venit
664 982 818 1026 mulier
832 982 887 1027 ad
905 982 1049 1026 villam
1067 982 1182 1027 illius
1197 984 1353 1039 divitis,
1372 983 1474 1029 fecit

84 1052 204 1112 quod
226 1052 365 1096 voluit
391 1052 639 1111 impudicus
660 1072 668 1096 :
706 1052 781 1096 sed
814 1051 886 1096 illa
919 1069 1075 1112 corpus
1111 1054 1281 1098 nonnisi
1317 1055 1471 1100 marito

85 1120 230 1177 dedit,
256 1137 345 1165 non
379 1122 699 1176 concumbere,
726 1131 776 1165 ut
811 1121 946 1176 solet,
978 1121 1054 1166 scd
1082 1122 1227 1166 vivere
1260 1125 1469 1183 cupienti.

85 1192 263 1250 Accepit
285 1207 439 1235 aurum
466 1211 475 1236 ε
496 1192 570 1235 sed
592 1190 664 1234 ille
684 1191 760 1251 qui
780 1190 926 1245 dedit,
948 1191 1102 1234 fraude
1118 1193 1330 1236 subtraxit
1352 1194 1472 1253 quod

86 1261 280 1317 dederat,
302 1272 344 1306 et
362 1262 590 1321 supposuit
607 1260 743 1305 simile
765 1261 1047 1318 ligamentum
1073 1277 1172 1305 cum
1197 1271 1324 1306 terra.
1345 1263 1474 1316 Quod

85 1333 161 1375 ubi
182 1331 338 1376 mulier
353 1334 442 1393 jam
467 1332 586 1376 domi
609 1348 698 1376 suae
716 1333 853 1391 posita
875 1331 1045 1376 invenit
1066 1367 1075 1386 ,
1103 1333 1300 1390 prosiluit
1320 1334 1365 1376 in
1388 1349 1472 1393 pu-

83 1401 247 1446 blicum
277 1403 428 1446 eadem
466 1402 609 1446 mariti
638 1402 849 1446 charitate
873 1400 1110 1445 clamatura
1137 1402 1258 1461 quod
1280 1403 1467 1458 fecerat,

83 1488 169 1532 qua
189 1460 332 1516 facere
352 1481 499 1516 coacta
519 1482 581 1516 est
602 1492 609 1516 :
628 1471 878 1531 interpellat
896 1471 1168 1530 praefectum,
1195 1471 1354 1516 latetur
1376 1490 1471 1518 om-

83 1543 153 1586 nia
174 1577 184 1597 ,
213 1557 344 1602 quam
366 1542 563 1586 fraudem
593 1557 713 1601 passa
737 1551 846 1585 esset
866 1541 1071 1585 ostendit.
1101 1544 1210 1585 Tum
1235 1558 1334 1587 vero
1358 1560 1470 1603 prae-

82 1612 221 1656 fectus
239 1614 377 1671 primo
399 1629 442 1655 se
459 1611 730 1671 reum,quod
749 1611 834 1655 suis
853 1611 978 1654 minis
996 1611 1051 1654 ad
1073 1611 1117 1654 id
1139 1621 1318 1656 ventum
1341 1624 1465 1670 esset,

82 1684 337 1741 pronuntiat
355 1718 365 1736 ,
415 1692 621 1741 tanquam
658 1682 704 1724 in
743 1681 875 1724 alium
909 1682 1166 1724 sententiam
1201 1681 1346 1726 dicens
1364 1718 1374 1740 ,
1412 1684 1467 1728 de

82 1753 300 1810 Acyndini
326 1754 451 1797 honis
474 1753 566 1796 auri
587 1752 743 1795 libram
768 1752 870 1795 fisco
903 1750 1201 1810 inferendam,
1223 1752 1341 1797 illam
1363 1770 1465 1799 vero

82 1822 307 1866 mulierem
340 1822 561 1866 dominam
593 1822 637 1864 in
675 1835 768 1864 eam
791 1829 971 1874 terram,
997 1819 1114 1863 unde
1152 1836 1230 1879 pro
1252 1838 1357 1867 auro
1382 1833 1466 1867 ter-

82 1908 172 1937 ram
195 1893 447 1951 accepisset,
467 1891 629 1934 induci.
657 1889 772 1935 Nihil
795 1890 896 1933 hinc
917 1890 962 1932 in
984 1889 1173 1949 aliquam
1188 1902 1356 1950 partem
1378 1893 1466 1938 dis-

80 1972 188 2021 puto
206 1998 217 2018 ‚
241 1962 368 2006 liceat
400 1961 558 2020 cuique
584 1960 796 2003 aestimare
830 1959 949 2018 quod
976 1958 1081 2002 velit
1109 1978 1119 2004 ;
1150 1976 1238 2004 non
1260 1962 1375 2006 enim
1408 1964 1462 2008 de

81 2033 233 2077 divinis
256 2031 585 2076 auctoritatibus
610 2029 867 2088 deprompta
889 2028 1064 2072 historia
1087 2039 1150 2073 est
1176 2050 1184 2074 2
1214 2031 1290 2075 sed
1316 2041 1462 2077 tamen

80 2111 253 2147 narrato
276 2103 413 2156 sacto,
440 2116 529 2146 non
551 2101 608 2144 ita
624 2099 785 2158 respuit
806 2100 890 2143 hoc
912 2114 1059 2142 sensus
1081 2099 1314 2156 humanus,
1339 2103 1460 2162 quod

78 2172 124 2215 in
152 2172 224 2216 illa
248 2171 427 2216 muliere
451 2171 543 2215 viro
560 2170 743 2229 jubente
765 2169 1041 2213 commissum
1068 2178 1151 2224 est,
1177 2171 1461 2229 quemadmo-

80 2241 185 2285 dum
222 2251 347 2285 antea
378 2255 479 2285 cum
511 2240 601 2283 sine
628 2238 719 2283 ullo
751 2238 947 2297 exemplo
979 2253 1045 2281 res
1078 2239 1168 2297 ipsa
1200 2251 1456 2298 poneretur,

80 2311 342 2355 horruimus.
387 2309 471 2354 Sed
503 2309 549 2352 in
579 2309 664 2352 hoc
692 2307 916 2365 Evangelii
945 2307 1135 2366 capitulo
1168 2309 1277 2353 nihil
1306 2309 1458 2356 lortius

80 2379 443 2424 considerandum
465 2387 553 2433 est,
574 2393 706 2437 quam
723 2385 892 2420 tantum
917 2376 1080 2420 malum
1104 2392 1192 2421 esse
1208 2377 1459 2426 fornicatio-

81 2451 145 2494 nis
160 2485 171 2505 ,
207 2459 256 2494 ut
278 2465 378 2494 cum
399 2458 520 2493 tanto
549 2447 724 2492 vinculo
759 2446 840 2490 sibi
862 2446 1061 2505 conjugia
1083 2449 1454 2506 constringantur,

83 2522 172 2564 hacc
193 2536 279 2565 una
297 2535 424 2564 causa
453 2518 677 2563 solutionis
696 2525 872 2576 excepta
896 2517 950 2561 sit.
972 2536 978 2560 :
1006 2533 1103 2576 quac
1126 2517 1178 2560 sit
1201 2527 1344 2563 autem
1367 2521 1455 2565 for-

82 2591 260 2645 nicatio,
282 2592 371 2649 jam
396 2596 626 2632 tractatum
647 2595 724 2630 est.

290 2670 411 2700 cxx1.
1276 2659 1323 2697 12
