1819 3301
399 322 537 350 selmo
570 321 728 349 nomm
759 321 805 348 IN
835 319 1010 357 MONTE,
1045 319 1127 345 Lm.
1165 319 1195 345 1.
1402 308 1485 346 169

110 409 131 432 »
166 389 312 445 culus,
338 404 481 449 neque
503 386 707 441 foemina,
732 401 876 447 neque
898 399 1060 438 servus,
1077 398 1220 444 neque
1241 383 1352 427 liber
1377 403 1386 429 2
1411 384 1486 429 sed

109 480 130 503 »
166 461 309 505 omnia
329 470 373 504 et
390 460 435 503 in
457 459 660 503 omnibus
677 458 912 503 Christus¹.
944 475 964 498 »
989 459 1046 500 Et
1065 456 1154 515 ipse
1185 455 1393 499 Dominus
1416 455 1486 499 di-

106 532 165 577 cit
191 552 199 576 :
226 551 245 573 «
264 535 315 575 In
338 529 649 574 resurrectione
672 529 787 572 enim
805 543 947 588 neque
964 527 1155 581 nubent,
1171 542 1314 586 neque
1335 542 1487 571 uxores

109 620 129 643 »
165 601 350 655 ducent,
379 599 453 644 sed
475 608 601 643 erunt
622 598 732 642 sicut
754 597 909 656 Angeli
934 598 1009 641 Dei
1029 597 1075 640 in
1096 596 1282 641 coeli32.»
1306 597 1489 656 Oportet

107 687 207 730 ergo
223 680 272 714 ut
283 669 477 730 quisquis
490 667 604 712 illius
618 667 736 726 regni
748 667 880 711 vitam
893 669 983 727 jam
993 667 1064 712 hic
1077 666 1485 723 meditarivoluerit‚

108 740 248 786 oderit
269 756 357 785 non
375 740 488 800 ipsos
509 738 706 783 homines
721 773 733 794 ‚
755 737 831 782 sed
851 738 950 782 istas
972 737 1309 782 necessitudines
1324 747 1491 798 tempo-

106 811 235 866 rales,
278 811 439 871 quibus
460 811 539 854 ista
567 825 667 869 quae
701 809 933 853 transitura
956 817 1020 852 est
1050 808 1137 852 vita
1164 807 1364 863 fulcitur,
1390 824 1490 869 quae

106 881 325 927 nascendo
348 890 391 925 et
405 881 632 925 moriendo
653 880 878 940 peragitur
896 879 1037 940 :quod
1056 879 1132 939 qui
1146 894 1234 923 non
1249 878 1357 934 odit,
1376 895 1489 924 non-

107 955 213 999 dum
250 963 365 998 amat
387 953 505 997 illam
528 954 660 997 vitam
696 952 773 996 ubi
795 951 917 996 nulla
945 953 1027 996 crit
1055 951 1249 997 conditio
1287 952 1492 996 nascendi

106 1035 237 1086 atque
254 1024 493 1078 moriendi,
519 1040 618 1084 quae
641 1023 817 1083 copulat
843 1032 1011 1067 terrena
1036 1023 1250 1082 conjugia.

164 1098 280 1140 XLI.
309 1098 461 1155 Itaque
478 1095 511 1137 si
534 1094 724 1154 aliquem
756 1094 866 1138 bene
886 1093 1207 1149 Christianum,
1233 1093 1309 1153 qui
1347 1102 1493 1138 tamen

107 1168 239 1211 habet
261 1181 437 1210 uxorem
460 1200 471 1219 ,
496 1164 692 1225 quamvis
714 1179 813 1208 cum
837 1179 885 1207 ea
904 1164 1047 1207 adhuc
1064 1162 1174 1207 filios
1205 1173 1379 1221 generet
1394 1199 1405 1218 ,
1430 1164 1495 1207 in-

107 1248 320 1294 terrogem
342 1271 352 1291 ‚
378 1245 527 1279 utrum
549 1236 593 1278 in
611 1234 686 1278 illo
708 1249 843 1294 regno
860 1234 1021 1277 habere
1042 1232 1146 1277 velit
1165 1248 1344 1277 uxorem
1364 1254 1375 1291 3
1398 1248 1494 1277 me-

107 1324 202 1352 mor
223 1307 376 1366 utique
397 1304 707 1365 promissorum
732 1304 809 1348 Dei
827 1313 870 1347 et
891 1304 991 1347 vitae
1013 1302 1129 1347 illius
1150 1339 1160 1358 ,
1188 1304 1263 1347 ubi
1285 1305 1494 1363 corrupti-

109 1378 198 1422 bile
220 1378 303 1422 hoc
338 1376 492 1420 induet
526 1375 898 1435 incorruptionem
915 1410 926 1429 ,
962 1384 1004 1418 et
1032 1374 1213 1418 mortale
1236 1376 1319 1419 hoc
1342 1374 1496 1419 induet

107 1448 478 1493 immortalitatem
498 1449 512 1473 3
532 1482 542 1502 ‚
558 1449 647 1507 jam
670 1461 827 1504 magno
849 1445 919 1489 vel
935 1455 1048 1490 certe
1070 1445 1216 1505 aliquo
1234 1462 1379 1490 amore
1401 1462 1496 1491 sus-

107 1535 265 1579 pensus
283 1554 293 1573 ,
327 1534 427 1562 cum
453 1518 722 1562 execratione
746 1516 1052 1576 respondebit,
1079 1532 1122 1560 se
1143 1518 1423 1561 vehementer
1451 1516 1497 1562 id

107 1589 238 1634 nolle.
267 1592 432 1633 Rursus
461 1589 495 1631 si
532 1589 792 1646 interrogem
811 1623 821 1642 ,
859 1597 1007 1631 utrum
1041 1603 1219 1632 uxorem
1255 1603 1376 1632 suam
1399 1597 1497 1647 post

108 1660 466 1703 resurrectionem
490 1667 665 1718 accepta
680 1657 873 1717 angelica
895 1658 1200 1702 immutatione
1217 1674 1316 1717 quae
1339 1658 1496 1702 sanctis

106 1730 374 1789 promittitur
390 1764 400 1783 ‚
426 1743 568 1772 secum
593 1728 654 1770 ibi
678 1728 820 1771 vivere
835 1727 938 1771 velit
956 1748 966 1783 3
988 1736 1076 1770 tarn
1098 1728 1377 1771 vehementer
1396 1743 1439 1772 se
1451 1728 1496 1772 id

107 1800 219 1845 velle
242 1816 372 1860 quam
403 1798 513 1843 illud
536 1798 652 1843 nolle
675 1798 968 1858 respondebit.
1001 1798 1068 1842 Sic
1102 1798 1321 1842 invenitur
1355 1800 1497 1844 honus

107 1871 375 1916 Christianus
393 1869 573 1928 diligere
603 1869 647 1911 in
666 1884 751 1911 una
776 1866 953 1911 foemina
975 1877 1216 1911 creaturam
1240 1869 1338 1923 Dei,
1364 1885 1494 1929 quam

108 1940 333 1984 reformari
351 1949 394 1983 et
416 1939 611 1983 renovari
634 1937 872 1995 desiderat3
897 1937 1035 1982 odisse
1052 1947 1195 1982 autem
1220 1940 1497 1998 conjunctio-

108 2027 209 2055 nem
245 2011 655 2070 copulationemque
695 2009 1022 2068 corruptibilem
1055 2019 1186 2070 atque
1218 2011 1445 2054 mortalem
1485 2030 1494 2057 :

107 2084 191 2127 hoc
208 2091 295 2137 est,
322 2081 500 2140 diligere
521 2081 566 2124 in
588 2096 636 2124 ca
660 2079 781 2140 quod
803 2080 936 2123 homo
968 2088 1058 2134 est,
1085 2080 1224 2123 odisse
1246 2079 1365 2140 quod
1388 2096 1498 2125 uxor

109 2162 185 2196 est.
200 2155 263 2196 lta
276 2151 406 2195 etiam
419 2150 560 2209 diligit
572 2150 811 2204 inimicum,
825 2150 965 2194 nonin
977 2159 1191 2209 quantum
1204 2150 1403 2194 inimicus
1416 2160 1493 2205 ost,

110 2222 185 2266 sed
206 2223 250 2266 in
271 2231 485 2282 quantum
507 2222 641 2266 homo
663 2230 725 2265 est
743 2242 754 2278 3
774 2230 824 2265 ut
841 2221 924 2264 hoc
947 2220 984 2263 ei
1004 2219 1109 2264 velit
1131 2220 1359 2279 provenire
1377 2221 1497 2280 quod

110 2294 218 2348 sibi,
244 2293 290 2337 id
311 2302 396 2348 est,
417 2302 467 2336 ut
489 2292 544 2336 ad
572 2307 751 2349 regnum
774 2291 985 2335 coelorum
1008 2299 1226 2334 correctus
1249 2301 1498 2336 renovatus-

110 2380 195 2425 que
229 2363 464 2423 perveniat.
492 2365 585 2407 Hoc
616 2362 735 2406 etde
768 2371 890 2422 patre
927 2371 970 2405 et
1010 2361 1063 2405 dc
1088 2371 1223 2405 matre
1257 2371 1299 2405 et
1331 2363 1498 2407 caeteris

109 2433 291 2479 vinculis
319 2433 536 2492 sanguinis
560 2432 894 2492 intelligendum
913 2441 1003 2487 est,
1030 2441 1080 2476 ut
1116 2433 1161 2475 in
1190 2432 1248 2475 eis
1280 2431 1500 2477 oderimus

108 2505 228 2566 quod
243 2520 378 2564 genus
389 2505 634 2548 humanum
648 2503 866 2548 nascendo
881 2513 924 2547 et
937 2502 1161 2548 moriendo
1176 2503 1375 2547 sortitum
1390 2504 1492 2560 est4,

157 2607 166 2623 ¹
187 2600 254 2633 Gal.
282 2611 331 2641 111,
347 2599 403 2640 28,
425 2604 458 2631 et
476 2599 576 2632 Colos.
598 2611 632 2641 v,
659 2611 709 2632 11.
736 2617 776 2622 —
799 2607 810 2622 ²
832 2601 946 2633 Matth.
967 2611 1049 2642 xxii,
1075 2599 1127 2641 39.
1144 2615 1185 2622 -
1207 2597 1219 2624 3
1242 2610 1254 2633 x
1276 2600 1347 2633 Cor.
1367 2610 1424 2641 xv,
1442 2597 1495 2641 54.

112 2673 153 2680 -
170 2654 185 2687 4
202 2656 280 2691 Vide
298 2658 442 2690 Retract.
460 2656 514 2689 lib.
532 2667 554 2698 ι,
572 2667 646 2699 cap.
667 2666 719 2698 19,
739 2667 770 2688 n.
787 2655 822 2688 5.
