1819 3301
265 294 318 320 na
349 290 558 320 consnnsu
590 289 997 332 EVANGELISTARUM‚
1033 294 1113 319 Lm.
1151 293 1217 319 111.
1382 280 1436 320 85

58 360 171 419 ipsa,
196 357 271 403 sed
292 367 335 403 et
356 357 465 412 aliae,
490 373 595 418 quas
621 361 758 402 Lucas
779 367 1105 413 commemorat,
1132 373 1230 418 quae
1258 357 1439 401 nuntia-

58 438 215 475 verunt
247 429 340 472 haec
372 427 601 487 Discipulis
623 428 849 483 undecim,
875 437 918 472 et
947 429 1112 473 caeteris
1140 427 1359 475 omnibus.
1384 430 1442 472 Et

10 508 11 534 ἲ
57 500 146 545 visa
168 509 270 544 sunt
289 509 389 544 ante
408 499 503 543 illos
526 500 636 543 sicut
656 497 991 544 deliramentum
1011 499 1144 544 verba
1166 499 1261 554 ista,
1287 507 1330 542 et
1351 513 1441 542 non

8 623 9 626 Ἰ
58 571 294 615 credebant
323 569 420 614 illis.
464 569 538 613 His
570 577 612 613 et
646 571 816 613 Marcus
848 578 1090 614 attestatur.
1128 572 1238 615 Nam
1271 578 1441 628 postea-

7 639 11 659 ‘'
57 657 187 701 quam
208 640 560 685 commemoravit
581 655 649 683 eas
671 649 904 684 trementes
938 650 980 685 et
1005 650 1210 701 paventes
1240 640 1388 684 exiisse
1416 655 1441 684 a

57 721 358 767 monumento,
383 721 425 755 et
447 711 609 754 nemini
626 710 866 770 quidquam
895 710 1070 766 dixisse,
1106 712 1300 771 adjunxit
1321 711 1443 771 quod

3 775 9 823 Ξ
59 798 283 841 resurgens
308 782 515 826 Dominus
534 781 778 840 apparuerit
793 796 917 825 mane
940 782 1077 840 prima
1095 782 1278 836 sabbati,
1302 781 1443 840 primo

58 854 204 898 Mariae
224 852 516 911 Magdalenae,
542 852 596 894 de
628 867 714 911 qua
736 852 919 911 ejecerat
949 861 1111 911 septem
1139 851 1376 908 daemonia,
1401 860 1445 895 et

59 923 159 984 quia
182 923 254 967 illa
284 923 444 967 vadens
472 922 690 966 nuntiavit
711 921 760 965 iis
782 922 857 982 qui
880 937 980 966 cum
1011 937 1062 966 eo
1091 922 1265 965 fuerant
1288 921 1444 980 lugen-

2 986 7 1035 s
58 994 175 1038 tibus
197 1002 240 1037 et
261 993 493 1049 flentibus3
519 1001 561 1035 et
582 993 682 1051 quia
703 991 765 1034 illi
792 991 1015 1036 audientes
1046 991 1166 1052 quod
1193 993 1376 1046 viveret,
1400 1000 1443 1035 et

58 1065 171 1108 visus
189 1072 298 1107 esset
325 1064 379 1106 ab
397 1078 462 1117 ea,
494 1078 582 1106 non
604 1061 897 1106 crediderunt.
926 1064 1035 1107 Sane
1058 1063 1291 1108 Matthaeus
1313 1063 1443 1105 etiam

3 1133 5 1168 ἶ
58 1134 169 1178 illud
202 1133 380 1177 inseruit
400 1167 410 1187 ,
437 1131 769 1176 abscedentibus
801 1131 1054 1176 mulieribus
1073 1148 1172 1192 quae
1193 1132 1267 1176 illa
1298 1132 1449 1176 omnia·

1 1193 5 1246 ,ἶ
58 1203 254 1248 viderant
277 1212 320 1247 et
346 1202 599 1257 audierant,
626 1202 791 1246 venisse
819 1203 947 1246 etiam
978 1203 1191 1262 quosdam
1221 1202 1267 1244 in
1291 1201 1444 1246 civita-

58 1283 144 1318 tem
173 1274 226 1317 dc
254 1273 336 1317 illis
368 1272 644 1328 custodibus,
675 1272 751 1332 qui
775 1273 1003 1332 jacuerant
1032 1273 1151 1316 velut
1182 1272 1370 1326 mortui,
1401 1280 1444 1315 et

1 1394 3 1408 ἶ
57 1346 277 1390 nuntiasse
294 1345 563 1404 principibus
584 1343 858 1388 sacerdotum
880 1345 1025 1388 omnia
1040 1361 1139 1404 quae
1160 1343 1273 1388 facta
1296 1351 1440 1399 erant,

2 1431 7 1478 ’ἃ
56 1417 140 1461 hoc
159 1425 238 1471 est,
265 1432 363 1476 quae
381 1417 508 1460 etiam
531 1415 593 1459 illi
621 1415 778 1459 sentire
800 1424 1039 1474 potuerunt
1068 1436 1076 1460 :
1102 1415 1197 1459 illos
1215 1430 1317 1459 vero
1336 1430 1444 1458 con-

6 1486 10 1490 ’
60 1497 254 1546 gregatos
283 1502 382 1531 cum
406 1487 647 1531 senioribus
680 1487 860 1531 consilio
888 1496 1087 1546 accepto,
1113 1486 1345 1546 pecuniam
1368 1495 1444 1530 co-

58 1559 216 1617 piosam
242 1557 408 1601 dedisse
430 1557 661 1613 militibus,
688 1567 736 1601 ut
761 1557 956 1602 dicerent
980 1557 1100 1617 quod
1129 1556 1336 1615 Discipuli
1353 1558 1444 1616 ejus

56 1628 287 1682 venissent,
314 1643 502 1687 eumque
524 1626 655 1671 furati
679 1637 818 1671 essent
839 1627 921 1671 illis
944 1627 1289 1684 dormientibus,
1316 1626 1445 1686 polli-

58 1708 202 1743 centes
230 1699 357 1741 etiam
388 1698 660 1741 securitatem
690 1713 713 1740 a
736 1697 916 1756 praeside
948 1698 1023 1757 qui
1046 1713 1116 1743 eos
1140 1696 1339 1741 custodes
1362 1697 1442 1741 de-

59 1768 181 1813 derat
207 1787 215 1812 :
237 1777 280 1812 et
297 1768 392 1812 illos
415 1777 589 1827 accepta
611 1768 795 1827 pecunia
824 1767 973 1811 secisse
1002 1769 1114 1812 sicut
1140 1777 1263 1811 erant
1281 1767 1442 1823 edocti,

59 1838 421 1898 divulgatumque
440 1854 528 1883 csse
548 1838 731 1881 verbum
751 1837 866 1882 istud
890 1838 1007 1897 apud
1031 1842 1054 1882 J
1061 1838 1205 1883 udaeos
1235 1854 1374 1899 usque
1400 1840 1444 1884 in

54 1908 340 1957 ,hordiemum
359 1908 490 1952 diem.
