1819 3301
346 314 399 355 42
775 328 809 355 s.
845 324 1078 356 Auens-nm
1110 328 1290 356 zrrseom

347 410 366 433 n
401 393 552 436 hunc‘?
578 389 914 451 Responderunt
948 401 991 436 et
1014 391 1216 437 dixerunt
1247 393 1286 437 ei
1313 411 1321 438 :
1349 392 1392 438 Si
1414 407 1502 437 non
1525 400 1636 437 esset
1657 392 1729 437 hic

345 481 365 505 n
401 463 675 517 malefactor,
702 478 790 506 non
814 463 894 506 tibi
914 463 1235 508 tradidissemus
1257 480 1372 508 eum.
1402 482 1421 505 >›
1448 467 1542 508 Hoc
1571 463 1728 508 viden-

343 532 449 578 dum
473 542 557 588 cst,
583 549 638 577 ne
666 533 929 577 contrarium
954 534 1008 578 sit
1030 535 1067 578 ei
1087 569 1097 588 ,
1130 534 1250 594 quod
1287 538 1426 578 Lucas
1457 534 1586 589 dicit,
1611 541 1729 578 certa

341 605 386 648 in
426 620 527 648 cum
560 604 674 647 dicta
713 618 803 646 esse
839 603 1017 648 crimina
1038 626 1049 663 3
1088 615 1131 649 et
1171 605 1277 649 dicit
1318 620 1417 664 quae
1448 604 1564 648 dicta
1609 604 1695 648 sint
1715 623 1725 649 :

344 693 364 717 »
401 677 643 734 Coeperunt
665 683 836 728 autem,
870 675 1036 734 inquit,
1075 690 1275 719 accusare
1303 675 1457 729 illum,
1495 674 1689 718 dicentes
1716 693 1726 719 :
1788 695 1790 698 ’

344 764 364 787 ³>
401 749 529 790 Hunc
565 747 809 791 invenimus
843 748 1167 793 subvertentem
1209 755 1381 805 gentem
1422 755 1614 789 nostram
1638 780 1649 800 ‚
1687 754 1731 790 ct

343 834 363 857 »
399 818 703 876 prohibentem
732 820 893 862 tributa
919 816 1009 861 dari
1029 817 1187 860 Caesari
1203 851 1213 870 ,
1242 825 1284 859 et
1299 815 1516 860 dicentem
1531 831 1574 859 se
1589 816 1731 860 Chris=

343 905 364 929 »
400 897 493 932 tum
514 904 659 947 regem
675 905 779 933 csse.
805 908 823 930 »
843 888 971 942 Quod
988 903 1090 931 vero
1112 903 1230 931 nunc
1258 889 1500 931 secundum
1515 890 1729 931 Joannem

341 961 699 1015 commemoravi,
732 959 935 1003 videntur
957 958 1099 1002 Judaei
1131 957 1319 1002 noluisse
1343 957 1488 1002 dicere
1515 957 1695 1001 crimina
1716 992 1728 1013 ‚
1767 956 1771 959 ’

340 1045 438 1073 cum
460 1028 633 1073 dixisset
664 1031 723 1074 eis
747 1029 942 1075 Pilatus:
978 1048 998 1071 «
1035 1031 1176 1082 Quam
1214 1029 1535 1073 accusationem
1568 1027 1732 1072 affertis

343 1117 364 1141 »
400 1098 604 1144 adversus
626 1101 848 1145 hominem
872 1100 1019 1144 hunc?
1043 1118 1063 1140 »
1085 1097 1426 1158 Responderunt
1459 1098 1578 1142 enim
1605 1117 1614 1141 ε
1645 1116 1665 1139 «
1689 1097 1731 1143 Si

345 1188 366 1212 »
402 1186 491 1214 non
514 1180 624 1215 esset
636 1172 706 1216 hic
722 1171 972 1216 malefactor
987 1205 997 1225 ‚
1013 1186 1103 1214 non
1119 1170 1198 1213 tibi
1220 1169 1548 1214 tradidissemus
1561 1184 1662 1213 eum
1679 1185 1688 1210 :
1706 1185 1727 1210 τ)

343 1240 546 1284 videlicet
567 1251 617 1285 ut
639 1256 789 1286 eorum
815 1241 1117 1285 auctoritatem
1135 1249 1308 1284 secutus
1323 1275 1333 1294 ‚
1349 1239 1457 1300 quid
1470 1239 1509 1283 ei
1526 1239 1732 1300 objicere-

342 1319 414 1354 tur
434 1311 649 1356 desineret
676 1328 888 1372 quaerere3
906 1312 980 1355 sed
1003 1312 1059 1354 ob
1078 1312 1161 1354 hoc
1185 1320 1356 1354 tantum
1386 1319 1615 1355 nocentem
1639 1326 1734 1355 cre-

342 1380 487 1435 deret,
509 1380 627 1441 quod
650 1382 730 1426 sibi
750 1383 805 1425 ab
839 1383 897 1425 eis
919 1382 1031 1425 tradi
1061 1381 1301 1424 meruisset.
1338 1384 1456 1440 Ergo
1489 1380 1733 1440 intelligere

342 1451 572 1507 debemus,
614 1462 657 1496 et
699 1454 786 1497 hoc'
825 1452 993 1497 dictum
1036 1467 1148 1506 esse,
1197 1461 1238 1495 et
1278 1451 1389 1495 illud
1436 1451 1556 1512 quod
1593 1455 1732 1496 Lucas

343 1524 712 1567 commemoravit.
750 1522 889 1567 Multa
929 1523 1044 1565 enim
1083 1522 1197 1565 dic‘ta
1213 1557 1224 1576 ,
1268 1530 1311 1565 et
1355 1520 1493 1566 multa
1528 1536 1731 1581 responsa

343 1601 466 1646 sunt,
501 1593 619 1636 unde
658 1593 816 1651 cuique
847 1608 998 1636 eorum
1035 1600 1250 1651 quantum
1285 1592 1423 1635 visum
1453 1600 1518 1635 est
1549 1592 1734 1651 decerp-

342 1662 430 1715 sit,
462 1672 504 1706 et
534 1663 580 1706 in
614 1664 859 1706 narratione
899 1679 974 1706 sua
1021 1662 1165 1721 posuit
1198 1662 1319 1721 quod
1353 1662 1453 1705 satis
1485 1677 1576 1706 esse
1608 1663 1732 1722 judi-

343 1732 470 1776 cavit.
503 1735 612 1777 Nam
635 1742 678 1776 et
708 1734 798 1791 ipse
835 1736 1024 1777 Joannes
1056 1732 1162 1775 dicit
1195 1731 1398 1791 quaedam
1431 1747 1531 1791 quae
1562 1732 1734 1792 objecta

343 1811 471 1859 sunt3
496 1817 595 1861 quae
616 1802 702 1845 suis
717 1801 821 1846 locis
848 1801 1107 1845 videbimus.
1140 1804 1292 1861 Itaque
1314 1802 1512 1862 sequitur
1537 1820 1546 1846 ε
1577 1820 1597 1844 «
1622 1802 1735 1846 Dixit

347 1889 366 1913 »
401 1887 503 1929 ergo
524 1872 582 1914 eis
606 1872 767 1915 Pilatus
790 1890 798 1915 :
822 1872 1016 1930 Accipite
1039 1886 1139 1914 eum
1161 1886 1252 1926 vos,
1274 1881 1318 1915 et
1329 1871 1571 1916 secundum
1593 1870 1735 1929 legem

345 1959 367 1983 »
400 1951 585 1987 vestram
602 1942 796 2001 judicate
818 1957 933 1986 eum.
964 1943 1172 1986 Dixerunt
1207 1957 1312 2001 ergo
1341 1943 1379 1986 ei
1402 1942 1545 1986 Judaei
1573 1943 1734 1988 zNobis

347 2030 367 2053 n
403 2027 493 2056 non
513 2012 616 2056 licet
636 2013 879 2056 interficere
903 2027 1170 2072 quemquam
1198 2031 1207 2056 ε
1228 2022 1279 2057 ut
1301 2027 1440 2057 sermo
1458 2015 1561 2057 Jesu
1575 2012 1734 2072 imple·-

347 2099 368 2122 »
403 2091 544 2135 retur,
570 2097 701 2139 quem
723 2080 855 2134 dixit,
880 2082 1125 2138 significans
1146 2097 1233 2139 qua
1255 2091 1366 2126 esset
1385 2091 1526 2126 morte
1547 2082 1734 2126 moritu-

346 2168 367 2191 »
403 2165 489 2195 rus.
510 2150 681 2194 Introiit
693 2165 797 2208 ergo
812 2151 967 2194 iterum
981 2151 1027 2193 in
1040 2151 1291 2208 praetorium
1307 2151 1485 2206 Pilatus,
1503 2160 1548 2196 et
1559 2152 1734 2197 vocavit

347 2238 367 2261 »
402 2222 549 2264 Jesum
570 2254 581 2274 ‚
607 2229 650 2263 et
672 2219 778 2263 dixit
801 2220 838 2263 ei
863 2238 872 2263 z
901 2222 967 2263 Tu
988 2235 1032 2263 es
1048 2235 1120 2263 rex
1139 2223 1163 2263 J
1169 2220 1419 2264 udaeorum?
1437 2224 1494 2265 Et
1508 2220 1735 2281 respondit

347 2308 367 2332 »
401 2292 425 2334 J
431 2305 526 2334 esus
539 2293 591 2335 :A
607 2290 839 2348 temetipso
853 2290 937 2333 hoc
951 2290 1072 2345 dicis,
1084 2306 1139 2333 an
1149 2289 1220 2334 alii
1232 2290 1310 2333 tibi
1324 2291 1528 2334 dixerunt
1540 2290 1596 2335 de
1607 2293 1728 2335 meP»

343 2364 400 2406 Et
421 2362 502 2405 hoc
526 2361 744 2405 videretur
766 2376 854 2405 non
872 2362 1104 2405 convenire
1125 2361 1188 2404 illi
1206 2360 1327 2420 quod
1349 2362 1402 2405 ab
1425 2362 1517 2406 aliis
1535 2377 1729 2407 comme·

341 2443 560 2478 moratum
583 2442 647 2477 est
667 2451 676 2477 :
701 2451 721 2474 «
747 2432 989 2491 Respondit
1010 2435 1133 2476 Jesus
1155 2451 1164 2476 ς
1184 2435 1249 2475 Tu
1266 2433 1371 2476 dicis
1396 2452 1405 2477 :
1424 2433 1543 2477 »nisi
1565 2434 1610 2478 in
1622 2449 1733 2478 eon-

341 2503 622 2562 sequentibus
643 2502 890 2547 ostenderet
910 2511 953 2546 et
966 2501 1078 2546 illud
1091 2501 1258 2546 dictum
1272 2517 1377 2546 esse.
1399 2503 1521 2547 Unde
1539 2503 1733 2548 ostendit

342 2588 390 2617 ea
411 2589 510 2632 quae
543 2589 660 2617 nunc
683 2573 788 2618 dicit
813 2592 821 2618 z
847 2589 871 2617 a
900 2573 1065 2617 caeteris
1101 2574 1245 2632 potius
1276 2574 1561 2632 Evangelistis
1586 2574 1731 2618 tacita

340 2659 469 2702 quam
498 2659 518 2686 a
547 2645 728 2688 Domino
762 2645 875 2687 dieta
899 2659 987 2688 non
1023 2659 1125 2689 csse.
1169 2645 1360 2689 Attende
1396 2659 1498 2702 ergo
1532 2653 1692 2689 caetera
1720 2664 1728 2688 ι
