1819 3301
273 292 557 328 QUAESTIONUM
588 289 913 329 SEPTEiumzclM,
949 291 1072 319 Lusssn
1107 292 1228 319 uuus.
1359 283 1437 320 381

555 425 790 475 QUAESTIO
823 426 943 465 XVII.

117 558 153 600 Ι.
169 559 393 600 «FnATnEs
408 557 516 616 ejus,
533 557 738 612 Jacobus,
754 566 797 601 et
812 558 990 617 Joseph,
1002 567 1045 601 et
1060 557 1224 612 Simon,
1237 566 1280 601 et
1296 557 1446 612 Judas,

71 645 92 669 »
128 635 170 670 et
201 642 365 671 sorores
401 628 514 686 ejus,
549 642 697 672 nonne
730 643 879 671 omnes
917 626 1035 687 apud
1063 643 1140 672 nos
1173 630 1304 672 sunt?
1331 626 1452 672 Unde

73 717 93 739 n
128 713 231 757 ergo
264 699 367 743 huic
401 699 546 742 omnia
579 699 685 743 ista?
719 702 775 743 Et
808 698 1211 743 scandalizabantur
1242 699 1287 743 in
1309 702 1401 745 eo¹.
1430 717 1451 740 »

71 772 242 814 Fratres
263 770 380 829 apud
402 768 578 814 Judaeos
600 770 684 814 dici
700 768 835 815 solere
848 779 1054 829 cognatos
1068 786 1206 830 usque
1228 770 1335 815 adeo
1351 786 1455 830 pro-

73 840 227 895 batur,
260 849 308 884 ut
330 855 419 884 non
451 839 592 884 solum
615 856 665 884 ex
696 841 944 900 propinquo
975 840 1261 900 generationis
1294 841 1453 900 gradu,

75 910 187 954 sicut
216 919 318 954 sunt
349 909 426 953 filii
454 909 638 954 fratrum
660 919 704 954 et
726 926 921 954 sororum
940 946 950 966 ,
985 911 1061 971 qui
1083 912 1212 955 etiam
1234 910 1351 972 apud
1381 927 1459 955 nos

76 980 349 1025 usitatissime
363 979 517 1024 fratres
535 979 742 1024 dicuntur
758 1001 769 1038 3
792 980 864 1024 sed
884 981 1011 1024 etiam
1032 981 1272 1026 avunculus
1289 992 1331 1026 et
1348 997 1461 1026 soro-

77 1052 133 1095 ris
155 1051 269 1095 filius
282 1086 293 1105 ,
320 1051 430 1095 sicut
452 1051 534 1094 sibi
549 1061 672 1095 erant
689 1051 825 1095 Jacob
843 1060 886 1095 et
904 1052 1052 1095 Laban
1065 1088 1075 1107 ,
1095 1052 1245 1097 fratres
1259 1052 1462 1112 appellati

76 1122 396 1166 inveniantur2.
429 1123 524 1165 Non
547 1137 650 1180 ergo
673 1122 831 1165 mirum
849 1131 912 1165 est
934 1122 1071 1166 dictos
1089 1139 1178 1167 esse
1203 1122 1354 1166 fratres
1379 1126 1464 1166 Do-

79 1191 183 1234 mini
197 1207 247 1234 ex
260 1200 457 1234 materno
476 1207 632 1249 genere
645 1207 944 1250 quoscumque
967 1202 1311 1250 cognatos3cu1n
1335 1193 1464 1236 etiam

81 1278 133 1306 ex
156 1262 413 1320 cognatione
436 1263 596 1320 Joseph
620 1261 703 1305 dici
738 1262 960 1320 potuerint
986 1261 1139 1306 fratres
1172 1264 1262 1322 ejus
1294 1264 1349 1307 ab
1382 1263 1464 1319 eis,

82 1333 157 1393 qui
178 1332 302 1376 illum
320 1342 487 1391 patrem
507 1333 681 1376 Domini
702 1348 791 1376 esse
814 1333 1152 1377 arbitrabantur.

142 1406 200 1447 11.
227 1402 483 1447 Generalem
517 1403 729 1462 justitiam
758 1418 847 1447 non
869 1403 1001 1448 violat
1022 1404 1140 1463 quis,
1181 1404 1260 1448 nisi
1287 1403 1468 1448 libidine

83 1483 371 1532 transgressus
401 1472 533 1517 fuerit
555 1482 631 1516 aut
646 1472 858 1532 placitum
882 1474 1093 1517 societatis
1112 1473 1337 1529 humanae',
1359 1475 1471 1518 sicut

86 1553 149 1588 est
172 1543 336 1587 furtum
351 1579 361 1598 ,
388 1543 535 1602 rapina
552 1578 562 1598 ,
585 1542 845 1587 adulterium
859 1579 869 1598 ,
893 1543 1081 1588 incestus
1096 1579 1106 1599 ,
1132 1554 1176 1588 et
1197 1544 1469 1604 hujusmodi3

88 1624 163 1659 aut
185 1624 407 1669 naturam,
433 1614 544 1658 sicut
567 1623 630 1658 est
650 1613 914 1658 contumelia
933 1649 943 1668 ,
969 1613 1129 1668 caedes,
1154 1613 1440 1658 homicidium
1458 1649 1469 1668 ,

90 1685 349 1730 concubitus
381 1683 674 1728 masculorum
713 1683 783 1728 vel
823 1698 1052 1742 pecorum,
1096 1692 1171 1727 aut
1211 1684 1391 1727 modum
1428 1685 1475 1727 in

92 1755 327 1809 concessis,
366 1754 480 1798 sicut
512 1762 573 1797 est
607 1753 844 1812 superbum
874 1752 1058 1812 amplius
1080 1754 1307 1798 verberare
1341 1769 1475 1814 quam

92 1835 290 1886 oportet,
325 1824 394 1870 vel
416 1825 686 1884 superfluum
715 1825 841 1868 edere
866 1824 935 1868 vel
960 1824 1110 1868 bibere
1138 1823 1322 1883 amplius
1344 1840 1477 1884 quam

95 1905 283 1956 oportet,
320 1911 421 1940 cum
457 1896 548 1954 ipsa
580 1895 765 1955 conjuge
800 1894 1092 1938 concumbere
1128 1893 1312 1954 amplius
1345 1909 1475 1954 quam

96 1975 284 2027 oportet,
307 1974 350 2010 et
372 1965 541 2010 similia.

158 2040 238 2081 ΙΙΙ.
275 2040 391 2080 Bene
434 2035 689 2093 intelligitur
728 2034 911 2094 Spiritus
944 2044 1118 2079 sanctus
1154 2034 1253 2079 ideo
1292 2035 1482 2094 primum

101 2108 348 2165 linguarum
371 2104 536 2149 donum
566 2104 734 2149 dedisse
756 2105 1030 2160 hominibus,
1058 2121 1157 2165 quae
1178 2114 1305 2164 pacto
1328 2114 1370 2149 et
1387 2104 1482 2164 pla-

102 2178 188 2222 cito
225 2175 454 2220 hominum
482 2174 695 2218 institutae
732 2185 856 2229 sunt,
881 2185 925 2219 et
958 2175 1193 2220 forinsecus
1232 2191 1308 2234 per
1340 2191 1487 2219 sensus

105 2247 296 2307 corporis
322 2245 635 2290 consuetudine
669 2244 874 2288 audiendi
897 2246 1149 2301 discuntur,
1181 2255 1231 2290 ut
1252 2246 1311 2290 eis
1340 2255 1488 2290 osten-

107 2318 229 2364 deret
259 2332 390 2377 quam
422 2314 547 2360 facile
569 2324 709 2373 posset
742 2315 955 2375 sapientes
977 2313 1117 2360 facere
1139 2330 1215 2375 per
1236 2316 1490 2375 sapientiam

107 2389 207 2444 Dei,
234 2403 333 2448 quae
350 2387 396 2430 in
413 2386 470 2430 eis
492 2385 661 2429 interna
683 2394 761 2429 est.

170 2461 245 2503 lv.
275 2460 386 2501 Item
402 2455 604 2500 voluntas
618 2455 750 2499 Verbi
767 2454 1014 2514 sempiterni
1036 2454 1198 2499 stabilis
1214 2464 1278 2500 est
1298 2471 1488 2516 semper,

112 2529 214 2590 quia
235 2526 365 2573 simul
385 2526 519 2571 habet
540 2525 683 2571 omnia
703 2544 712 2570 :
733 2534 877 2570 nostra
895 2533 1041 2570 autem
1062 2525 1262 2571 voluntas
1285 2526 1382 2572 ideo
1404 2542 1495 2572 non

163 2632 171 2649 ¹
197 2624 312 2658 Matth.
332 2635 400 2666 xm,
419 2622 476 2665 55,
494 2622 546 2656 56.
564 2639 606 2645 —
621 2628 633 2645 ²
653 2625 731 2671 Gen.
753 2632 841 2664 xxix,
862 2624 914 2654 15.
