1819 3301
346 304 429 342 202
770 313 802 340 s.
842 313 1071 341 mausum
1107 305 1290 340 Enseors

344 381 516 425 Christo
550 380 859 439 regnantibus,
894 379 1060 423 molesti
1098 394 1187 422 esse
1218 395 1307 423 non
1341 379 1518 439 possint.
1555 382 1732 425 Intuere

345 451 587 510 apostolum
614 450 793 494 Paulum
809 485 818 503 ‚
845 465 990 493 nonne
1016 449 1093 492 tibi
1117 449 1288 493 videtur
1309 450 1353 494 in
1373 451 1523 510 seipso
1549 452 1733 510 Stepha-

344 538 449 566 num
481 531 714 578 martyrem
745 520 992 575 vindicare,
1025 536 1124 564 cum
1150 521 1255 565 dicit
1284 540 1292 566 :
1323 541 1343 563 «
1377 525 1474 566 Non
1502 522 1560 566 sic
1584 538 1733 581 pugno

345 611 364 633 n
402 602 609 651 tanquam
639 596 780 634 aerem
803 591 994 645 caedens,
1021 591 1096 635 sed
1120 592 1283 650 castigo
1313 608 1469 651 corpus
1495 608 1639 636 meum
1658 627 1669 647 ‚
1690 601 1734 637 et

347 681 367 703 »
402 662 596 706 servituti
619 662 799 721 subjicio
816 664 826 687 ¹
844 664 861 702 ’ἰ
888 680 905 702 n
934 664 1040 705 Nam
1067 663 1149 705 hoc
1173 663 1216 704 in
1241 677 1284 705 se
1307 662 1460 722 utique
1483 672 1733 721 prosterne-

346 734 439 787 bat,
465 742 508 776 et
536 731 822 785 debilitabat,
852 741 894 775 et
924 733 1087 776 victum
1110 731 1366 785 ordinabat,
1394 732 1513 776 unde
1551 733 1734 792 Stepha-

343 818 449 847 num
481 812 746 862 caeterosque
760 802 1032 847 ‘Christianos
1055 802 1196 846 fuerat
1217 812 1483 862 persecutus.
1510 805 1614 857 Quis
1632 819 1733 862 ergo

343 874 563 918 convincit
596 877 806 931 Martyres
839 883 1009 917 sanctos
1029 870 1119 918 nori
1140 873 1268 918 talem
1291 890 1411 918 suam
1441 874 1677 919 vindictam
1709 890 1733 919 a

340 945 525 989 Domino
547 960 636 988 esse
665 944 916 1003 deprecatos
935 979 944 997 ‚
971 960 1069 987 cum
1093 944 1221 988 etiam
1253 944 1382 988 finem
1402 945 1531 1005 hujus
1555 944 1727 1000 saeculi,

342 1016 387 1059 in
409 1031 496 1074 quo
531 1024 647 1058 tanta
676 1015 804 1058 exitia
838 1014 1138 1073 pertulerunt,
1167 1015 1220 1058 ad
1245 1029 1369 1058 suam
1390 1013 1629 1059 vindictam
1652 1030 1734 1075 po-

343 1086 507 1130 tuerint
528 1086 709 1130 licenter
736 1087 916 1144 optare‘?
950 1085 1079 1138 Quod
1101 1086 1177 1145 qui
1200 1094 1347 1140 orant,
1383 1093 1426 1128 et
1447 1100 1527 1144 pro
1549 1085 1733 1129 inimicis

343 1157 428 1200 suis
454 1165 579 1200 orant
613 1157 689 1216 qui
723 1156 935 1200 sanabiles
964 1165 1093 1211 sunt,
1130 1165 1172 1200 et
1202 1165 1351 1200 contra
1377 1155 1474 1200 illos
1496 1171 1585 1199 non
1607 1164 1734 1200 orant

343 1227 419 1287 qui
441 1226 699 1271 insanabiles
734 1242 824 1270 esse
853 1226 1089 1271 voluerunt
1116 1246 1124 1271 :
1151 1227 1252 1287 quia
1290 1230 1402 1270 Deus
1438 1242 1614 1287 quoque
1646 1242 1733 1286 pu-

343 1297 503 1342 niendo
526 1298 620 1342 illos
643 1314 731 1342 non
759 1307 822 1341 est
844 1297 1084 1341 malevolus
1108 1306 1267 1351 tortor,
1289 1298 1363 1341 sed
1379 1298 1637 1357 justissimus
1659 1313 1733 1342 or·-

343 1368 531 1412 dinator.
572 1369 672 1412 Sine
703 1367 791 1411 ulla
833 1383 935 1426 ergo
969 1367 1244 1411 dubitatione
1274 1367 1504 1426 diligamus
1537 1368 1733 1413 inimicos

343 1447 511 1482 nostros
529 1473 539 1491 ‚
579 1437 900 1500 benefaciamus
933 1438 997 1481 his
1026 1438 1101 1498 qui
1137 1439 1325 1483 oderunt
1360 1454 1437 1482 nos
1457 1473 1467 1493 ,
1492 1447 1535 1482 et
1559 1454 1734 1484 oremus

342 1524 422 1568 pro
440 1509 499 1552 eis
522 1509 598 1568 qui
616 1524 694 1553 nos
711 1517 1050 1568 persequuntur.

342 1699 1732 1715 mmwuxmlmmmmmmmwmwumvmmmmss

814 1853 1031 1902 CAPUT
1069 1855 1260 1900 XXIII.

405 2022 649 2064 LXXVIII.
673 2022 798 2073 Qnon
814 2029 959 2063 autem
980 2029 1296 2079 consequenter
1316 2021 1507 2078 positum
1524 2029 1587 2064 est
1609 2039 1617 2066 :
1634 2040 1653 2063 «
1673 2023 1730 2065 Ut

349 2108 369 2131 »
403 2090 492 2133 sitis
517 2089 593 2132 filii
619 2090 752 2133 Patris
770 2090 897 2133 vestri
915 2090 990 2149 qui
1012 2089 1057 2132 in
1080 2089 1199 2133 coelis
1223 2092 1342 2144 est2,
1368 2109 1385 2130 υ
1413 2105 1465 2132 ex
1488 2088 1559 2133 illa
1583 2088 1731 2149 regula

344 2160 674 2218 intelligendum
694 2170 777 2215 est,
804 2177 887 2220 qua
914 2171 956 2204 et
977 2164 1165 2204 Joannes
1184 2159 1289 2204 dicit
1315 2180 1322 2203 ;
1353 2179 1372 2201 (ι
1399 2160 1527 2204 Dedit
1548 2160 1630 2205 illis
1649 2176 1730 2220 po-

347 2250 368 2272 »
403 2240 600 2275 testatem
633 2231 742 2275 filios
769 2232 843 2274 Dei
869 2231 1006 2274 fieri3.
1037 2249 1055 2271 »
1086 2231 1203 2273 Unus
1232 2230 1347 2273 enim
1378 2230 1634 2275 naturaliter
1657 2231 1732 2275 Fi-

344 2300 427 2344 lius
445 2311 533 2355 est,
558 2302 632 2361 qui
666 2301 801 2345 nescit
824 2302 1001 2345 omnino
1029 2315 1205 2359 peccare
1225 2319 1233 2344 :
1254 2316 1332 2345 nos
1351 2311 1496 2345 autem
1516 2311 1728 2360 potestate

346 2381 519 2430 accepta
542 2373 757 2416 efficimur
779 2372 870 2425 filii,
888 2373 932 2414 in
956 2381 1168 2431 quantum
1195 2387 1242 2414 ea
1275 2388 1373 2431 quae
1396 2372 1451 2415 ab
1477 2371 1552 2415 illo
1575 2372 1729 2431 praeci-

346 2442 526 2500 piuntur
545 2441 791 2501 implemus.
808 2441 932 2485 Unde
955 2440 1187 2500 apostolica
1207 2440 1432 2500 disciplina
1450 2441 1729 2500 adoptionem

345 2512 551 2570 appellat,
577 2522 663 2572 qua
693 2513 736 2555 in
763 2521 970 2556 aeternam
1004 2511 1301 2555 haereditatem
1324 2527 1531 2557 vocamur
1547 2547 1558 2568 ,
1582 2521 1633 2556 ut
1653 2527 1730 2557 co-

395 2625 402 2641 ¹
430 2630 440 2649 1
463 2620 534 2651 Cor.
554 2630 601 2659 ιι,
622 2619 675 2651 26.
698 2636 740 2642 —-
766 2626 778 2641 '
803 2619 919 2651 Matth.
940 2630 971 2659 v,
998 2618 1052 2660 45.
1077 2636 1111 2643 -
1132 2617 1145 2642 3
1166 2621 1257 2651 Joan.
1278 2631 1302 2659 ι,
1328 2628 1378 2652 ¹2.
