1819 3301
271 258 325 283 DE
357 254 566 284 consensu
599 252 1011 292 EVANGELISTARum,
1047 257 1129 282 Lm.
1166 258 1231 281 ιιι.
1385 245 1439 282 79

0 341 2 349 =
65 323 191 366 tionis
208 321 385 366 modum
405 356 416 376 ,
438 321 485 364 id
507 329 585 375 est,
606 336 628 363 a
650 328 772 378 parte
791 327 930 362 totum
945 354 955 373 ,
977 319 1022 362 in
1035 328 1280 363 sanctarum
1297 320 1441 377 Scrip-

64 401 261 437 turarum
298 390 513 435 solvendis
546 389 857 450 quaestiouibus
892 388 1129 448 plurimum
1164 388 1306 432 valere
1343 403 1442 432 nes-

65 461 247 515 cientes,
272 469 442 504 noctem
464 458 699 503 voluerunt
726 474 1010 502 annumerare
1039 468 1122 502 tres
1144 457 1238 502 illas
1265 459 1392 502 horas
1420 473 1444 501 a

65 539 181 574 sexta
205 545 343 589 usque
365 529 419 573 ad
437 544 598 573 nonam
620 528 780 587 quibus
797 527 858 572 sol
887 530 1141 572 obscuratus
1161 537 1244 583 est,
1264 536 1307 572 et
1328 527 1442 571 diem

0 630 1 635 =
65 609 151 644 tres
172 600 300 643 horas
316 599 417 643 alias
430 599 590 658 quibus
612 598 770 641 iterum
792 599 914 642 terris
938 608 1000 642 est
1016 598 1232 653 redditus,
1254 597 1298 641 id
1320 606 1398 652 est,
1422 613 1445 641 a

0 666 1 684 ³
66 685 182 715 nona
208 684 346 729 usque
367 667 423 712 ad
452 670 545 728 ejus
571 683 788 712 occasum.
818 668 1022 727 Sequitur
1046 668 1161 712 enim
1192 683 1278 713 nox
1308 666 1446 711 futuri

65 739 251 794 sabbati,
271 754 358 798 qua
378 753 479 782 cum
495 753 573 782 suo
596 737 666 782 die
683 747 949 796 computata,
974 747 1102 782 erunt
1113 740 1202 797 jam
1221 737 1322 781 duae
1342 753 1447 781 noc-

67 817 129 853 tes
146 817 192 852 et
211 808 300 852 duo
319 807 410 852 dies
431 826 441 852 :
466 823 596 867 porro
615 816 761 851 autem
785 816 880 866 post
899 808 1131 851 sabbatum
1152 808 1346 867 sequitur
1361 823 1445 851 nox

66 878 216 937 primae
233 877 419 932 sabbati,
443 877 490 922 id
508 887 587 931 est,
619 876 908 932 illucescentis
925 876 1010 920 diei
1037 877 1274 931 Dominici,
1298 877 1344 920 in
1360 892 1447 936 qua

66 957 175 992 tunc
195 947 407 991 Dominus
430 947 663 990 resurrexit
682 965 692 991 :
716 956 844 990 erunt
865 962 967 1004 ergo
993 945 1092 990 duae
1123 955 1271 990 noctes
1294 956 1337 990 et
1358 946 1447 990 duo

69 1015 183 1071 dies,
204 1025 248 1061 et
257 1032 343 1060 una
362 1032 465 1070 nox,
489 1016 655 1060 etiamsi
675 1025 766 1060 tota
782 1025 924 1074 posset
940 1015 1137 1074 intelligi,
1154 1032 1235 1060 nec
1251 1016 1447 1060 ostende-

68 1100 211 1129 remus
228 1084 349 1145 quod
369 1084 482 1128 illud
508 1084 753 1128 diluculum
774 1100 871 1143 pars
894 1087 985 1143 ejus
1010 1094 1200 1129 extrema
1223 1086 1277 1129 sit
1302 1104 1310 1130 ε
1336 1101 1447 1145 qua-

66 1163 244 1214 propter
260 1170 340 1198 nec
357 1154 648 1198 annumeratis
662 1154 744 1197 illis
766 1169 836 1197 sex
855 1154 970 1198 horis
986 1188 996 1208 ,
1023 1170 1206 1213 quarum
1225 1155 1362 1198 tribus
1386 1154 1450 1198 sol

68 1226 403 1270 contenebratus
425 1234 510 1279 est,
535 1234 578 1268 et
600 1225 739 1268 tribus
766 1225 922 1280 eluxit,
947 1226 1162 1269 constabit
1186 1226 1293 1269 ratio
1316 1226 1451 1269 trium

69 1295 237 1338 dierum
264 1304 308 1338 et
331 1295 463 1338 trium
494 1294 704 1338 noctium.
731 1297 880 1338 Restat
901 1310 1004 1353 ergo
1034 1304 1083 1338 ut
1103 1294 1178 1338 illo
1208 1295 1451 1354 Scriptura-

70 1380 168 1408 rum
190 1363 465 1408 usitatissimo
486 1363 694 1423 loquendi
719 1364 849 1407 modo
865 1399 875 1417 ,
909 1380 996 1423 quo
1018 1380 1042 1407 a
1068 1374 1188 1423 parte
1218 1374 1360 1409 totum
1382 1365 1450 1408 in-

70 1433 590 1491 telligitur,'”inveniamus
608 1442 847 1476 extremum
862 1433 976 1476 diem
996 1442 1164 1493 tempus
1182 1438 1450 1490 Parasceves,

70 1518 158 1562 quo
176 1502 407 1546 crucifixus
430 1511 472 1545 et
489 1501 683 1560 sepultus
699 1511 762 1545 est
787 1502 1012 1556 Dominus,
1033 1512 1076 1546 et
1093 1519 1144 1547 ex
1162 1505 1250 1562 ipsa
1266 1514 1453 1547 extrema

71 1581 192 1632 parte
207 1580 348 1615 totum
367 1571 480 1615 diem
496 1587 596 1614 cum
614 1587 689 1615 sua
711 1581 854 1625 noete,
872 1573 947 1632 qui
961 1574 1051 1632 jam
1075 1583 1271 1631 peractus
1294 1573 1450 1627 fuerat,

72 1641 330 1700 accipiamus
353 1659 360 1684 :
391 1640 586 1684 medium
612 1656 736 1695 vero,
756 1641 802 1684 id
829 1650 913 1695 est,
944 1642 1114 1685 sabbati
1146 1642 1258 1686 diem
1277 1678 1288 1696 ,
1319 1658 1407 1686 non
1431 1659 1454 1686 a

71 1719 193 1770 parte
209 1745 220 1765 ,
257 1709 332 1754 sed
364 1711 529 1768 integre
558 1718 698 1753 totum
738 1728 748 1754 2
785 1711 959 1753 tertium
994 1726 1137 1754 rursus
1172 1727 1194 1754 e
1229 1721 1349 1771 parte
1379 1728 1455 1756 sua

73 1780 211 1840 prima
229 1814 240 1833 ,
260 1778 306 1822 id
328 1788 407 1832 est,
432 1795 453 1821 a
471 1787 598 1822 nocte
613 1788 752 1822 totum
776 1794 872 1822 cum
897 1795 974 1823 suo
992 1780 1149 1824 diurno
1170 1790 1388 1840 tempore,
1408 1797 1456 1825 ac

72 1851 132 1895 sic
162 1851 241 1892 erit
262 1849 457 1892 triduum
486 1868 494 1893 z
520 1849 889 1908 quemadmodum
918 1849 980 1893 illi
1001 1860 1099 1894 octo
1121 1851 1211 1895 dies
1233 1862 1330 1910 post
1349 1868 1456 1911 quos

75 1918 268 1964 ascendit
289 1918 335 1961 in
355 1926 565 1972 montem,
587 1933 776 1977 quorum
793 1919 955 1962 medios
977 1920 1165 1978 integros
1185 1920 1457 1966 attendentes

74 1988 306 2032 Matthaeus
328 1990 371 2030 e‘t
400 1989 570 2031 Marcus
592 1986 792 2030 dixerunt
819 2007 826 2031 :
859 2007 879 2029 «
907 1991 1007 2032 Post
1034 2004 1105 2032 sex
1122 1989 1212 2034 dies
1243 2009 1251 2035 z
1286 2010 1305 2032 υ
1337 1992 1457 2051 quod

75 2060 212 2101 Lucas
233 2057 341 2100 dixit
366 2075 374 2100 :
404 2074 424 2097 «
450 2059 552 2100 Post
573 2065 671 2100 octo
692 2055 782 2099 dies
806 2058 834 2099 ¹.
863 2074 882 2097 »

120 2122 313 2170 LXVII..
347 2128 474 2171 Nunc
500 2126 590 2185 jam
621 2134 776 2169 caetera
808 2125 1053 2182 videamus,
1086 2128 1458 2187 quemadmodum

77 2197 285 2241 Matthaeo
313 2205 570 2253 congruant.
596 2199 732 2240 Lucas
758 2196 871 2239 enim
898 2199 1159 2256 apertissime
1182 2200 1290 2243 duos
1314 2204 1459 2258 Ange-

76 2265 141 2310 los
163 2266 269 2311 dicit
290 2266 403 2310 visos
426 2266 555 2310 fuisse
581 2282 602 2310 a
627 2266 880 2310 mulieribus
897 2303 907 2321 ,
933 2284 1031 2327 quae
1056 2279 1268 2313 venerunt
1287 2270 1341 2313 ad
1363 2287 1460 2314 mo-

81 2345 340 2380 numentum
359 2370 369 2390 ,
398 2351 586 2395 quorum
608 2335 798 2394 singulos
825 2336 1170 2382 intellexeramus
1193 2334 1459 2383 commemo-

80 2414 194 2449 ratos
213 2421 237 2449 a
259 2403 456 2460 duobus,
476 2420 611 2449 unum
636 2421 659 2448 a
681 2406 911 2461 Matthaeo,
932 2406 977 2460 igi
999 2416 1077 2463 est,
1102 2408 1223 2451 illum
1246 2409 1319 2468 qui
1342 2419 1460 2454 extra

78 2482 409 2518 monumentum
427 2474 605 2518 sedebat
624 2474 669 2518 in
690 2474 861 2534 lapide,
875 2475 1059 2521 alterum
1085 2494 1108 2522 a
1129 2481 1296 2534 Marco,
1314 2479 1359 2523 id.
1376 2489 1458 2535 est,

127 2564 135 2579 ¹
157 2556 235 2589 Vide
249 2566 344 2598 supra
357 2556 412 2588 lib,
432 2568 465 2597 n,
479 2567 550 2599 cap.
572 2568 635 2598 ινι,
653 2567 683 2588 ιι.
710 2557 783 2589 ιι3.
