1819 3301
348 266 428 303 152
775 275 807 302 s.
846 277 1072 303 Aucus'nm
1108 276 1284 301 EPISCOP!

345 342 578 385 risaeorum.
601 340 773 383 Justitia
791 340 1104 383 Pharisaeoruni
1121 348 1198 392 est,
1218 348 1265 382 ut
1289 355 1375 383 non
1394 339 1590 382 accidant
1606 359 1616 395 3
1631 340 1725 398 jus-

343 412 435 456 titia
455 426 604 455 eorum
625 411 700 469 qui
723 411 921 453 intraturi
938 420 1039 452 sunt
1054 410 1098 452 in
1117 426 1298 467 regnum
1319 411 1416 464 Dei,
1442 418 1492 452 ut
1511 425 1600 453 non
1618 412 1724 454 iras-

343 491 498 526 cantur
514 482 604 525 sine
622 496 747 524 causa
770 500 778 524 ;
800 480 1027 523 minimum
1043 489 1106 523 est
1124 496 1226 539 ergo
1243 497 1330 524 non
1347 479 1543 524 occidere
1563 501 1574 537 3
1594 481 1726 540 etqui

342 551 453 596 illud
473 549 667 604 solverit,
690 550 893 593 minimus
911 550 1137 594 vocabitur
1160 551 1205 593 in
1229 565 1361 608 regno
1384 550 1596 594 coelorum
1618 570 1626 594 :
1650 551 1726 610 qui

342 632 488 666 autem
506 620 616 664 illud
635 619 877 678 impleverit
892 629 941 663 ut
958 636 1047 664 non
1069 619 1253 674 occidat,
1272 637 1361 664 non
1377 621 1586 664 continuo
1605 635 1726 678 mag-

342 706 423 735 nus
448 692 529 733 erit
556 699 599 733 et
630 688 812 733 idoneus
836 706 970 749 regno
999 689 1213 734 coelorum
1229 725 1240 744 ,
1265 690 1340 733 sed
1360 699 1505 733 tamen
1534 691 1729 734 ascendit

342 761 531 820 aliquem
555 759 738 818 gradum
759 781 770 817 3
792 761 1039 818 perficietur
1061 769 1205 803 autem
1219 795 1230 813 ,
1256 760 1290 803 si
1309 775 1388 804 nec
1410 760 1617 804 irascatur
1638 761 1729 803 sine

341 845 469 874 causa
491 849 499 873 :
521 829 641 889 quod
656 830 689 872 si
707 828 960 888 perfecerit,
982 830 1120 874 multo
1143 830 1349 873 remotior
1370 830 1450 873 erit
1467 830 1521 873 ab
1545 829 1728 874 homici-

342 900 428 944 dio.
462 902 738 958 Quapropter
762 899 837 958 qui
860 898 987 942 docet
1012 908 1061 942 ut
1087 915 1176 943 non
1204 899 1460 955 irascamur,
1491 915 1581 943 non
1603 899 1730 943 solvit

343 973 503 1028 Legem
526 985 580 1012 ne
603 967 874 1023 occidamus,
897 968 971 1012 sed
994 968 1147 1028 implet
1167 970 1336 1028 potius,
1363 978 1412 1013 ut
1434 979 1477 1014 et
1498 968 1601 1014 foris
1623 969 1729 1013 dum

342 1056 432 1084 non
461 1040 726 1094 occidimus,
763 1048 807 1083 et
839 1040 883 1083 in
911 1039 1041 1084 corde
1074 1039 1179 1084 dum
1206 1056 1296 1085 non
1317 1040 1567 1096 irascimur,
1600 1041 1729 1084 inno-

343 1111 528 1155 centiam
547 1109 855 1153 custodiamus.

403 1183 549 1225 XXII.
566 1178 788 1224 «Audistis
813 1195 932 1238 ergo,
958 1180 1116 1239 inquit,
1135 1181 1236 1240 quia
1256 1180 1423 1224 dictum
1439 1189 1503 1225 est
1522 1181 1728 1240 antiquis,

347 1270 368 1293 »
403 1254 501 1296 Non
523 1251 692 1295 occides
717 1267 728 1294 .·
753 1251 828 1310 qui
858 1260 1003 1294 autem
1035 1251 1241 1295 occiderit
1265 1286 1275 1305 ,
1306 1251 1472 1311 judicio
1505 1266 1602 1294 reus
1633 1251 1728 1295 erit.

347 1339 367 1362 »
405 1324 499 1379 Ego
523 1329 669 1364 autem
687 1320 785 1364 dico
807 1320 929 1364 vobis
947 1356 957 1375 ,
989 1322 1088 1380 quia
1113 1322 1252 1364 omnis
1276 1322 1351 1381 qui
1383 1322 1581 1365 irascitur
1610 1321 1733 1365 fratri

347 1409 368 1431 »
405 1405 483 1434 suo
506 1391 597 1434 sine
634 1406 761 1434 causa
778 1425 788 1444 ,
836 1406 932 1434 reus
960 1391 1040 1434 erit
1057 1391 1222 1449 judicio
1249 1411 1258 1436 ;
1283 1391 1359 1450 qui
1398 1400 1543 1434 autem
1579 1391 1734 1435 dixerit

406 1453 527 1503 fratri
549 1475 627 1504 suo
650 1460 797 1504 Racha
815 1494 826 1514 ,
853 1475 949 1503 reus
972 1460 1053 1504 erit
1073 1461 1256 1504 concilio
1280 1481 1288 1504 :
1315 1461 1391 1521 qui
1414 1470 1560 1504 autem
1579 1460 1736 1504 dixerit

353 1549 372 1571 »
410 1533 546 1574 Fatue
562 1565 572 1584 ‚
598 1546 695 1574 reus
718 1531 797 1574 erit
817 1531 1027 1588 gehennae
1050 1531 1200 1589 ignis&
1235 1549 1254 1572 n
1276 1531 1393 1584 Quid
1423 1532 1602 1575 interest
1621 1530 1736 1574 inter

347 1615 470 1644 reum
487 1597 678 1659 judicio,
703 1609 746 1643 et
769 1615 892 1643 reum
911 1601 1094 1644 concilio
1110 1636 1120 1654 ,
1146 1610 1189 1644 et
1214 1617 1338 1645 reum
1357 1601 1567 1659 gehennae
1589 1602 1698 1659 ignis
1718 1603 1736 1644 Ρ

347 1672 458 1713 Nam
471 1669 556 1712 hoc
569 1678 837 1727 postremum
857 1669 1155 1727 gravissimum
1173 1680 1313 1724 sonat,
1329 1679 1372 1714 et
1386 1671 1591 1714 admonet
1609 1685 1738 1730 quos·

348 1736 449 1782 darn
473 1736 631 1795 gradus
653 1737 789 1782 factos
811 1754 834 1781 a
855 1737 1091 1783 levioribus
1113 1740 1168 1783 ad
1186 1741 1379 1797 graviora
1394 1775 1404 1795 ,
1426 1739 1565 1784 donec
1586 1739 1642 1783 ad
1663 1755 1738 1798 ge-

348 1809 541 1852 hennam
569 1808 681 1866 ignis
701 1809 937 1852 veniretur.
963 1812 1020 1852 Et
1051 1809 1149 1853 ideo
1178 1811 1212 1853 si
1233 1809 1370 1854 levius
1410 1819 1473 1854 est
1504 1825 1625 1854 reum
1647 1825 1738 1854 esse

345 1877 511 1937 judicio
522 1893 655 1937 quam
673 1894 795 1923 reum
809 1894 898 1922 esse
915 1879 1123 1937 concilio,
1140 1880 1244 1923 item
1266 1880 1404 1924 levius
1421 1889 1484 1924 est
1504 1895 1628 1924 reum
1647 1895 1737 1924 esse

350 1947 559 2002 concilio,
585 1964 716 2008 quam
739 1964 828 1993 esse
850 1965 973 1993 reum
996 1950 1207 2008 gehennae
1230 1950 1367 2007 ignis,
1392 1959 1564 2010 oportet
1600 1950 1737 1995 levius

352 2033 442 2062 esse
476 2017 745 2077 intelligatur
774 2020 897 2064 irasci
934 2019 1024 2062 sine
1058 2035 1185 2063 causa
1220 2018 1368 2071 fratri,
1402 2034 1532 2079 quarn
1546 2054 1557 2074 ‚
1595 2018 1737 2063 dicere

357 2108 377 2131 «
411 2089 558 2132 Racha
575 2124 585 2144 ,
615 2108 634 2129 »
661 2099 703 2133 et
727 2106 871 2134 rursus
893 2089 1030 2134 levius
1060 2106 1149 2134 esse
1180 2089 1323 2134 dicere
1349 2110 1367 2131 «
1390 2091 1537 2134 Racha
1554 2124 1564 2144 ,
1603 2105 1736 2149 quam

352 2159 542 2204 dicere«
569 2162 719 2204 Fatue.
752 2180 770 2200 »
802 2164 900 2205 Non
933 2162 1046 2204 enim
1080 2170 1221 2205 reatus
1256 2162 1346 2218 ipse
1371 2160 1550 2204 haberet
1577 2159 1735 2218 gradus

352 2230 430 2274 nisi
455 2231 664 2287 gradatim
687 2232 815 2275 etiam
837 2242 1012 2292 peccata
1041 2239 1500 2274 commemorarentur.

409 2303 577 2344 XXIII.
596 2304 740 2345 Unum
755 2311 900 2345 autem
916 2302 986 2345 hic
1001 2302 1182 2344 verbum
1200 2301 1434 2344 obscurum
1448 2301 1636 2360 positum
1651 2309 1729 2355 est,

351 2370 453 2429 quia
474 2386 554 2414 nec
574 2387 762 2429 graecum
782 2388 860 2416 nec
884 2372 1066 2415 latinum
1090 2380 1152 2415 est
1178 2390 1196 2411 «
1226 2372 1392 2414 Rae-ha:
1418 2390 1436 2411 »
1457 2380 1611 2415 caetera
1631 2386 1733 2416 vero

350 2440 394 2481 in
417 2455 612 2484 sermone
635 2451 781 2484 nostro
805 2442 958 2485 usitata
982 2451 1097 2484 sunt.
1120 2441 1326 2484 Nonnulli
1352 2451 1495 2484 autem
1517 2441 1571 2484 de
1591 2457 1731 2499 graeco

352 2511 520 2553 trahere
543 2511 775 2555 voluerunt
798 2512 1194 2569 interpretationem
1221 2513 1347 2569 liujus
1369 2513 1502 2567 vocis,
1528 2521 1730 2571 putantes

401 2599 408 2613 ¹
429 2592 528 2623 Mam·
572 2606 601 2625 v.
625 2604 679 2633 Ἥ,
703 2604 742 2625 θ’).

349 1479 359 1501 )

360 1479 369 1501 υ
