1819 3301
326 226 408 265 434
757 236 789 264 s.
830 237 1057 263 Auousnffl
1096 237 1273 263 EPISCOPI

320 304 450 349 Elias.
477 303 681 347 Dominus
703 317 806 360 ergo
826 302 880 344 ad
899 301 1290 360 praessgurationem
1316 309 1429 345 recte
1444 335 1455 355 ‚
1480 319 1500 342 «
1529 303 1624 358 Ipse
1644 309 1708 344 est

324 393 343 415 »
360 372 473 418 Elias
492 391 501 417 :
517 391 536 414 η
557 375 745 416 Joannes
765 380 910 414 autem
927 379 1040 414 recte
1053 371 1107 414 ad
1119 371 1442 430 proprietatem.
1466 372 1597 415 «Non
1610 384 1707 413 sum

324 462 344 486 »
381 442 510 488 Elias.
553 461 572 483 »
609 444 697 486 Nec
725 443 913 485 Joannes
946 440 1124 496 falsum,
1156 456 1237 485 nec
1271 441 1480 485 Dominus
1514 438 1668 483 falsum
1695 457 1705 483 ι

320 530 401 559 nec
428 527 571 572 praeco
606 509 784 565 falsum,
814 526 894 555 nec
921 510 1062 554 ,Iudex
1094 510 1282 568 falsum3
1312 511 1387 555 sed
1419 511 1453 554 si
1474 509 1704 568 intelligas.

321 586 426 638 Quis
457 592 604 627 autem
639 582 882 641 intelliget?
915 582 998 636 Qui
1030 582 1223 627 imitatus
1254 581 1385 626 suerit
1419 581 1710 626 humilitatem

320 652 557 714 praeconis,
583 661 627 696 et
653 653 905 710 cognoverit
926 652 1229 697 celsitudinem
1253 651 1427 712 judicis.
1448 651 1565 697 Nihil
1593 651 1711 695 enim

320 722 525 767 humilius
546 722 640 781 ipso
665 737 878 781 praecone.
906 725 1077 766 Fratres
1100 723 1207 777 mei,
1232 722 1405 766 nullum
1421 731 1593 766 tantum
1615 735 1710 764 me-

319 795 451 839 ritum
469 796 493 838 J
498 809 675 848 oannes,
693 793 849 837 habuit
870 809 1001 853 quam
1019 793 1074 836 de
1093 794 1173 838 ista
1190 793 1450 849 humilitate,
1470 793 1591 854 quod
1608 807 1710 837 cum

322 873 463 925 posset
484 862 636 907 fallere
665 863 862 907 homines
878 898 889 918 ‚
914 872 958 906 et
980 864 1124 922 putari
1146 863 1364 919 Christus,
1387 872 1432 907 et
1454 863 1604 907 haberi
1631 877 1711 921 pro

322 935 494 980 Christo
508 969 519 989 ,
551 936 709 991 (tantae
732 933 848 977 enim
873 933 1266 994 gratiae,tantaeque
1288 932 1555 977 excellentiae
1577 931 1713 989 fuit‚)

321 1003 541 1050 confessus
576 1012 639 1047 est
672 1013 819 1047 tamen
851 1013 1026 1062 aperte,
1057 1012 1100 1048 et
1128 1003 1273 1048 dixit:
1315 1023 1335 1046 ι(
1370 1006 1469 1048 Non
1502 1017 1597 1047 sum
1631 1017 1713 1061 ego

325 1095 343 1116 »
379 1075 592 1120 Christus.
619 1074 844 1134 Numquid
863 1083 911 1117 tu
933 1074 1048 1118 Elias
1071 1076 1144 1118 es?
1166 1093 1185 1116 »
1214 1077 1312 1118 Jam
1329 1074 1363 1118 si
1384 1073 1548 1118 diceret
1569 1092 1579 1118 ι
1599 1072 1715 1117 Elias

321 1160 416 1189 sum
433 1165 444 1201 3
464 1159 566 1203 ergo
578 1145 670 1203 jam
692 1144 738 1186 in
759 1144 953 1188 secundo
971 1143 1164 1188 adventu
1182 1144 1414 1187 adveniens
1432 1144 1627 1188 Christus
1646 1144 1717 1203 ju-

322 1217 500 1269 dicaret,
517 1230 607 1258 non
625 1213 768 1257 adhue
785 1214 830 1257 in
847 1214 987 1273 primo
997 1214 1283 1273 judicaretur.
1305 1218 1532 1274 Tanquam
1546 1213 1712 1269 dicens,

325 1288 546 1329 Venturus
580 1294 644 1328 est
674 1293 718 1329 et
746 1284 861 1330 Elias
888 1304 896 1328 :
935 1304 954 1326 «
994 1287 1091 1329 Non
1128 1300 1221 1329 sum
1239 1320 1250 1339 ,
1295 1285 1438 1345 inquit
1462 1320 1474 1340 ‚
1513 1284 1643 1329 Elias.
1691 1302 1711 1325 »

326 1354 411 1400 Sed
443 1355 669 1399 observate
698 1353 931 1407 humilem,
965 1364 1066 1398 ante
1092 1370 1224 1414 quem
1254 1356 1375 1399 venit
1411 1357 1624 1409 Joannes,
1661 1369 1717 1397 ne

323 1426 480 1471 sentiat
507 1423 725 1468 excelsum
754 1434 853 1468 ante
883 1440 1014 1484 quem
1046 1435 1257 1469 venturus
1285 1435 1348 1469 est
1377 1425 1507 1469 Elias.
1543 1428 1653 1471 Nam
1674 1433 1718 1469 et

332 1496 537 1540 Dominus
566 1495 623 1537 ita
645 1493 882 1553 complevit
912 1514 920 1538 :
953 1516 971 1535 «
998 1498 1093 1554 lpse
1126 1504 1189 1538 est
1210 1498 1399 1539 ,Ioannes
1419 1496 1609 1554 Baptista
1641 1495 1718 1554 qui

331 1575 572 1610 »venturus
587 1574 664 1608 est.
687 1583 706 1605 »
723 1568 816 1624 Ipsa
832 1565 1183 1623 praefiguratione
1194 1566 1312 1609 venit
1326 1566 1420 1621 iste,
1435 1566 1718 1625 quaproprie-

328 1646 415 1680 tate
432 1644 641 1680 venturus
660 1644 722 1678 est
742 1634 871 1679 Elias.
897 1638 1019 1679 Tunc
1042 1634 1155 1679 Elias
1178 1651 1255 1695 per
1278 1636 1586 1695 proprietatem
1604 1634 1720 1679 Elias

327 1707 422 1761 erit,
450 1721 568 1749 nunc
588 1720 665 1764 per
687 1705 1016 1748 similitudinem
1031 1708 1220 1749 ,loannes
1242 1715 1348 1750 erat.
1374 1705 1508 1750 Modo
1530 1708 1720 1749 Joannes

328 1792 402 1835 per
426 1776 737 1835 proprietatem
771 1778 987 1829 Joannes,
1022 1791 1099 1834 per
1131 1775 1459 1820 similitudinem
1493 1775 1607 1819 Elias
1637 1784 1716 1819 est.

328 1846 470 1889 Ambo
502 1860 724 1904 praecones
754 1845 836 1888 sibi
866 1845 1083 1888 dederunt
1104 1845 1405 1889 similitudines
1429 1861 1526 1889 suas
1542 1880 1553 1901 ‚
1579 1854 1622 1889 et
1648 1854 1721 1899 *te-

330 1924 524 1959 nuerunt
551 1915 834 1973 proprietates
863 1930 960 1958 suas
987 1934 995 1959 :
1023 1931 1136 1960 unus
1158 1925 1305 1959 autem
1328 1917 1538 1961 Dominus
1561 1915 1718 1976 judex,

332 1987 418 2030 sive
436 1986 510 2030 illo
534 2001 735 2044 praecone
758 1986 1051 2043 praecedente,
1077 1987 1164 2030 sive
1185 1986 1276 2031 illo.

394 2059 491 2100 Vll.
523 2075 542 2097 «
569 2059 624 2099 Et
639 2056 1017 2113 interrogaverunt
1031 2071 1132 2099 eum
1152 2075 1161 2100 2
1181 2057 1299 2109 Quid
1315 2057 1442 2114 ergo?
1458 2056 1572 2100 Elias
1590 2072 1633 2100 es
1648 2057 1724 2100 tu?

340 2146 358 2168 »
394 2129 451 2170 Et
471 2126 579 2170 dixit
604 2146 612 2170 :
638 2129 749 2171 Non.
777 2129 832 2171 Et
853 2127 1056 2170 dixerunt
1077 2127 1115 2169 ei
1133 2146 1140 2171 ι
1169 2128 1383 2186 Propheta
1402 2130 1540 2171 estu?
1558 2131 1614 2172 Et
1634 2143 1724 2171 res-

341 2217 358 2238 »
395 2196 548 2256 pondit
575 2216 584 2241 ι
609 2199 721 2242 Νοη.
752 2197 957 2241 Dixerunt
979 2212 1082 2256 ergo
1104 2198 1142 2240 ci
1160 2217 1169 2241 :
1190 2199 1295 2250 Quis
1315 2214 1357 2242 es
1379 2200 1453 2241 tu?
1475 2208 1524 2242 ut
1544 2213 1726 2257 respon·

341 2287 359 2308 »
395 2283 492 2312 sum
511 2267 664 2311 demus
683 2267 747 2310 his
766 2268 841 2327 qui
869 2267 1080 2311 miserunt
1101 2282 1192 2310 nos·
1214 2269 1329 2320 Quid
1350 2268 1456 2312 dicis
1481 2268 1536 2312 de
1551 2269 1728 2327 teipso?

339 2355 359 2379 »
395 2338 491 2382 Ait:
509 2340 602 2395 Ego
626 2352 707 2381 vox
723 2338 947 2381 clamantis
965 2337 1009 2380 in
1035 2336 1204 2381 deserto
1222 2341 1249 2380 ¹.
1274 2357 1292 2378 n
1323 2341 1452 2381 lsa'i'as
1478 2338 1589 2382 illud
1603 2338 1724 2382 dixit.

341 2412 390 2451 ln
409 2411 577 2451 ,loanne
591 2408 817 2466 prophetia
832 2408 911 2451 ista
922 2406 1098 2466 impleta
1106 2417 1169 2450 est
1180 2443 1195 2462 ,
1215 2411 1338 2465 «Ego
1354 2424 1435 2452 vox
1449 2408 1673 2452 clamantis
1685 2408 1731 2451 in

345 2497 363 2518 »
399 2478 584 2521 deserto.
606 2496 626 2518 »
644 2477 759 2530 Quid
773 2476 1024 2522 clamantis?
1039 2496 1060 2518 «
1076 2476 1251 2535 Dirigite
1267 2478 1379 2522 viam
1394 2479 1580 2533 Domini,
1597 2487 1731 2522 rectas

390 2569 396 2584 ¹
418 2564 508 2592 Joan.
531 2579 551 2601 ι,
569 2560 676 2592 4ιι-ῐὶ3
