1819 3301
320 291 404 332 204
749 304 782 330 s.
819 300 1049 330 AUGUSTINI
1082 300 1264 328 zmscorx

318 370 445 430 hujus
463 369 563 413 vitae
582 367 782 412 solatium
796 367 949 411 afferat
967 365 1041 409 lux
1057 366 1135 410 ista
1154 364 1354 420 visibilis,
1375 364 1580 425 et‘pluvia
1600 381 1699 411 cor-

315 441 494 502 poralis,
521 440 617 500 quis
640 449 726 483 tam
749 439 942 497 ingratus
966 446 1030 481 est
1053 446 1101 481 ut
1123 453 1211 482 non
1233 437 1420 482 sentiat?
1440 436 1569 490 Quod
1588 437 1701 482 sola·

316 514 426 558 tium
438 510 635 556 videmus
652 519 694 553 et
703 510 828 569 justis
844 509 889 552 in
911 509 992 553 hac
1010 509 1097 553 vita
1113 518 1156 553 et
1180 509 1483 568 peccatoribus
1504 523 1705 554 commu-

318 584 430 628 niter
445 581 653 626 exhiberi.
669 583 766 625 Non
786 589 930 625 autem
947 580 1005 624 ait
1023 599 1032 625 z
1053 599 1073 622 «
1090 580 1171 634 Qui
1188 580 1293 624 facit
1312 580 1446 624 solem
1466 580 1566 624 oriri
1579 595 1707 639 super

321 675 341 697 »
378 655 516 699 bonos
535 662 578 696 et
600 651 735 696 malos
753 673 763 710 3
784 671 803 693 »
832 651 907 696 sed
931 651 1119 706 addidit,
1143 670 1162 693 «
1181 653 1339 707 Suum,
1360 669 1379 692 »
1402 650 1447 696 id
1470 660 1554 707 est,
1575 666 1708 712 quem

318 727 407 785 ipse
433 723 535 768 fecit
565 732 696 784 atque
730 723 956 767 constituit
982 731 1025 767 et
1053 738 1076 766 a
1103 721 1227 766 nullo
1260 722 1424 782 aliquid
1456 723 1637 782 sumpsit
1659 731 1710 767 ut

319 798 508 851 faceret,
539 796 648 839 sleut
680 795 725 838 in
748 795 901 839 Genesi
931 793 986 838 de
1019 793 1221 838 omnibus
1248 791 1537 837 luminaribus
1557 793 1710 838 scribi-

319 869 417 912 tur¹
438 888 448 924 3
470 866 546 926 qui
575 865 747 925 proprie
780 872 922 924 potest
945 864 1089 908 dicere
1116 879 1192 908 sua
1223 878 1313 908 esse
1335 863 1479 908 omnia
1501 898 1512 918 ‚
1535 879 1634 924 quae
1656 864 1710 908 de

319 938 457 983 nihilo
479 937 641 981 creavit
662 955 670 982 :
695 945 745 980 ut
762 936 865 980 hinc
887 935 1238 990 admoneremur,
1257 944 1420 996 quanta
1443 934 1707 978 liberalitate

320 1009 503 1058 inimicis
524 1008 680 1052 nostris
703 1023 752 1051 ex
772 1016 990 1066 praecepto
1014 1009 1106 1066 ejus
1129 1015 1331 1065 praestare
1354 1005 1591 1049 debeamus
1612 1020 1711 1064 quae

322 1096 399 1125 nos
418 1096 506 1124 non
526 1079 764 1124 creavimus
780 1113 790 1133 ‚
809 1077 885 1122 sed
907 1078 961 1121 de
983 1078 1238 1121 muneribus
1260 1078 1296 1137 ej
1305 1093 1352 1121 us
1375 1077 1634 1135 accepimus.

382 1153 559 1196 LXXX.
585 1151 692 1204 Quis
723 1159 868 1194 autem
891 1158 1034 1209 potest
1060 1149 1127 1193 vel
1148 1157 1324 1208 paratus
1345 1163 1433 1192 esse
1457 1148 1511 1191 ab
1533 1148 1713 1191 infirmis

323 1222 500 1283 injurias
513 1221 739 1275 sustinere,
757 1229 971 1280 quantum
990 1235 1140 1263 eorum
1160 1218 1287 1263 saluti
1303 1220 1479 1279 prodest
1496 1239 1508 1276 3
1528 1227 1571 1262 et
1585 1217 1714 1262 malle

324 1293 508 1353 amplius
525 1292 763 1353 iniquitatis
786 1291 1121 1350 alienaeperpeti
1139 1325 1150 1345 ‚
1176 1304 1309 1349 quam
1330 1288 1375 1333 id
1397 1288 1517 1349 quod
1537 1303 1714 1348 perpes-

324 1381 395 1410 sus
425 1374 488 1408 est
515 1363 727 1414 reddere;
752 1364 871 1407 omni
893 1363 1059 1423 petenti
1088 1378 1111 1406 a
1134 1377 1177 1405 se
1201 1361 1366 1421 aliqu-id
1384 1396 1394 1416 ,
1421 1360 1492 1405 vel
1521 1359 1566 1404 id
1596 1361 1716 1421 quod

327 1437 463 1496 petit,
498 1436 532 1479 si
553 1435 741 1478 habetur
761 1469 771 1488 ,
798 1443 841 1478 et
867 1434 900 1477 si
931 1442 1046 1478 recte
1068 1431 1159 1476 dari
1193 1441 1361 1492 potest,
1393 1431 1462 1475 vel
1485 1430 1713 1476 consilium

325 1507 492 1561 bonum
507 1541 521 1561 ,
544 1505 613 1549 vel
637 1503 898 1549 benevolum
922 1505 1024 1548 dare
1042 1503 1259 1557 animum,
1280 1518 1360 1547 nec
1382 1517 1426 1546 se
1450 1511 1641 1546 avertere
1659 1501 1712 1545 ab

326 1593 377 1622 eo
400 1578 477 1638 qui
499 1577 689 1620 mutuari
712 1577 834 1635 cupit
855 1596 864 1632 3
891 1575 1071 1634 diligere
1100 1574 1296 1618 inimicos
1323 1593 1331 1619 :
1372 1571 1627 1617 benefacere
1649 1571 1715 1616 his

327 1650 403 1710 qui
425 1664 468 1693 se
492 1647 701 1702 oderunt,
733 1662 855 1691 orare
876 1663 955 1706 pro
979 1647 1038 1690 eis
1071 1646 1148 1707 qui
1176 1661 1220 1689 se
1242 1653 1564 1705 persequuntur
1585 1664 1594 1689 2
1621 1644 1716 1704 quis

327 1735 428 1778 ergo
460 1720 554 1763 baec
590 1718 719 1773 facit,
752 1718 832 1761 nisi
856 1717 984 1777 plene
1017 1715 1297 1776 perfecteque
1321 1715 1590 1760 misericors?
1620 1718 1718 1768 Quo

327 1807 418 1836 uno
449 1789 629 1834 consilio
663 1789 831 1832 miseria
865 1787 1108 1842 devitatur,
1147 1786 1392 1846 opitulante
1415 1784 1489 1830 illo
1521 1785 1598 1846 qui
1627 1786 1715 1830 ait:

333 1880 354 1904 «
387 1859 726 1905 Misericordiam
753 1859 853 1903 volo
886 1858 1021 1916 magis
1049 1872 1181 1917 quam
1215 1856 1472 1900 sacrificium
1492 1859 1510 1882 ²
1543 1875 1552 1900 ε
1598 1856 1718 1899 Beati

331 1952 352 1975 »
388 1948 491 1991 ergo
523 1930 849 1987 misericordes3
880 1929 982 1990 quia
1009 1929 1202 1988 ipsorum
1231 1927 1545 1972 miserebitur&
1586 1945 1605 1968 »
1635 1926 1719 1971 Sed

325 2006 416 2065 jam
439 2000 667 2047 commode
684 2001 776 2044 fieri
791 2009 913 2060 puto,
930 2009 980 2044 ut
994 1999 1064 2044 hic
1077 1999 1214 2043 lector
1231 2008 1321 2043 tam
1343 1997 1477 2057 longo
1494 1996 1718 2042 volumine

329 2073 534 2132 fatigatus
562 2071 739 2131 respiret
773 2070 1047 2130 aliquantum
1064 2105 1075 2125 ,
1108 2078 1151 2114 et
1173 2069 1228 2114 ad
1252 2078 1407 2114 caetera
1425 2083 1468 2113 se
1490 2068 1655 2114 reficiat
1673 2067 1719 2111 in

333 2144 417 2188 alio
434 2142 547 2188 libro
569 2139 898 2188 consideranda.

382 2247 390 2264 ¹
412 2242 490 2274 Gen.
514 2252 540 2281 1,
562 2240 611 2272 ¹6.
634 2255 674 2262 —-
694 2245 707 2262 ¹
732 2240 830 2271 Oseae.
848 2248 893 2279 vi,
908 2236 941 2270 6.
962 2252 1002 2260 —
1029 2234 1171 2269 ³Matth.
1193 2245 1228 2277 v,
1244 2245 1280 2277 7.
