1819 3301
288 265 341 291 DE
372 265 580 293 comsssusn
613 261 1020 301 EvANGELlsTARUM‚
1055 263 1137 290 Lm.
1173 265 1239 290 111.
1404 253 1458 291 83

82 339 176 373 tum
207 328 309 374 inde
342 345 430 374 esse
463 345 619 389 corpus
651 332 776 386 Jesu,
813 329 1027 384 cucurrit,
1064 329 1175 373 sicut
1208 328 1312 373 dicit
1342 329 1460 373 idem

80 402 295 455 JoanneS,
327 409 370 445 et
397 400 613 445 nuntiavit
640 404 767 445 Petro
802 409 932 461 atque
958 399 1040 460 ipsi
1069 399 1243 444 Joanni.
1271 401 1368 459 Ipse
1397 408 1461 443 est

80 469 195 513 enim
219 469 461 529 Discipulus
483 485 613 529 quem
642 471 814 515 amabat
835 473 972 515 Jesus.
997 473 1054 515 At
1083 468 1146 514 illi
1173 484 1346 514 currere
1367 484 1460 514 coe-

80 549 239 599 perunt
267 539 321 584 ad
347 548 702 595 monumentum,
740 549 783 583 et
814 540 1082 599 praeveniens
1113 542 1302 585 ,Ioannes
1334 537 1461 584 incli-

79 610 198 654 navit
219 625 278 665 se,
305 620 348 654 ct
369 610 478 654 vidit
498 610 635 670 posita
655 609 907 654 linteamina
924 645 935 666 ,
960 626 1042 655 nec
1069 611 1245 655 intravit
1272 629 1281 655 2
1308 613 1460 655 Petrus

79 689 226 724 autem
247 690 503 725 consecutus
524 680 699 725 intravit
726 680 772 724 in
801 690 1153 736 monumentum,
1183 690 1226 725 et
1245 679 1354 726 vidit
1372 680 1461 725 lin-

79 752 263 795 teamina
284 751 437 810 posita,
463 761 506 795 et
521 750 744 796 sudarium
761 751 882 811 quod
899 750 1040 795 fuerat
1057 767 1184 810 super
1201 760 1333 811 caput
1350 753 1458 813 ejus,

78 836 168 865 non
185 836 285 865 cum
301 820 626 866 linteaminibus
643 822 849 881 positum,
864 821 937 866 sed
956 823 1182 882 separatim
1196 822 1457 867 involutum.

79 891 243 935 Deinde
266 901 310 935 et
334 894 522 947 Joannes
550 893 752 947 intravit,
782 902 825 937 et
845 894 955 938 vidit
983 893 1178 937 similiter
1209 903 1253 938 et
1276 893 1461 938 credidit

78 961 197 1022 quod
218 963 351 1007 Maria
382 961 569 1017 dixerat,
594 962 816 1007 sublatum
842 978 931 1007 esse
954 964 1189 1008 Dominum
1216 963 1270 1008 de
1301 978 1462 1008 monu-

78 1041 241 1076 mento.
271 1051 291 1074 «
313 1022 517 1078 Nondum
541 1033 657 1076 enim
679 1033 872 1076 sciebant
895 1034 1182 1093 Scriptuiam,
1207 1035 1306 1094 quia
1330 1049 1461 1094 opor-

81 1119 101 1143 »
137 1101 257 1146 tebat
288 1117 388 1146 eum
415 1118 439 1146 a
468 1103 649 1147 mortuis
674 1118 911 1161 resurgere.
945 1104 1159 1148 Abierunt
1180 1118 1281 1162 ergo
1303 1105 1460 1148 iterum

82 1190 101 1213 »
137 1172 192 1215 ad
207 1173 454 1231 semetipsos
473 1172 679 1232 Discipuli
709 1192 717 1217 :
742 1173 877 1217 Maria
898 1182 1043 1217 autem
1060 1165 1202 1218 stabat
1223 1174 1278 1218 ad
1300 1185 1458 1219 monu-

81 1261 101 1284 »
136 1252 332 1286 mentum
345 1242 447 1287 soris
464 1242 660 1302 plorans,
693 1263 712 1285 »
726 1244 861 1299 idest,
876 1253 975 1288 ante
992 1244 1117 1289 illum
1140 1246 1253 1289 saxei
1275 1245 1460 1305 sepulcri

77 1312 250 1369 locum,
276 1313 351 1357 sed
372 1323 519 1357 tamen
539 1314 652 1358 intra
681 1313 791 1359 illud
820 1315 1005 1374 spatium
1030 1331 1119 1375 quo
1141 1317 1233 1375 jam
1259 1317 1460 1376 ingressae

77 1383 250 1427 fuerant
278 1404 286 1428 :
321 1385 472 1429 hortus
504 1385 666 1444 quippe
693 1383 782 1429 illic
817 1394 936 1440 erat,
972 1385 1084 1430 sicut
1117 1386 1233 1430 idem
1270 1389 1459 1431 Joannes

77 1465 388 1499 commemorat
406 1457 436 1498 ¹.
464 1459 586 1500 Tunc
606 1455 812 1501 viderunt
835 1456 1050 1515 Angelum
1073 1456 1294 1502 sedentem
1317 1473 1340 1502 a
1360 1457 1460 1502 dex-

77 1525 151 1569 tris
173 1540 301 1584 super
320 1525 506 1585 lapidem
530 1525 776 1571 revolutum
802 1542 825 1570 a
852 1537 1160 1583 monumento,
1183 1527 1237 1572 de
1254 1545 1343 1589 quo
1364 1532 1458 1573 An-

78 1595 172 1656 gelo
195 1605 372 1641 narrant
395 1597 627 1641 Matthaeus
649 1606 692 1641 et
713 1600 898 1642 Marcus.
925 1617 945 1639 «
973 1600 1093 1641 Tunc
1120 1599 1177 1642 eis
1198 1599 1305 1642 dixit
1327 1618 1336 1644 :
1367 1602 1458 1646 No-

79 1686 98 1710 »
133 1667 209 1712 lite
230 1669 378 1712 timere
388 1684 488 1725 vos3
508 1669 596 1712 scio
613 1668 727 1711 enim
745 1667 861 1726 quod
886 1670 1033 1712 Jesum
1055 1669 1131 1727 qui
1145 1669 1374 1714 crucifixus
1396 1679 1459 1714 cst

78 1756 98 1779 »
133 1739 325 1798 quaeritis
346 1758 353 1783 :
374 1754 463 1783 non
480 1754 523 1782 es
551 1738 621 1782 hic
639 1759 650 1795 3
671 1738 853 1781 surrexit
871 1738 986 1781 enim
1004 1738 1115 1782 sicut
1135 1738 1241 1782 dixit
1267 1758 1275 1783 :
1302 1740 1458 1784 Venite

78 1827 99 1850 »
133 1819 177 1853 et
197 1809 341 1853 videte
362 1809 507 1853 locum
532 1809 609 1852 ubi
626 1809 790 1867 positus
808 1817 899 1852 erat
916 1808 1123 1853 Dominus
1145 1828 1153 1852 ε
1177 1818 1220 1853 et
1245 1810 1332 1854 cito
1353 1826 1460 1855 eun·

78 1897 99 1920 s>
135 1888 196 1923 tes
212 1878 341 1924 dicite
361 1879 587 1938 Discipulis
601 1880 707 1938 ejus,
728 1879 830 1938 quia
847 1878 1053 1937 surrexit3
1071 1888 1113 1922 et
1130 1894 1229 1923 ecce
1251 1880 1458 1939 praecedit

78 1967 98 1990 υ
131 1965 207 1993 vos
227 1950 273 1992 in
296 1948 539 2003 Galilaeam,
565 1948 627 1991 ibi
654 1963 755 1991 eum
780 1947 998 2002 videbitis,
1024 1963 1123 1992 ecce
1149 1949 1235 1993 dixi
1254 1950 1375 1994 vobis
1396 1969 1404 1994 :
1433 1968 1453 1991 »

76 2019 235 2078 quibus
258 2018 408 2063 similia
430 2021 600 2063 Marcus
617 2033 794 2078 quoque
822 2033 911 2061 non
941 2019 1090 2062 tacuit.
1118 2018 1187 2062 Ad
1208 2019 1302 2063 haec
1323 2019 1456 2064 verba

75 2090 210 2135 Maria
230 2089 336 2134 dum
355 2090 479 2133 fleret
498 2089 722 2133 inclinavit
736 2103 801 2142 se,
828 2097 872 2131 et
895 2088 1112 2147 prospexit
1133 2088 1177 2131 in
1196 2104 1456 2133 monumen-

76 2168 170 2204 tum
186 2195 196 2215 ,
222 2169 265 2204 et
285 2159 395 2205 vidit
415 2158 524 2203 duos
551 2159 764 2217 Angelos,
786 2158 896 2203 sicut
914 2158 1020 2202 dicit
1048 2160 1257 2213 Joannes,
1282 2159 1326 2202 in
1349 2158 1458 2203 albis

76 2231 272 2275 sedentes
293 2266 304 2286 ,
330 2245 469 2274 unum
492 2229 545 2273 ad
567 2238 722 2288 caput,
743 2238 786 2273 et
808 2243 945 2272 unum
977 2227 1031 2272 ad
1054 2227 1183 2287 pedes
1199 2263 1210 2283 ,
1240 2229 1317 2272 ubi
1339 2231 1456 2288 posi-

77 2310 170 2344 tum
200 2300 342 2344 fuerat
373 2315 528 2359 corpus
550 2302 666 2343 Jesu.
702 2317 722 2340 «
762 2299 922 2342 Dicunt
943 2298 982 2340 ei
1012 2297 1074 2340 illi
1101 2317 1109 2341 :
1145 2298 1326 2353 Mulier,
1351 2299 1459 2358 quid

81 2389 100 2412 »
137 2371 306 2430 ploras?
336 2371 445 2414 Dicit
480 2370 538 2413 eis
565 2389 573 2413 ε
604 2371 713 2423 Quia
743 2369 939 2413 tulerunt
961 2368 1193 2411 Dominum
1218 2384 1390 2424 meum,
1416 2378 1459 2413 et

81 2459 101 2482 »
137 2441 280 2485 nescio
297 2440 373 2484 ubi
396 2448 633 2499 posuerunt
655 2454 769 2483 eum.
801 2457 819 2479 »
851 2439 929 2482 Hic
951 2436 1220 2496 intelligendi
1242 2448 1344 2482 sunt
1364 2453 1460 2483 sur-

77 2511 232 2554 rexisse
251 2510 421 2569 Angeli,
448 2518 495 2553 ut
517 2509 645 2555 etiam
668 2518 828 2553 stantes
848 2507 1117 2561 viderentur,
1145 2507 1256 2550 sicut
1277 2523 1348 2552 eos
1366 2512 1456 2552 Lu·
1505 2502 1516 2515 ”

127 2603 135 2619 ¹
157 2597 331 2634 Joan.x1³,
351 2594 404 2636 4¹-

1233 2645 1271 2683 6.
