1819 3301
364 237 419 274 66
797 248 829 272 s.
867 246 1096 274 Aueusnm
1129 246 1308 272 nrlscom

360 310 547 354 diceret:
578 327 598 351 «
636 310 1000 353 Consummatum
1034 316 1097 352 est
1115 342 1127 362 ‚
1160 326 1180 348 »
1207 322 1307 351 cum
1330 306 1575 365 perfectum
1605 307 1650 349 in
1676 306 1751 350 illo
1807 330 1811 337 ·-

360 389 470 424 esset
490 378 612 439 quod
634 378 689 422 de
716 377 791 422 illo
814 379 1124 438 prophetatum
1147 386 1238 420 erat
1257 411 1269 431 ,
1296 385 1339 420 et
1357 385 1565 435 tanquam
1589 376 1645 419 ad
1667 377 1751 419 hoc

359 457 632 509 expectaret,
649 449 726 508 qui
740 448 893 507 utique
911 463 1011 492 cum
1029 446 1162 492 vellet
1174 454 1436 501 moreretur,
1455 444 1614 489 deinde
1630 460 1752 489 com-

361 519 572 564 mendans
605 518 785 563 tradidit
817 519 1031 577 spiritum.
1075 516 1159 562 Sed
1192 517 1346 577 quovis
1380 515 1533 559 ordine
1565 515 1751 575 quilibet

364 590 599 633 arbitretur
621 588 705 631 dici
728 587 918 645 potuisse
935 622 946 641 ,
981 587 1065 631 hoc
1101 601 1362 644 magnopere
1384 583 1627 628 cavendum
1657 593 1720 628 est
1736 618 1748 639 ‚

363 675 417 703 ne
429 659 500 703 cui
512 658 710 703 videatur
723 658 954 717 quisquam
967 656 1342 715 Evangelistarum
1355 654 1476 698 alteri
1492 669 1748 713 repugnare,

362 730 395 772 si
411 729 481 774 vel
500 728 636 772 tacuit
658 728 779 787 quod
802 727 910 771 alius
932 726 1041 771 dixit
1059 761 1070 782 ,
1100 726 1171 771 vel
1192 725 1299 770 dixit
1319 723 1441 785 quod
1462 724 1570 769 alius
1592 725 1745 769 tacuit.

365 883 506 899 mm
511 882 718 898 mmm
723 881 1074 898 mmmm
1287 877 1746 896 mmmmm

844 999 1060 1048 CAPUT
1095 1001 1231 1046 XiX.

764 1138 820 1184 V
817 1138 940 1184 elam
959 1138 1124 1199 templi
1135 1141 1348 1185 scissum.

413 1273 524 1315 LVI.
542 1273 765 1324 SEQUITUR
777 1272 1011 1316 Matthaeus
1024 1290 1062 1316 :«
1072 1274 1129 1316 Et
1142 1287 1241 1316 ecce
1254 1272 1399 1316 velum
1411 1271 1564 1331 templi
1572 1272 1751 1316 scissum

368 1360 389 1382 »
423 1350 488 1385 est
509 1342 554 1384 in
565 1341 671 1385 duas
690 1350 846 1400 parteS,
867 1357 1073 1386 asummo
1095 1357 1234 1402 usque
1255 1342 1500 1386 deorsum&
1522 1360 1542 1383 »
1563 1345 1619 1386 Et
1636 1345 1752 1387 Mar-

367 1426 442 1455 cus
464 1411 522 1455 sic
547 1430 556 1455 ε
585 1430 605 1453 «
630 1414 686 1455 Et
709 1411 853 1455 velum
877 1412 1026 1471 templi
1049 1414 1226 1456 scissum
1244 1422 1306 1456 est
1327 1414 1372 1456 in
1390 1413 1480 1456 duo
1499 1447 1509 1467 ‚
1536 1428 1559 1456 a
1581 1428 1750 1457 sursum

369 1500 392 1522 »
424 1497 562 1541 usque
580 1482 825 1525 deorsum2.
856 1501 877 1523 n
903 1486 1040 1527 Lucas
1062 1493 1206 1526 autern
1231 1483 1425 1527 similiter
1441 1484 1524 1527 hoc
1547 1484 1627 1527 ait:
1659 1486 1752 1527 «Et

372 1569 392 1590 »
426 1550 573 1595 velum
596 1551 747 1610 templi
768 1551 947 1595 scissum
970 1561 1033 1595 est
1056 1552 1272 1596 medium³
1301 1572 1309 1596 :
1333 1571 1352 1592 η
1376 1552 1450 1597 sed
1478 1568 1568 1596 non
1597 1552 1748 1596 eodem

365 1619 531 1663 ordine.
558 1620 718 1664 Volens
733 1622 848 1664 enim
871 1621 1129 1665 miraculum
1152 1622 1363 1665 miraculo
1376 1621 1629 1681 adjungere,
1650 1638 1751 1666 cum

365 1689 538 1732 dixisset
566 1708 574 1732 :
605 1708 624 1730 «
650 1689 722 1733 Sol
745 1690 1000 1734 obscuratus
1021 1700 1105 1745 est,
1125 1709 1145 1731 »
1166 1691 1375 1735 continuo
1393 1691 1750 1750 subjungendum

367 1758 623 1802 existimavit
649 1777 658 1801 ι
688 1777 708 1800 «
733 1762 789 1802 Et
810 1759 956 1802 velum
991 1759 1141 1818 templi
1176 1761 1354 1804 scissum
1378 1769 1440 1804 est
1470 1760 1663 1804 medium
1690 1781 1698 1805 2
1727 1779 1748 1802 n

366 1842 676 1885 praeoccupans
698 1826 903 1871 videlicet
923 1827 1043 1887 quod
1056 1829 1274 1887 expirante
1291 1830 1477 1873 Domino
1491 1829 1653 1873 factum
1669 1840 1748 1884 est,

368 1905 418 1939 ut
445 1895 603 1940 deinde
638 1896 926 1954 recapitulans
950 1908 1237 1956 exequeretur
1259 1908 1303 1941 et
1329 1898 1383 1941 de
1414 1908 1522 1957 potu
1544 1899 1653 1943 aceti
1667 1934 1682 1954 ,
1707 1908 1750 1943 et

367 1963 421 2008 de
442 1964 515 2008 illa
528 1980 636 2008 voce
658 1980 812 2022 magna
825 1999 835 2017 ‚
852 1976 896 2008 et
912 1965 967 2009 de
984 1965 1075 2023 ipsa
1088 1977 1249 2020 morte,
1266 1982 1366 2025 quae
1385 1976 1485 2010 ante
1504 1968 1750 2011 scissionem

366 2032 451 2077 veli
466 2043 561 2092 post
573 2034 772 2079 tenebras
786 2032 896 2078 faeta
912 2034 1232 2093 intelliguntur.
1256 2037 1492 2080 Matthaeus
1511 2037 1650 2091 enim,
1673 2037 1750 2097 qui

367 2119 466 2148 cum
490 2103 663 2148 dixisset
684 2119 691 2144 :
722 2123 742 2145 (ι
767 2107 889 2149 Jesus
912 2114 1055 2149 autem
1078 2105 1236 2150 iterum
1255 2106 1446 2150 clamans
1467 2122 1574 2151 voce
1595 2122 1749 2165 magna

370 2191 390 2213 »
426 2173 565 2217 emisit
586 2173 810 2231 spiritum,
838 2191 858 2215 »
882 2175 1091 2219 continuo
1112 2176 1320 2234 subjecit:
1351 2194 1372 2218 «
1392 2179 1448 2221 Et
1470 2192 1569 2221 eece
1601 2177 1748 2221 vel-um

371 2260 390 2283 »
429 2241 573 2300 templi
597 2243 774 2287 scissum
795 2252 882 2297 est,
906 2261 926 2285 n
951 2243 1050 2288 satis
1071 2246 1275 2303 expressit
1295 2254 1401 2290 tunc
1423 2261 1512 2290 esse
1538 2246 1718 2291 scissum
1733 2281 1746 2302 ‚

368 2326 467 2355 cum
498 2314 622 2356 Jesus
647 2313 850 2356 emisisset
877 2314 1092 2371 spiritum.
1121 2314 1164 2358 Si
1190 2323 1336 2358 autem
1366 2331 1456 2359 non
1479 2315 1746 2361 addidisset:

373 2399 393 2422 «
427 2384 483 2426 Et
500 2396 622 2436 ecce,
649 2399 670 2422 »
699 2382 774 2426 sed
805 2382 1056 2441 simpliciter
1087 2383 1278 2428 dixisset.
1303 2402 1324 2427 «
1346 2387 1403 2429 Et
1430 2384 1577 2430 velum
1596 2383 1747 2445 templi

374 2468 394 2491 »
429 2452 606 2496 scissum
627 2461 713 2510 est3
741 2471 760 2494 »
787 2453 1003 2498 incertum
1019 2462 1130 2499 esset
1150 2463 1298 2499 utrum
1314 2455 1403 2514 ipse
1421 2464 1465 2500 et
1479 2459 1650 2504 Marcus
1660 2457 1745 2502 hoc

419 2551 426 2567 ¹
455 2546 574 2577 Matth.
596 2546 765 2589 xxv11‚51.
786 2563 827 2569 —-
845 2554 857 2570 ²
876 2549 979 2580 Marc.
1002 2559 1058 2588 xv,
1079 2548 1130 2580 38.
1150 2565 1191 2571 —
1212 2547 1224 2572 3
1250 2551 1323 2582 Luc.
1339 2530 1568 2592 munh-45.
