1819 3301
353 299 490 327 51111Μο
522 300 678 326 nomint
712 300 754 325 m
787 299 954 335 11011111,
992 299 1072 324 Lux.
1111 299 1138 323 1.
1355 287 1435 325 135

62 361 228 404 minora
246 361 507 415 minoribus,
538 363 693 420 majora
718 360 953 421 majoribus
976 361 1160 413 dantur,
1189 360 1242 401 ab
1267 374 1317 403 co
1339 360 1444 403 dan-

62 440 134 475 tur
155 430 230 490 qui
266 431 381 474 solus
401 432 521 474 novit
540 441 849 489 congruentem
888 432 972 474 suis
996 429 1265 489 temporibus
1298 431 1443 487 generi

63 502 254 544 humano
278 500 477 543 exhibere
505 499 778 543 medicinam.
804 503 892 544 Nec
919 501 1077 543 mirum
1108 498 1311 559 estquod
1339 500 1445 543 dan-

64 579 135 613 tur
153 578 367 628 praecepta
383 571 541 629 majora
559 578 734 629 propter
753 585 934 627 regnum
957 569 1171 615 coelorum
1187 605 1197 625 ,
1217 579 1260 613 et
1279 570 1445 613 minora

65 640 163 685 data
193 650 294 684 sunt
315 650 492 699 propter
516 656 697 699 regnum
726 650 945 684 terrenum
967 676 977 694 ,
1000 641 1052 684 ab
1077 640 1229 685 eodem
1250 656 1339 684 11110
1358 643 1448 685 Deo

65 711 140 770 qui
168 709 272 754 fecit
294 709 456 753 coelum
476 720 518 754 et
540 719 713 754 terram.
731 714 792 754 De
814 711 894 754 hac
917 725 1016 767 crgo
1035 711 1218 768 justitia,
1240 727 1339 771 quae
1360 726 1449 754 ma·

60 782 129 840 jor
150 789 232 833 est,
254 795 330 838 per
348 781 611 837 prophetam
635 780 794 824 dicitur
820 800 828 824 z
858 799 876 821 «
900 781 1070 824 Justitia
1096 790 1169 824 tua
1192 782 1302 824 sicut
1323 796 1449 824 mon-

71 870 88 891 »
118 859 177 893 tes
195 850 294 893 Dei1
326 870 333 893 ;
363 869 380 889 »
408 859 449 892 et
470 850 553 893 hoc
575 850 685 894 bene
713 851 924 908 significat
943 886 953 904 ,
979 849 1100 910 quod
1123 850 1176 893 ab
1195 866 1283 894 uno
1304 851 1451 908 magis-

68 928 133 962 tro
151 919 241 962 solo
267 918 471 962 docendis
497 919 623 963 tantis
646 920 775 962 rebus
796 919 954 963 idoneo
974 955 983 974 ,
1011 919 1193 963 docetur
1209 920 1254 962 in
1283 928 1446 963 monte.

70 988 230 1033 Sedens
248 998 391 1031 autem
417 989 568 1043 docet,
594 988 713 1048 quod
731 990 917 1048 pertinet
935 991 990 1033 ad
1013 990 1268 1047 dignitatern
1293 989 1452 1047 magis-

68 1059 163 1102 terii
191 1078 197 1101 :
230 1067 272 1101 et
302 1057 516 1101 accedunt
551 1058 607 1101 ad
639 1074 739 1101 011111
779 1058 985 1118 Discipuli
1020 1060 1134 1118 ejus,
1157 1068 1207 1102 ut
1228 1058 1454 1102 audiendis

68 1127 180 1171 illius
213 1127 354 1172 verbis
376 1128 421 1170 hi
442 1137 582 1171 essent
605 1129 732 1171 etiam
755 1144 935 1187 corpore
967 1129 1212 1182 viciniores,
1241 1129 1316 1188 qui
1339 1144 1452 1187 prae-

69 1198 203 1257 ceptis
219 1197 506 1256 adimplendis
529 1199 654 1241 etiam
680 1199 822 1242 animo
845 1198 1214 1258 propinquabant.
1232 1218 1250 1239 «
1276 1201 1332 1242 Et
1350 1213 1454 1257 ape-

77 1288 96 1309 »
124 1269 235 1312 riens
258 1285 304 1313 os
325 1284 475 1323 suum,
502 1268 686 1312 docebat
707 1285 804 1323 eos,
833 1269 995 1313 dicens.
1015 1287 1035 1309 »
1058 1272 1142 1312 Ista
1166 1269 1455 1313 circumlocu-

70 1339 130 1382 tio
149 1355 237 1399 qua
260 1338 487 1382 scribitur:
521 1358 539 1379 «
561 1341 617 1382 Et
639 1340 834 1398 aperiens
864 1355 910 1383 os
933 1355 1080 1393 suum,
1109 1357 1128 1379 »
1155 1338 1343 1383 fortassis
1365 1339 1455 1398 ipsa

70 1425 188 1454 mora
219 1409 495 1454 commendat
518 1410 741 1470 aliquanto
769 1411 1010 1469 longiorem
1041 1409 1240 1454 futurum
1262 1426 1351 1454 esse
1373 1425 1456 1454 ser-

69 1495 243 1523 monem
271 1498 279 1523 :
301 1479 379 1523 nisi
402 1478 514 1523 forte
537 1496 625 1523 non
652 1489 774 1524 vacet
797 1479 918 1540 quod
944 1495 1062 1524 nunc
1085 1495 1186 1523 eum
1209 1479 1374 1523 dictum
1393 1489 1455 1523 est

71 1550 285 1608 aperuisse
307 1565 353 1592 os
372 1564 515 1603 suum,
544 1549 663 1612 quod
691 1551 781 1610 ipse
803 1550 847 1593 in
872 1553 986 1607 Lege
1007 1550 1141 1593 veteri
1162 1550 1326 1608 aperire
1348 1549 1458 1593 sole-

72 1628 134 1661 ret
156 1634 228 1662 ora
252 1619 583 1677 Prophewtarum

131 1692 213 1732 III.
234 1688 351 1741 Quid
368 1704 468 1746 ergo
491 1689 627 1733 dicit?
645 1690 799 1732 «Beati
821 1704 1031 1748 pauperes
1049 1689 1232 1763 spiritu·
1251 1689 1453 1748 quoniam

76 1777 96 1799 >›
120 1759 310 1818 ipsorum
334 1768 397 1802 051
420 1773 600 1817 regnum
623 1758 863 1804 0001011111ιῖ
871 1794 878 1801 .
904 1777 922 1799 »
950 1747 1153 1816 Legimus
1173 1759 1380 1817 scriptum
1403 1757 1457 1801 de

74 1829 339 1888 appetirime
361 1845 429 1872 rei
436 1844 506 1871 um
526 1828 859 1887 temporalium,
890 1849 908 1869 t<
929 1829 1085 1872 Omnia
1108 1829 1273 1872 vanitas
1294 1838 1336 1872 et
1353 1843 1457 1887 prae-

77 1917 96 1939 »
123 1898 520 1957 sumptiospiritus3
544 1918 551 1942 ;
582 1917 601 1938 »
629 1899 909 1956 praesumptio
934 1907 1077 1941 autem
1102 1899 1294 1957 spiritus,
1322 1897 1458 1941 auda—

74 1966 245 2011 ciam'et
263 1968 507 2026 superbiam
529 1967 739 2026 significat
762 1987 769 2011 :
788 1966 919 2024 vulgo
941 1968 1070 2011 etiam
1093 1983 1271 2026 magnos
1289 1968 1461 2026 spiritus

75 2039 248 2097 superbi
282 2039 440 2082 habere
462 2039 697 2095 dicuntur,
722 2048 764 2082 et
787 2047 929 2093 recte,
954 2038 1308 2098 quandoquidem
1333 2039 1460 2097 spiri-

76 2118 145 2152 tus
164 2108 293 2151 etiam
331 2117 489 2151 ventus
518 2116 712 2151 vocatur.
753 2106 878 2151 Unde
902 2108 1110 2166 scriptum
1147 2117 1210 2151 est
1236 2126 1244 2151 :
1275 2126 1294 2147 «
1319 2107 1460 2165 Ignis,

81 2196 101 2218 »
127 2177 312 2235 grando,
342 2177 433 2227 nix,
457 2177 610 2233 glacies
634 2212 643 2231 ,
665 2177 839 2235 spiritus
863 2178 1167 2236 tempestatis4.
1198 2195 1216 2217 n
1236 2177 1340 2229 Quis
1363 2192 1463 2220 vero

80 2243 242 2290 nesciat
265 2247 472 2304 superbos
496 2245 666 2290 inflatos
695 2246 777 2289 dici
798 2282 808 2300 ,
841 2254 1050 2305 tanquam
1077 2256 1205 2290 vento
1226 2246 1465 2290 distentos?

82 2316 207 2360 Unde
235 2326 297 2359 cst
322 2316 449 2359 ctiam
475 2315 583 2359 illud
607 2316 799 2374 Apostoli
824 2352 834 2369 ,
864 2335 880 2356 (ι
906 2316 1091 2360 Scir-ntia
1114 2316 1257 2369 inflat,
1284 2316 1467 2360 charitas

85 2404 104 2426 »
130 2401 231 2429 vero
263 2385 448 2428 {edificat
471 2388 500 2428 ⁵.
541 2404 558 2425 »
596 2388 870 2444 Quapropter
905 2395 1020 2429 recte
1057 2386 1126 2428 hic
1161 2384 1466 2443 intelliguntur

83 2471 291 2514 pauperes
313 2456 387 2513 spi:
402 2456 463 2497 itu
479 2491 488 2508 ,
518 2455 700 2498 humiles
722 2465 764 2499 et
787 2455 987 2499 timentes
1011 2459 1144 2498 Deum
1166 2490 1176 2509 ,
1202 2455 1244 2498 id
1263 2464 1326 2498 est
1341 2490 1351 2509 ,
1378 2471 1466 2499 non

132 2555 140 2571 ¹
162 2549 237 2580 l'sal.
267 2559 359 2587 xxxv,
379 2560 407 2589 7.
431 2566 471 2569 —
494 2556 504 2570 ²
525 2549 643 2580 Maim.
666 2560 697 2586 v,
720 2550 795 2579 3.-
813 2547 824 2569 3
852 2549 959 2579 Fonte.
982 2561 1003 2589 1,
1032 2547 1080 2589 μή,
1100 2549 1190 2589 juxta
1214 2560 1336 2579 th.—-
1358 2547 1467 2581 41‘sal.

85 2616 207 2645 cuvm,
233 2605 265 2635 ὅ.
285 2621 324 2625 --
345 2603 358 2625 5
383 2616 391 2634 1
414 2607 484 2635 Cor.
507 2614 571 2642 vni,
597 2615 621 2634 1.
1271 2606 1274 2607 ⁷
