1819 3301
318 231 399 268 388
757 241 788 267 s.
827 241 1057 268 Aucus'nm
1092 242 1274 268 muscom

319 323 340 346 »
376 304 465 348 dixi
483 324 491 348 2
514 305 580 348 Dii
596 305 693 349 estis
714 314 757 349 et
779 305 855 348 filii
874 304 1039 349 Excelsi
1057 303 1347 348 omnes¹.»Ad
1365 304 1448 348 hoc
1463 318 1565 362 ergo
1581 313 1709 348 vocat

316 391 394 420 nos
413 379 541 431 Deus,
569 392 623 420 ne
645 377 775 420 simus
798 377 1008 420 homines.
1039 375 1123 419 Sed
1146 384 1252 419 tunc
1272 376 1316 418 in
1336 375 1489 420 melius
1513 391 1601 420 non
1621 375 1708 418 eri-

318 462 413 490 mus
435 447 632 491 homines
647 482 657 501 ,
684 447 717 490 si
744 446 862 506 prius
884 461 962 490 nos
984 445 1183 490 homines
1205 461 1294 490 esse
1317 460 1600 504 agnoscamus
1615 481 1626 501 ,
1662 445 1708 490 id

316 526 401 570 est,
427 526 477 560 ut
498 516 552 560 ad
574 516 692 560 illam
715 515 1016 561 celsitudinem
1040 517 1095 560 ab
1113 516 1359 561 humilitate
1380 532 1606 575 surgamus
1629 531 1710 561 :ne

315 604 415 633 cum
441 596 640 644 putamus
662 603 740 632 nos
761 586 925 647 aliquid
950 601 1060 642 esse,
1089 602 1191 631 cum
1213 586 1324 630 nihil
1349 588 1504 642 simus>
1531 603 1619 632 non
1637 602 1709 631 so-

315 659 405 703 lum
433 674 521 702 non
549 659 811 718 accipiamus
833 658 953 719 quod
978 675 1068 704 non
1092 674 1263 715 sumUS,
1290 659 1366 704 sed
1392 668 1435 704 et
1462 660 1710 704 amittamus

316 730 435 790 quod
458 746 623 775 sumus

375 803 427 844 V.
455 804 593 860 Ergo,
635 799 789 846 fratres
809 836 820 857 ,
853 794 908 845 de
928 801 994 854 his
1027 801 1252 846 montibus
1291 811 1334 846 et
1361 804 1550 846 Joannes
1588 811 1706 857 erat,

315 872 389 933 qui
420 872 527 917 dixit
553 892 562 917 :
590 892 610 915 «
637 876 688 917 In
710 873 924 932 principio
958 882 1049 917 erat
1077 873 1270 917 Verbum
1287 908 1297 928 ,
1324 883 1368 917 et
1390 874 1586 917 Verbum
1620 881 1713 917 erat

319 963 337 984 η
375 944 492 1003 apud
515 946 653 987 Deum
673 978 683 999 ‚
709 953 752 988 et
770 946 883 987 Deus
907 953 998 987 erat
1014 944 1224 987 Verbum.
1248 962 1268 984 »
1293 946 1712 1004 Susceperatpacem

318 1030 442 1059 mons
459 1015 539 1058 iste
559 1050 569 1070 ,
595 1013 976 1074 contemplabatur
998 1013 1272 1059 divinitatem
1290 1015 1437 1058 Verbi.
1465 1013 1613 1067 Qualis
1635 1014 1712 1058 iste

319 1100 444 1130 mons
462 1095 569 1141 erat,
590 1101 722 1146 quam
741 1085 957 1130 excelsus?
971 1085 1314 1130 Transcenderat
1329 1086 1474 1130 omnia
1486 1085 1712 1130 cacumina

316 1167 553 1212 terrarum,
580 1158 909 1201 transcenderat
931 1172 1080 1201 omnes
1112 1173 1286 1216 campos
1316 1157 1422 1201 aeris
1444 1193 1454 1212 ‚
1491 1166 1714 1201 transcen-

317 1228 440 1272 derat
472 1243 622 1272 omnes
657 1227 908 1283 altitudines
947 1226 1138 1271 siderum
1156 1262 1167 1281 ‚
1210 1226 1535 1272 transcenderat
1563 1241 1713 1271 omnes

318 1300 473 1343 choros
491 1308 534 1342 et
548 1298 737 1355 legiones
751 1297 1034 1355 Angelorum.
1054 1297 1142 1342 Nisi
1157 1298 1271 1341 enim
1292 1297 1618 1342 transcenderet
1634 1298 1712 1341 ista

318 1369 462 1414 omnia
486 1384 585 1428 quae
608 1377 750 1412 creata
772 1376 874 1411 sunt
889 1403 899 1423 7
925 1383 1015 1411 non
1030 1368 1273 1427 perveniret
1293 1367 1345 1411 ad
1369 1383 1469 1412 eum
1486 1384 1563 1427 per
1581 1382 1713 1428 quem

318 1439 431 1484 facta
451 1448 552 1483 sunt
576 1439 734 1483 omnia.
762 1441 860 1483 Non
885 1439 1064 1497 potestis
1086 1438 1277 1496 cogitare
1301 1438 1408 1498 quid
1432 1439 1713 1483 transcende-

318 1511 389 1565 rit,
415 1510 494 1554 nisi
513 1509 691 1554 videatis
707 1524 796 1569 quo
814 1508 1074 1569 pervenerit.
1096 1509 1264 1561 Quaeris
1286 1509 1339 1552 de
1365 1499 1479 1554 coelo
1501 1519 1544 1554 et
1568 1511 1714 1554 terra?

323 1585 455 1626 Facta
490 1590 606 1626 sunt.
640 1580 803 1633 Quaeris
831 1579 886 1624 de
919 1579 986 1623 his
1021 1595 1120 1639 quae
1158 1588 1261 1623 sunt
1294 1579 1339 1623 in
1374 1579 1486 1625 coelo
1507 1590 1550 1625 et
1571 1582 1716 1625 terra?

317 1653 472 1713 utique
495 1652 635 1696 multo
660 1652 794 1709 magis
813 1660 856 1695 et
878 1652 969 1710 ipsa
992 1648 1106 1695 facta
1128 1659 1244 1695 sunt.
1271 1652 1437 1704 Quaeris
1459 1651 1514 1694 de
1545 1651 1716 1711 spirita-

318 1724 433 1768 libus
455 1723 662 1768 creaturis
676 1758 687 1778 ,
723 1723 778 1766 de
800 1722 975 1780 Angelis
995 1757 1007 1777 ‚
1032 1721 1316 1781 Archangelis
1334 1758 1344 1778 ‚
1386 1721 1568 1767 Sedibus
1584 1758 1595 1778 ‚
1630 1726 1716 1767 Do-

321 1795 650 1849 minationibus‚
665 1793 927 1848 Virtutibus,
948 1793 1292 1853 Principatibus‘?
1307 1802 1350 1837 et
1362 1794 1450 1853 ipsa
1464 1792 1576 1838 facta
1594 1803 1710 1838 sunt.

321 1870 430 1913 Nam
454 1882 552 1911 cum
575 1874 849 1910 enumeraret
869 1866 964 1910 haec
979 1865 1123 1910 omnia
1141 1864 1359 1920 Psalmus‚
1386 1866 1600 1910 conclusit
1621 1866 1679 1910 sic
1702 1885 1710 1910 z

327 1958 347 1980 «
366 1942 463 1997 Ipse
478 1937 600 1992 dixit,
621 1946 664 1981 et
686 1936 798 1981 facta
817 1946 919 1981 sunt
935 1958 946 1994 3
966 1937 1057 1996 ipse
1069 1936 1308 1990 mandavit,
1326 1945 1368 1981 et
1385 1946 1526 1981 creata
1539 1939 1711 1981 sunt2.»

329 2009 372 2053 Si
401 2008 524 2062 dixit,
549 2016 592 2051 et
611 2006 725 2051 facta
742 2017 858 2062 sunt,
890 2022 966 2066 per
994 2007 1190 2051 Verbum
1224 2005 1336 2051 facta
1364 2016 1490 2052 sunt:
1512 2008 1546 2051 si
1568 2016 1715 2051 autem

322 2095 399 2140 per
414 2079 609 2123 Verbum
623 2078 735 2122 facta
749 2086 866 2132 sunt,
882 2092 971 2121 non
985 2077 1129 2136 potuit
1142 2080 1166 2120 J
1171 2077 1321 2121 oannis
1333 2093 1407 2122 cor
1418 2079 1644 2137 pervenire
1660 2077 1716 2122 ad

322 2151 368 2196 id
379 2149 498 2211 quod
512 2149 569 2193 ait
582 2152 675 2193 :«In
689 2148 901 2208 principio
914 2148 1226 2202 eratVerbumg
1239 2157 1281 2191 et
1290 2148 1484 2192 Verbum
1496 2158 1588 2193 erat
1596 2149 1716 2208 apud

326 2240 347 2264 »
369 2225 507 2265 Deum
527 2241 537 2276 3
554 2230 597 2264 et
613 2223 728 2264 Deus
749 2229 841 2263 erat
855 2219 1050 2263 Verbum
1065 2238 1073 2263 ε
1089 2237 1108 2259 »
1127 2219 1207 2262 nisi
1221 2220 1554 2264 transcendisset
1570 2221 1715 2264 omnia

326 2310 425 2354 quae
449 2301 550 2336 sunt
571 2291 684 2335 facta
704 2306 780 2350 per
794 2290 1005 2334 Verbum.
1023 2288 1171 2343 Qualis
1187 2305 1289 2348 ergo
1310 2290 1389 2334 iste
1417 2307 1555 2345 mons,
1583 2307 1715 2351 quam

328 2373 515 2416 sanctus,
532 2378 661 2422 quam
677 2361 788 2405 altus
802 2361 913 2404 inter
927 2360 1021 2404 illos
1033 2370 1202 2404 montes
1215 2396 1224 2414 ‚
1253 2361 1328 2420 qui
1348 2370 1630 2420 susceperunt
1644 2377 1718 2420 pa-

328 2452 421 2480 cem
440 2435 604 2495 populo
619 2435 691 2478 Dei
711 2469 720 2488 ,
739 2443 787 2476 ut
801 2432 931 2477 colles
947 2442 1119 2492 possent
1134 2433 1348 2491 suscipere
1365 2433 1608 2492 justitiam?

387 2510 462 2551 Vl.
490 2506 645 2550 Videte
668 2520 768 2562 ergo
783 2540 792 2556 ,
810 2504 985 2554 fratres,
1006 2519 1059 2548 ne
1078 2503 1192 2548 forte
1215 2503 1268 2547 de
1287 2504 1384 2562 ipsis
1407 2504 1627 2548 montibus
1649 2512 1714 2548 est

378 2598 385 2615 ¹
407 2592 484 2624 l‘sal.
511 2592 647 2633 Luxu&
675 2607 715 2613 --
736 2597 747 2612 ²
768 2590 813 2621 Id.
831 2601 941 2631 cxvxu,
963 2590 993 2621 5.
