<?xml version="1.0" encoding="UTF-8"?>
<!DOCTYPE html PUBLIC "-//W3C//DTD XHTML 1.0 Transitional//EN"
    "http://www.w3.org/TR/xhtml1/DTD/xhtml1-transitional.dtd">
<html xmlns="http://www.w3.org/1999/xhtml" xml:lang="en" lang="en">
 <head>
  <title>
</title>
<meta http-equiv="Content-Type" content="text/html;charset=utf-8" />
  <meta name='ocr-system' content='tesseract 3.04.00' />
  <meta name='ocr-capabilities' content='ocr_page ocr_carea ocr_par ocr_line ocrx_word'/>
</head>
<body>
  <div class='ocr_page' id='page_1' title='image "./operaomniaaccura14auguuoft_0039.png"; bbox 0 0 1819 3301; ppageno 0'>
   <div class='ocr_carea' id='block_1_1' title="bbox 236 227 1407 274">
    <p class='ocr_par' dir='ltr' id='par_1_1' title="bbox 236 227 1407 274">
     <span class='ocr_line' id='line_1_1' title="bbox 236 227 1407 274; baseline -0.003 -8"><span class='ocrx_word' id='word_1_1' title='bbox 236 241 288 266; x_wconf 70' lang='lat' dir='ltr'>ne</span> <span class='ocrx_word' id='word_1_2' title='bbox 320 236 527 266; x_wconf 57' lang='lat' dir='ltr'>consuusu</span> <span class='ocrx_word' id='word_1_3' title='bbox 563 234 977 274; x_wconf 61' lang='lat' dir='ltr'>EvAnGEL181·A1wM‚</span> <span class='ocrx_word' id='word_1_4' title='bbox 1013 237 1094 262; x_wconf 69' lang='grc' dir='ltr'>ΜΒ.</span> <span class='ocrx_word' id='word_1_5' title='bbox 1133 238 1197 262; x_wconf 78' lang='lat'><em>111.</em></span> <span class='ocrx_word' id='word_1_6' title='bbox 1353 227 1407 263; x_wconf 77' lang='lat'>29</span> 
     </span>
    </p>
   </div>
   <div class='ocr_carea' id='block_1_2' title="bbox 29 300 1435 2326">
    <p class='ocr_par' dir='ltr' id='par_1_2' title="bbox 29 300 1420 1346">
     <span class='ocr_line' id='line_1_2' title="bbox 29 300 1412 363; baseline -0.004 -14"><span class='ocrx_word' id='word_1_7' title='bbox 29 321 126 350; x_wconf 77' lang='lat' dir='ltr'>care</span> <span class='ocrx_word' id='word_1_8' title='bbox 149 305 352 358; x_wconf 84' lang='lat' dir='ltr'>voluisse,</span> <span class='ocrx_word' id='word_1_9' title='bbox 380 303 455 363; x_wconf 86' lang='lat' dir='ltr'>qui</span> <span class='ocrx_word' id='word_1_10' title='bbox 477 302 720 361; x_wconf 69' lang='lat' dir='ltr'>praecipuus</span> <span class='ocrx_word' id='word_1_11' title='bbox 762 302 806 345; x_wconf 84' lang='lat' dir='ltr'>in</span> <span class='ocrx_word' id='word_1_12' title='bbox 831 302 912 345; x_wconf 86' lang='lat' dir='ltr'>hoc</span> <span class='ocrx_word' id='word_1_13' title='bbox 937 309 1041 344; x_wconf 88' lang='lat' dir='ltr'>erat.</span> <span class='ocrx_word' id='word_1_14' title='bbox 1072 303 1272 345; x_wconf 86' lang='lat' dir='ltr'>Jamvero</span> <span class='ocrx_word' id='word_1_15' title='bbox 1301 300 1412 344; x_wconf 89' lang='lat' dir='ltr'>illud</span> 
     </span>
     <span class='ocr_line' id='line_1_3' title="bbox 29 371 1412 436; baseline -0.002 -17"><span class='ocrx_word' id='word_1_16' title='bbox 29 375 149 436; x_wconf 91' lang='lat' dir='ltr'>quod</span> <span class='ocrx_word' id='word_1_17' title='bbox 170 376 401 419; x_wconf 72' lang='lat' dir='ltr'><strong>Matthaeus</strong></span> <span class='ocrx_word' id='word_1_18' title='bbox 423 373 503 432; x_wconf 90' lang='lat' dir='ltr'>ipsi</span> <span class='ocrx_word' id='word_1_19' title='bbox 526 377 653 416; x_wconf 80' lang='lat' dir='ltr'>Petro</span> <span class='ocrx_word' id='word_1_20' title='bbox 667 373 832 416; x_wconf 82' lang='lat' dir='ltr'>dictum</span> <span class='ocrx_word' id='word_1_21' title='bbox 846 371 975 415; x_wconf 83' lang='lat' dir='ltr'>fuisse</span> <span class='ocrx_word' id='word_1_22' title='bbox 999 371 1145 415; x_wconf 87' lang='lat' dir='ltr'>asserit</span> <span class='ocrx_word' id='word_1_23' title='bbox 1166 390 1176 416; x_wconf 75' lang='grc' dir='ltr'>ι</span> <span class='ocrx_word' id='word_1_24' title='bbox 1205 373 1350 415; x_wconf 87' lang='lat' dir='ltr'>«Vere</span> <span class='ocrx_word' id='word_1_25' title='bbox 1368 381 1412 417; x_wconf 88' lang='lat' dir='ltr'>et</span> 
     </span>
     <span class='ocr_line' id='line_1_4' title="bbox 33 440 1407 502; baseline -0.003 -15"><span class='ocrx_word' id='word_1_26' title='bbox 33 464 53 487; x_wconf 89' lang='lat'>»</span> <span class='ocrx_word' id='word_1_27' title='bbox 90 454 136 489; x_wconf 88' lang='lat' dir='ltr'>tu</span> <span class='ocrx_word' id='word_1_28' title='bbox 158 460 206 488; x_wconf 75' lang='lat' dir='ltr'>ex</span> <span class='ocrx_word' id='word_1_29' title='bbox 225 443 306 488; x_wconf 89' lang='lat' dir='ltr'>illis</span> <span class='ocrx_word' id='word_1_30' title='bbox 329 459 387 498; x_wconf 84' lang='lat' dir='ltr'>eS,</span> <span class='ocrx_word' id='word_1_31' title='bbox 413 458 513 486; x_wconf 87' lang='lat' dir='ltr'>nam</span> <span class='ocrx_word' id='word_1_32' title='bbox 536 452 579 486; x_wconf 81' lang='lat' dir='ltr'>et</span> <span class='ocrx_word' id='word_1_33' title='bbox 598 441 773 502; x_wconf 81' lang='lat' dir='ltr'>loquela</span> <span class='ocrx_word' id='word_1_34' title='bbox 795 452 869 486; x_wconf 85' lang='lat' dir='ltr'>tua</span> <span class='ocrx_word' id='word_1_35' title='bbox 886 440 1162 485; x_wconf 86' lang='lat' dir='ltr'>manifestum</span> <span class='ocrx_word' id='word_1_36' title='bbox 1175 450 1218 485; x_wconf 86' lang='lat' dir='ltr'>te</span> <span class='ocrx_word' id='word_1_37' title='bbox 1239 440 1342 485; x_wconf 83' lang='lat' dir='ltr'>facit</span> <span class='ocrx_word' id='word_1_38' title='bbox 1358 461 1369 498; x_wconf 71' lang='lat'><em>3</em></span> <span class='ocrx_word' id='word_1_39' title='bbox 1387 459 1407 482; x_wconf 89' lang='lat'>»</span> 
     </span>
     <span class='ocr_line' id='line_1_5' title="bbox 31 511 1412 569; baseline -0.004 -10"><span class='ocrx_word' id='word_1_40' title='bbox 31 515 141 559; x_wconf 89' lang='lat' dir='ltr'>sicut</span> <span class='ocrx_word' id='word_1_41' title='bbox 158 517 344 558; x_wconf 87' lang='lat' dir='ltr'>Joannes</span> <span class='ocrx_word' id='word_1_42' title='bbox 361 511 500 556; x_wconf 88' lang='lat' dir='ltr'>eidem</span> <span class='ocrx_word' id='word_1_43' title='bbox 525 515 652 556; x_wconf 87' lang='lat' dir='ltr'>Petro</span> <span class='ocrx_word' id='word_1_44' title='bbox 672 511 838 557; x_wconf 88' lang='lat' dir='ltr'>dictum</span> <span class='ocrx_word' id='word_1_45' title='bbox 867 521 1099 557; x_wconf 80' lang='lat' dir='ltr'>asseverat:</span> <span class='ocrx_word' id='word_1_46' title='bbox 1121 514 1309 557; x_wconf 89' lang='lat' dir='ltr'>«Nonne</span> <span class='ocrx_word' id='word_1_47' title='bbox 1331 526 1412 569; x_wconf 80' lang='lat' dir='ltr'>ego</span> 
     </span>
     <span class='ocr_line' id='line_1_6' title="bbox 34 580 1413 639; baseline -0.001 -13"><span class='ocrx_word' id='word_1_48' title='bbox 34 603 53 626; x_wconf 83' lang='lat'>»</span> <span class='ocrx_word' id='word_1_49' title='bbox 91 596 128 627; x_wconf 85' lang='lat' dir='ltr'>te</span> <span class='ocrx_word' id='word_1_50' title='bbox 149 584 237 628; x_wconf 85' lang='lat' dir='ltr'>vidi</span> <span class='ocrx_word' id='word_1_51' title='bbox 259 584 303 626; x_wconf 91' lang='lat' dir='ltr'>in</span> <span class='ocrx_word' id='word_1_52' title='bbox 325 584 452 627; x_wconf 87' lang='lat' dir='ltr'>horto</span> <span class='ocrx_word' id='word_1_53' title='bbox 475 598 574 626; x_wconf 89' lang='lat' dir='ltr'>cum</span> <span class='ocrx_word' id='word_1_54' title='bbox 597 581 671 625; x_wconf 92' lang='lat' dir='ltr'>illo</span> <span class='ocrx_word' id='word_1_55' title='bbox 691 603 701 639; x_wconf 78' lang='lat'>3</span> <span class='ocrx_word' id='word_1_56' title='bbox 721 600 740 622; x_wconf 89' lang='lat'>»</span> <span class='ocrx_word' id='word_1_57' title='bbox 767 585 938 625; x_wconf 84' lang='lat' dir='ltr'>Marcus</span> <span class='ocrx_word' id='word_1_58' title='bbox 961 591 1105 626; x_wconf 85' lang='lat' dir='ltr'>autem</span> <span class='ocrx_word' id='word_1_59' title='bbox 1125 582 1238 626; x_wconf 88' lang='lat' dir='ltr'>inter</span> <span class='ocrx_word' id='word_1_60' title='bbox 1259 597 1303 625; x_wconf 88' lang='lat' dir='ltr'>se</span> <span class='ocrx_word' id='word_1_61' title='bbox 1317 580 1413 625; x_wconf 90' lang='lat' dir='ltr'>illos</span> 
     </span>
     <span class='ocr_line' id='line_1_7' title="bbox 32 651 1414 707; baseline -0.003 -8"><span class='ocrx_word' id='word_1_62' title='bbox 32 655 86 699; x_wconf 89' lang='lat' dir='ltr'>de</span> <span class='ocrx_word' id='word_1_63' title='bbox 114 659 241 699; x_wconf 89' lang='lat' dir='ltr'>Petro</span> <span class='ocrx_word' id='word_1_64' title='bbox 258 654 426 698; x_wconf 88' lang='lat' dir='ltr'>locutos</span> <span class='ocrx_word' id='word_1_65' title='bbox 440 653 544 697; x_wconf 89' lang='lat' dir='ltr'>dicit</span> <span class='ocrx_word' id='word_1_66' title='bbox 565 672 574 697; x_wconf 74' lang='grc' dir='ltr'>ε</span> <span class='ocrx_word' id='word_1_67' title='bbox 599 672 618 694; x_wconf 88' lang='lat'>«</span> <span class='ocrx_word' id='word_1_68' title='bbox 641 655 752 696; x_wconf 87' lang='lat' dir='ltr'>Vere</span> <span class='ocrx_word' id='word_1_69' title='bbox 770 668 819 696; x_wconf 83' lang='lat' dir='ltr'>ex</span> <span class='ocrx_word' id='word_1_70' title='bbox 836 653 918 696; x_wconf 90' lang='lat' dir='ltr'>illis</span> <span class='ocrx_word' id='word_1_71' title='bbox 937 662 1015 707; x_wconf 88' lang='lat' dir='ltr'>est,</span> <span class='ocrx_word' id='word_1_72' title='bbox 1033 669 1134 697; x_wconf 85' lang='lat' dir='ltr'>nam</span> <span class='ocrx_word' id='word_1_73' title='bbox 1153 662 1195 697; x_wconf 92' lang='lat' dir='ltr'>et</span> <span class='ocrx_word' id='word_1_74' title='bbox 1210 651 1414 696; x_wconf 80' lang='lat' dir='ltr'>G-alilaeus</span> 
     </span>
     <span class='ocr_line' id='line_1_8' title="bbox 37 722 1415 782; baseline 0 -15"><span class='ocrx_word' id='word_1_75' title='bbox 37 745 57 767; x_wconf 91' lang='lat'>»</span> <span class='ocrx_word' id='word_1_76' title='bbox 91 728 176 769; x_wconf 86' lang='lat' dir='ltr'>est1</span> <span class='ocrx_word' id='word_1_77' title='bbox 192 746 203 782; x_wconf 76' lang='lat'><em>3</em></span> <span class='ocrx_word' id='word_1_78' title='bbox 217 744 236 765; x_wconf 90' lang='lat'>»</span> <span class='ocrx_word' id='word_1_79' title='bbox 247 725 358 769; x_wconf 90' lang='lat' dir='ltr'>sicut</span> <span class='ocrx_word' id='word_1_80' title='bbox 371 734 414 767; x_wconf 89' lang='lat' dir='ltr'>et</span> <span class='ocrx_word' id='word_1_81' title='bbox 428 727 564 767; x_wconf 87' lang='lat' dir='ltr'>Lucas</span> <span class='ocrx_word' id='word_1_82' title='bbox 577 739 663 767; x_wconf 92' lang='lat' dir='ltr'>non</span> <span class='ocrx_word' id='word_1_83' title='bbox 677 727 821 777; x_wconf 84' lang='lat' dir='ltr'>Petro,</span> <span class='ocrx_word' id='word_1_84' title='bbox 838 722 912 767; x_wconf 88' lang='lat' dir='ltr'>sed</span> <span class='ocrx_word' id='word_1_85' title='bbox 925 722 979 766; x_wconf 89' lang='lat' dir='ltr'>de</span> <span class='ocrx_word' id='word_1_86' title='bbox 993 727 1121 767; x_wconf 84' lang='lat' dir='ltr'>Petro</span> <span class='ocrx_word' id='word_1_87' title='bbox 1133 723 1237 767; x_wconf 91' lang='lat' dir='ltr'>dicit</span> <span class='ocrx_word' id='word_1_88' title='bbox 1249 743 1257 767; x_wconf 92' lang='lat'>:</span> <span class='ocrx_word' id='word_1_89' title='bbox 1269 723 1415 767; x_wconf 86' lang='lat' dir='ltr'>«Alius</span> 
     </span>
     <span class='ocr_line' id='line_1_9' title="bbox 36 793 1412 855; baseline -0.001 -18"><span class='ocrx_word' id='word_1_90' title='bbox 36 815 55 838; x_wconf 88' lang='lat'>»</span> <span class='ocrx_word' id='word_1_91' title='bbox 91 795 270 855; x_wconf 86' lang='lat' dir='ltr'>quidam</span> <span class='ocrx_word' id='word_1_92' title='bbox 309 793 555 839; x_wconf 80' lang='lat' dir='ltr'>affirmabat</span> <span class='ocrx_word' id='word_1_93' title='bbox 577 794 745 848; x_wconf 81' lang='lat' dir='ltr'>dicens,</span> <span class='ocrx_word' id='word_1_94' title='bbox 771 796 882 836; x_wconf 86' lang='lat' dir='ltr'>Vere</span> <span class='ocrx_word' id='word_1_95' title='bbox 904 802 947 837; x_wconf 85' lang='lat' dir='ltr'>et</span> <span class='ocrx_word' id='word_1_96' title='bbox 977 793 1047 836; x_wconf 90' lang='lat' dir='ltr'>hic</span> <span class='ocrx_word' id='word_1_97' title='bbox 1075 808 1175 836; x_wconf 89' lang='lat' dir='ltr'>cum</span> <span class='ocrx_word' id='word_1_98' title='bbox 1203 793 1278 837; x_wconf 93' lang='lat' dir='ltr'>illo</span> <span class='ocrx_word' id='word_1_99' title='bbox 1301 802 1412 848; x_wconf 83' lang='lat' dir='ltr'>erat,</span> 
     </span>
     <span class='ocr_line' id='line_1_10' title="bbox 36 862 1417 922; baseline 0 -15"><span class='ocrx_word' id='word_1_100' title='bbox 36 866 56 908; x_wconf 64' lang='lat'>‘»</span> <span class='ocrx_word' id='word_1_101' title='bbox 92 881 191 909; x_wconf 88' lang='lat' dir='ltr'>nam</span> <span class='ocrx_word' id='word_1_102' title='bbox 208 875 251 909; x_wconf 89' lang='lat' dir='ltr'>et</span> <span class='ocrx_word' id='word_1_103' title='bbox 273 863 473 909; x_wconf 81' lang='lat' dir='ltr'>G-alilaeus</span> <span class='ocrx_word' id='word_1_104' title='bbox 490 873 552 907; x_wconf 87' lang='lat' dir='ltr'>est</span> <span class='ocrx_word' id='word_1_105' title='bbox 574 883 581 907; x_wconf 91' lang='grc'>;</span> <span class='ocrx_word' id='word_1_106' title='bbox 605 882 624 904; x_wconf 79' lang='grc'>»</span> <span class='ocrx_word' id='word_1_107' title='bbox 653 873 727 907; x_wconf 82' lang='lat' dir='ltr'>aut</span> <span class='ocrx_word' id='word_1_108' title='bbox 753 863 1009 907; x_wconf 81' lang='lat' dir='ltr'>sententiam</span> <span class='ocrx_word' id='word_1_109' title='bbox 1038 862 1320 922; x_wconf 81' lang='lat' dir='ltr'>intelligimus</span> <span class='ocrx_word' id='word_1_110' title='bbox 1349 872 1417 907; x_wconf 88' lang='lat' dir='ltr'>te-</span> 
     </span>
     <span class='ocr_line' id='line_1_11' title="bbox 34 933 1417 995; baseline -0.003 -15"><span class='ocrx_word' id='word_1_111' title='bbox 34 936 177 987; x_wconf 79' lang='lat' dir='ltr'>nuisse</span> <span class='ocrx_word' id='word_1_112' title='bbox 196 951 290 991; x_wconf 79' lang='lat' dir='ltr'>eos,</span> <span class='ocrx_word' id='word_1_113' title='bbox 316 935 391 995; x_wconf 81' lang='lat' dir='ltr'>qui</span> <span class='ocrx_word' id='word_1_114' title='bbox 414 933 722 993; x_wconf 81' lang='lat' dir='ltr'>compellatum</span> <span class='ocrx_word' id='word_1_115' title='bbox 741 933 893 978; x_wconf 84' lang='lat' dir='ltr'>dicunt</span> <span class='ocrx_word' id='word_1_116' title='bbox 915 937 1089 977; x_wconf 83' lang='lat' dir='ltr'>Petrum</span> <span class='ocrx_word' id='word_1_117' title='bbox 1113 954 1121 978; x_wconf 75' lang='lat' dir='ltr'>z</span> <span class='ocrx_word' id='word_1_118' title='bbox 1144 934 1417 977; x_wconf 82' lang='lat' dir='ltr'>tantumdem</span> 
     </span>
     <span class='ocr_line' id='line_1_12' title="bbox 35 1003 1419 1065; baseline -0.002 -16"><span class='ocrx_word' id='word_1_119' title='bbox 35 1007 150 1050; x_wconf 89' lang='lat' dir='ltr'>enim</span> <span class='ocrx_word' id='word_1_120' title='bbox 168 1005 304 1049; x_wconf 75' lang='lat' dir='ltr'>valuit</span> <span class='ocrx_word' id='word_1_121' title='bbox 321 1004 439 1065; x_wconf 86' lang='lat' dir='ltr'>quod</span> <span class='ocrx_word' id='word_1_122' title='bbox 463 1004 516 1047; x_wconf 88' lang='lat' dir='ltr'>de</span> <span class='ocrx_word' id='word_1_123' title='bbox 531 1003 607 1048; x_wconf 91' lang='lat' dir='ltr'>illo</span> <span class='ocrx_word' id='word_1_124' title='bbox 628 1019 772 1048; x_wconf 85' lang='lat' dir='ltr'>coram</span> <span class='ocrx_word' id='word_1_125' title='bbox 790 1003 865 1048; x_wconf 92' lang='lat' dir='ltr'>illo</span> <span class='ocrx_word' id='word_1_126' title='bbox 890 1003 1131 1059; x_wconf 76' lang='lat' dir='ltr'>dicebatur,</span> <span class='ocrx_word' id='word_1_127' title='bbox 1153 1013 1366 1063; x_wconf 80' lang='lat' dir='ltr'>quantum</span> <span class='ocrx_word' id='word_1_128' title='bbox 1386 1003 1419 1047; x_wconf 85' lang='lat' dir='ltr'>si</span> 
     </span>
     <span class='ocr_line' id='line_1_13' title="bbox 32 1073 1418 1133; baseline -0.002 -13"><span class='ocrx_word' id='word_1_129' title='bbox 32 1075 94 1120; x_wconf 89' lang='lat' dir='ltr'>illi</span> <span class='ocrx_word' id='word_1_130' title='bbox 109 1076 339 1129; x_wconf 83' lang='lat' dir='ltr'>diceretur,</span> <span class='ocrx_word' id='word_1_131' title='bbox 358 1083 433 1118; x_wconf 84' lang='lat' dir='ltr'>aut</span> <span class='ocrx_word' id='word_1_132' title='bbox 449 1083 635 1133; x_wconf 86' lang='lat' dir='ltr'>utroque</span> <span class='ocrx_word' id='word_1_133' title='bbox 652 1073 784 1117; x_wconf 88' lang='lat' dir='ltr'>modo</span> <span class='ocrx_word' id='word_1_134' title='bbox 797 1083 958 1128; x_wconf 74' lang='lat' dir='ltr'>actu-m,</span> <span class='ocrx_word' id='word_1_135' title='bbox 979 1083 1020 1117; x_wconf 88' lang='lat' dir='ltr'>et</span> <span class='ocrx_word' id='word_1_136' title='bbox 1034 1074 1138 1118; x_wconf 79' lang='lat' dir='ltr'>alios</span> <span class='ocrx_word' id='word_1_137' title='bbox 1153 1074 1295 1129; x_wconf 84' lang='lat' dir='ltr'>illum,</span> <span class='ocrx_word' id='word_1_138' title='bbox 1314 1073 1418 1117; x_wconf 88' lang='lat' dir='ltr'>alios</span> 
     </span>
     <span class='ocr_line' id='line_1_14' title="bbox 34 1143 1420 1202; baseline -0.002 -12"><span class='ocrx_word' id='word_1_139' title='bbox 34 1146 165 1191; x_wconf 87' lang='lat' dir='ltr'>alium</span> <span class='ocrx_word' id='word_1_140' title='bbox 179 1144 358 1189; x_wconf 90' lang='lat' dir='ltr'>modum</span> <span class='ocrx_word' id='word_1_141' title='bbox 371 1159 743 1188; x_wconf 73' lang='lat' dir='ltr'>commemorasse.</span> <span class='ocrx_word' id='word_1_142' title='bbox 756 1143 868 1187; x_wconf 83' lang='lat' dir='ltr'>Galli</span> <span class='ocrx_word' id='word_1_143' title='bbox 882 1153 1024 1187; x_wconf 87' lang='lat' dir='ltr'>autem</span> <span class='ocrx_word' id='word_1_144' title='bbox 1041 1153 1217 1188; x_wconf 84' lang='lat' dir='ltr'>cantum</span> <span class='ocrx_word' id='word_1_145' title='bbox 1232 1153 1328 1202; x_wconf 89' lang='lat' dir='ltr'>post</span> <span class='ocrx_word' id='word_1_146' title='bbox 1339 1153 1420 1188; x_wconf 85' lang='lat' dir='ltr'>ter-</span> 
     </span>
     <span class='ocr_line' id='line_1_15' title="bbox 36 1213 1420 1275; baseline -0.002 -15"><span class='ocrx_word' id='word_1_147' title='bbox 36 1217 139 1261; x_wconf 82' lang='lat' dir='ltr'>tiam</span> <span class='ocrx_word' id='word_1_148' title='bbox 159 1217 435 1275; x_wconf 76' lang='lat' dir='ltr'>negationem</span> <span class='ocrx_word' id='word_1_149' title='bbox 447 1214 688 1259; x_wconf 84' lang='lat' dir='ltr'>secundum</span> <span class='ocrx_word' id='word_1_150' title='bbox 709 1213 1003 1273; x_wconf 76' lang='lat' dir='ltr'>intelligimus,</span> <span class='ocrx_word' id='word_1_151' title='bbox 1025 1215 1137 1258; x_wconf 89' lang='lat' dir='ltr'>sicut</span> <span class='ocrx_word' id='word_1_152' title='bbox 1158 1217 1329 1259; x_wconf 82' lang='lat' dir='ltr'>Marcus</span> <span class='ocrx_word' id='word_1_153' title='bbox 1349 1230 1420 1259; x_wconf 72' lang='lat' dir='ltr'>ex-</span> 
     </span>
     <span class='ocr_line' id='line_1_16' title="bbox 37 1271 428 1346; baseline -0.003 -17"><span class='ocrx_word' id='word_1_154' title='bbox 37 1287 204 1346; x_wconf 85' lang='lat' dir='ltr'>pressit.</span> <span class='ocrx_word' id='word_1_155' title='bbox 417 1271 428 1283; x_wconf 33' lang='lat' dir='ltr'><em>p</em></span> 
     </span>
    </p>

    <p class='ocr_par' dir='ltr' id='par_1_3' title="bbox 42 1354 1435 2326">
     <span class='ocr_line' id='line_1_17' title="bbox 97 1354 1421 1416; baseline -0.001 -16"><span class='ocrx_word' id='word_1_156' title='bbox 97 1359 260 1400; x_wconf 83' lang='lat' dir='ltr'>XXVI.</span> <span class='ocrx_word' id='word_1_157' title='bbox 289 1356 494 1416; x_wconf 80' lang='lat' dir='ltr'>Sequitur</span> <span class='ocrx_word' id='word_1_158' title='bbox 511 1370 611 1413; x_wconf 79' lang='lat' dir='ltr'>ergo</span> <span class='ocrx_word' id='word_1_159' title='bbox 632 1356 880 1409; x_wconf 74' lang='lat' dir='ltr'>Matthaeus,</span> <span class='ocrx_word' id='word_1_160' title='bbox 897 1355 955 1399; x_wconf 83' lang='lat' dir='ltr'>ita</span> <span class='ocrx_word' id='word_1_161' title='bbox 969 1354 1115 1399; x_wconf 89' lang='lat' dir='ltr'>dicens</span> <span class='ocrx_word' id='word_1_162' title='bbox 1140 1375 1148 1400; x_wconf 73' lang='grc' dir='ltr'>ε</span> <span class='ocrx_word' id='word_1_163' title='bbox 1169 1358 1258 1400; x_wconf 85' lang='lat' dir='ltr'>«Et</span> <span class='ocrx_word' id='word_1_164' title='bbox 1276 1371 1421 1400; x_wconf 71' lang='lat' dir='ltr'>recor=</span> 
     </span>
     <span class='ocr_line' id='line_1_18' title="bbox 42 1425 1421 1485; baseline 0.001 -17"><span class='ocrx_word' id='word_1_165' title='bbox 42 1447 60 1468; x_wconf 86' lang='lat'>»</span> <span class='ocrx_word' id='word_1_166' title='bbox 96 1427 222 1470; x_wconf 85' lang='lat' dir='ltr'>datus</span> <span class='ocrx_word' id='word_1_167' title='bbox 241 1436 304 1470; x_wconf 87' lang='lat' dir='ltr'>est</span> <span class='ocrx_word' id='word_1_168' title='bbox 327 1430 478 1470; x_wconf 81' lang='lat' dir='ltr'>Petrus</span> <span class='ocrx_word' id='word_1_169' title='bbox 502 1426 620 1470; x_wconf 85' lang='lat' dir='ltr'>verbi</span> <span class='ocrx_word' id='word_1_170' title='bbox 646 1428 747 1469; x_wconf 88' lang='lat' dir='ltr'>Jesu</span> <span class='ocrx_word' id='word_1_171' title='bbox 776 1425 894 1484; x_wconf 82' lang='lat' dir='ltr'>quod</span> <span class='ocrx_word' id='word_1_172' title='bbox 918 1426 1081 1469; x_wconf 83' lang='lat' dir='ltr'>dixerat</span> <span class='ocrx_word' id='word_1_173' title='bbox 1116 1445 1124 1469; x_wconf 89' lang='lat'><strong>:</strong></span> <span class='ocrx_word' id='word_1_174' title='bbox 1146 1425 1268 1469; x_wconf 83' lang='lat' dir='ltr'>Prius</span> <span class='ocrx_word' id='word_1_175' title='bbox 1290 1441 1421 1485; x_wconf 85' lang='lat' dir='ltr'>quam</span> 
     </span>
     <span class='ocr_line' id='line_1_19' title="bbox 43 1495 1425 1555; baseline 0 -15"><span class='ocrx_word' id='word_1_176' title='bbox 43 1517 62 1540; x_wconf 90' lang='lat'>»</span> <span class='ocrx_word' id='word_1_177' title='bbox 98 1497 233 1555; x_wconf 82' lang='lat' dir='ltr'>gallus</span> <span class='ocrx_word' id='word_1_178' title='bbox 255 1506 426 1550; x_wconf 78' lang='lat' dir='ltr'>cantet,</span> <span class='ocrx_word' id='word_1_179' title='bbox 453 1507 517 1540; x_wconf 80' lang='lat' dir='ltr'>tcr</span> <span class='ocrx_word' id='word_1_180' title='bbox 538 1512 606 1540; x_wconf 91' lang='lat' dir='ltr'>me</span> <span class='ocrx_word' id='word_1_181' title='bbox 629 1497 803 1553; x_wconf 81' lang='lat' dir='ltr'>negabis</span> <span class='ocrx_word' id='word_1_182' title='bbox 829 1516 836 1540; x_wconf 89' lang='lat'>:</span> <span class='ocrx_word' id='word_1_183' title='bbox 864 1505 907 1540; x_wconf 89' lang='lat' dir='ltr'>et</span> <span class='ocrx_word' id='word_1_184' title='bbox 928 1512 1120 1555; x_wconf 77' lang='lat' dir='ltr'>egressus</span> <span class='ocrx_word' id='word_1_185' title='bbox 1146 1495 1279 1551; x_wconf 80' lang='lat' dir='ltr'>foras,</span> <span class='ocrx_word' id='word_1_186' title='bbox 1304 1496 1425 1540; x_wconf 84' lang='lat' dir='ltr'>flevit</span> 
     </span>
     <span class='ocr_line' id='line_1_20' title="bbox 43 1566 1424 1613; baseline 0.001 -4"><span class='ocrx_word' id='word_1_187' title='bbox 43 1585 62 1609; x_wconf 81' lang='grc'>»</span> <span class='ocrx_word' id='word_1_188' title='bbox 99 1583 257 1611; x_wconf 82' lang='lat' dir='ltr'>amare.</span> <span class='ocrx_word' id='word_1_189' title='bbox 288 1585 315 1610; x_wconf 68' lang='lat' dir='ltr'>r.</span> <span class='ocrx_word' id='word_1_190' title='bbox 335 1570 505 1613; x_wconf 83' lang='lat' dir='ltr'>Marcus</span> <span class='ocrx_word' id='word_1_191' title='bbox 520 1576 665 1610; x_wconf 83' lang='lat' dir='ltr'>autem</span> <span class='ocrx_word' id='word_1_192' title='bbox 688 1567 746 1610; x_wconf 79' lang='lat' dir='ltr'>ita</span> <span class='ocrx_word' id='word_1_193' title='bbox 760 1567 866 1610; x_wconf 89' lang='lat' dir='ltr'>dicit</span> <span class='ocrx_word' id='word_1_194' title='bbox 891 1586 899 1611; x_wconf 79' lang='lat' dir='ltr'><strong><em>z</em></strong></span> <span class='ocrx_word' id='word_1_195' title='bbox 926 1586 945 1608; x_wconf 87' lang='lat'>«</span> <span class='ocrx_word' id='word_1_196' title='bbox 971 1566 1238 1610; x_wconf 79' lang='lat' dir='ltr'>Recordatus</span> <span class='ocrx_word' id='word_1_197' title='bbox 1261 1576 1324 1611; x_wconf 89' lang='lat' dir='ltr'>est</span> <span class='ocrx_word' id='word_1_198' title='bbox 1341 1571 1424 1610; x_wconf 89' lang='lat' dir='ltr'>Pe-</span> 
     </span>
     <span class='ocr_line' id='line_1_21' title="bbox 45 1638 1425 1698; baseline 0.001 -19"><span class='ocrx_word' id='word_1_199' title='bbox 45 1656 65 1679; x_wconf 82' lang='grc'>»</span> <span class='ocrx_word' id='word_1_200' title='bbox 101 1648 191 1682; x_wconf 88' lang='lat' dir='ltr'>trus</span> <span class='ocrx_word' id='word_1_201' title='bbox 212 1638 334 1683; x_wconf 82' lang='lat' dir='ltr'>verbi</span> <span class='ocrx_word' id='word_1_202' title='bbox 373 1638 493 1698; x_wconf 83' lang='lat' dir='ltr'>quod</span> <span class='ocrx_word' id='word_1_203' title='bbox 530 1638 694 1681; x_wconf 77' lang='lat' dir='ltr'>dixerat</span> <span class='ocrx_word' id='word_1_204' title='bbox 726 1638 765 1681; x_wconf 89' lang='lat' dir='ltr'>ei</span> <span class='ocrx_word' id='word_1_205' title='bbox 793 1641 944 1682; x_wconf 88' lang='lat' dir='ltr'>Jesus:</span> <span class='ocrx_word' id='word_1_206' title='bbox 976 1639 1098 1682; x_wconf 86' lang='lat' dir='ltr'>Prius</span> <span class='ocrx_word' id='word_1_207' title='bbox 1120 1654 1251 1698; x_wconf 85' lang='lat' dir='ltr'>quam</span> <span class='ocrx_word' id='word_1_208' title='bbox 1289 1638 1425 1695; x_wconf 80' lang='lat' dir='ltr'>gallus</span> 
     </span>
     <span class='ocr_line' id='line_1_22' title="bbox 46 1708 1426 1768; baseline 0.001 -16"><span class='ocrx_word' id='word_1_209' title='bbox 46 1728 65 1750; x_wconf 90' lang='lat'>»</span> <span class='ocrx_word' id='word_1_210' title='bbox 100 1718 245 1753; x_wconf 85' lang='lat' dir='ltr'>cantet</span> <span class='ocrx_word' id='word_1_211' title='bbox 276 1709 367 1763; x_wconf 81' lang='lat' dir='ltr'>bis,</span> <span class='ocrx_word' id='word_1_212' title='bbox 406 1718 469 1752; x_wconf 84' lang='lat' dir='ltr'>ter</span> <span class='ocrx_word' id='word_1_213' title='bbox 504 1724 574 1752; x_wconf 88' lang='lat' dir='ltr'>me</span> <span class='ocrx_word' id='word_1_214' title='bbox 607 1708 783 1766; x_wconf 81' lang='lat' dir='ltr'>negabis</span> <span class='ocrx_word' id='word_1_215' title='bbox 820 1728 827 1752; x_wconf 94' lang='lat'>:</span> <span class='ocrx_word' id='word_1_216' title='bbox 854 1718 898 1752; x_wconf 90' lang='lat' dir='ltr'>ct</span> <span class='ocrx_word' id='word_1_217' title='bbox 925 1708 1060 1768; x_wconf 85' lang='lat' dir='ltr'>coepit</span> <span class='ocrx_word' id='word_1_218' title='bbox 1083 1710 1200 1752; x_wconf 72' lang='lat' dir='ltr'>flere.</span> <span class='ocrx_word' id='word_1_219' title='bbox 1242 1727 1262 1749; x_wconf 86' lang='lat'>»</span> <span class='ocrx_word' id='word_1_220' title='bbox 1289 1712 1426 1753; x_wconf 83' lang='lat' dir='ltr'>Lucas</span> 
     </span>
     <span class='ocr_line' id='line_1_23' title="bbox 44 1777 1424 1837; baseline -0.001 -14"><span class='ocrx_word' id='word_1_221' title='bbox 44 1788 188 1823; x_wconf 86' lang='lat' dir='ltr'>autem</span> <span class='ocrx_word' id='word_1_222' title='bbox 215 1777 274 1822; x_wconf 87' lang='lat' dir='ltr'>sic</span> <span class='ocrx_word' id='word_1_223' title='bbox 297 1779 356 1822; x_wconf 84' lang='lat' dir='ltr'>ait</span> <span class='ocrx_word' id='word_1_224' title='bbox 379 1798 386 1823; x_wconf 91' lang='lat'>:</span> <span class='ocrx_word' id='word_1_225' title='bbox 416 1798 436 1820; x_wconf 87' lang='lat'>«</span> <span class='ocrx_word' id='word_1_226' title='bbox 458 1781 513 1822; x_wconf 90' lang='lat' dir='ltr'>Et</span> <span class='ocrx_word' id='word_1_227' title='bbox 534 1794 765 1828; x_wconf 80' lang='lat' dir='ltr'>conversus</span> <span class='ocrx_word' id='word_1_228' title='bbox 787 1779 994 1822; x_wconf 85' lang='lat' dir='ltr'>Dominus</span> <span class='ocrx_word' id='word_1_229' title='bbox 1014 1779 1196 1837; x_wconf 79' lang='lat' dir='ltr'>respexit</span> <span class='ocrx_word' id='word_1_230' title='bbox 1219 1782 1393 1822; x_wconf 81' lang='lat' dir='ltr'>Petrum</span> <span class='ocrx_word' id='word_1_231' title='bbox 1415 1797 1424 1823; x_wconf 79' lang='lat'>2</span> 
     </span>
     <span class='ocr_line' id='line_1_24' title="bbox 48 1848 1426 1904; baseline 0.002 -13"><span class='ocrx_word' id='word_1_232' title='bbox 48 1868 68 1891; x_wconf 89' lang='lat'>»</span> <span class='ocrx_word' id='word_1_233' title='bbox 103 1858 147 1893; x_wconf 93' lang='lat' dir='ltr'>et</span> <span class='ocrx_word' id='word_1_234' title='bbox 170 1848 417 1893; x_wconf 83' lang='lat' dir='ltr'>recordatus</span> <span class='ocrx_word' id='word_1_235' title='bbox 443 1858 507 1892; x_wconf 88' lang='lat' dir='ltr'>est</span> <span class='ocrx_word' id='word_1_236' title='bbox 538 1852 688 1892; x_wconf 81' lang='lat' dir='ltr'>Petrus</span> <span class='ocrx_word' id='word_1_237' title='bbox 711 1848 831 1892; x_wconf 89' lang='lat' dir='ltr'>verbi</span> <span class='ocrx_word' id='word_1_238' title='bbox 868 1849 1066 1904; x_wconf 76' lang='lat' dir='ltr'>Domini,</span> <span class='ocrx_word' id='word_1_239' title='bbox 1091 1849 1202 1893; x_wconf 88' lang='lat' dir='ltr'>sicut</span> <span class='ocrx_word' id='word_1_240' title='bbox 1228 1849 1392 1893; x_wconf 80' lang='lat' dir='ltr'>dixerat</span> <span class='ocrx_word' id='word_1_241' title='bbox 1416 1868 1426 1894; x_wconf 79' lang='lat'>2</span> 
     </span>
     <span class='ocr_line' id='line_1_25' title="bbox 49 1918 1432 1978; baseline 0.002 -17"><span class='ocrx_word' id='word_1_242' title='bbox 49 1938 69 1961; x_wconf 78' lang='lat'>)›</span> <span class='ocrx_word' id='word_1_243' title='bbox 105 1920 214 1972; x_wconf 84' lang='lat' dir='ltr'>Quia</span> <span class='ocrx_word' id='word_1_244' title='bbox 243 1919 361 1978; x_wconf 85' lang='lat' dir='ltr'>prius</span> <span class='ocrx_word' id='word_1_245' title='bbox 399 1934 529 1978; x_wconf 83' lang='lat' dir='ltr'>quam</span> <span class='ocrx_word' id='word_1_246' title='bbox 566 1918 706 1977; x_wconf 76' lang='lat' dir='ltr'>gallus</span> <span class='ocrx_word' id='word_1_247' title='bbox 736 1928 907 1973; x_wconf 80' lang='lat' dir='ltr'>cantet,</span> <span class='ocrx_word' id='word_1_248' title='bbox 947 1928 1011 1963; x_wconf 90' lang='lat' dir='ltr'>ter</span> <span class='ocrx_word' id='word_1_249' title='bbox 1044 1935 1114 1963; x_wconf 90' lang='lat' dir='ltr'>me</span> <span class='ocrx_word' id='word_1_250' title='bbox 1145 1920 1355 1978; x_wconf 83' lang='lat' dir='ltr'>negabis:</span> <span class='ocrx_word' id='word_1_251' title='bbox 1388 1928 1432 1964; x_wconf 87' lang='lat' dir='ltr'>et</span> 
     </span>
     <span class='ocr_line' id='line_1_26' title="bbox 49 1988 1431 2047; baseline 0.001 -16"><span class='ocrx_word' id='word_1_252' title='bbox 49 2009 70 2031; x_wconf 87' lang='lat'>»</span> <span class='ocrx_word' id='word_1_253' title='bbox 106 2005 296 2047; x_wconf 83' lang='lat' dir='ltr'>egressus</span> <span class='ocrx_word' id='word_1_254' title='bbox 315 1988 426 2033; x_wconf 80' lang='lat' dir='ltr'>foras</span> <span class='ocrx_word' id='word_1_255' title='bbox 441 1993 591 2033; x_wconf 89' lang='lat' dir='ltr'>Petrus</span> <span class='ocrx_word' id='word_1_256' title='bbox 606 1989 724 2032; x_wconf 86' lang='lat' dir='ltr'>ssevit</span> <span class='ocrx_word' id='word_1_257' title='bbox 741 2004 898 2032; x_wconf 87' lang='lat' dir='ltr'>amare.</span> <span class='ocrx_word' id='word_1_258' title='bbox 921 2007 940 2029; x_wconf 86' lang='lat'>»</span> <span class='ocrx_word' id='word_1_259' title='bbox 959 1992 982 2032; x_wconf 89' lang='lat' dir='ltr'><strong>J</strong></span> <span class='ocrx_word' id='word_1_260' title='bbox 987 2005 1146 2033; x_wconf 88' lang='lat' dir='ltr'>oannes</span> <span class='ocrx_word' id='word_1_261' title='bbox 1161 1989 1215 2032; x_wconf 89' lang='lat' dir='ltr'>de</span> <span class='ocrx_word' id='word_1_262' title='bbox 1231 1989 1431 2033; x_wconf 87' lang='lat' dir='ltr'>recorda-</span> 
     </span>
     <span class='ocr_line' id='line_1_27' title="bbox 48 2059 1433 2119; baseline -0.001 -15"><span class='ocrx_word' id='word_1_263' title='bbox 48 2060 166 2104; x_wconf 89' lang='lat' dir='ltr'>tione</span> <span class='ocrx_word' id='word_1_264' title='bbox 189 2069 231 2103; x_wconf 91' lang='lat' dir='ltr'>et</span> <span class='ocrx_word' id='word_1_265' title='bbox 246 2060 352 2103; x_wconf 88' lang='lat' dir='ltr'>fletu</span> <span class='ocrx_word' id='word_1_266' title='bbox 377 2060 490 2103; x_wconf 84' lang='lat' dir='ltr'>Petri</span> <span class='ocrx_word' id='word_1_267' title='bbox 512 2068 638 2103; x_wconf 84' lang='lat' dir='ltr'>tacet.</span> <span class='ocrx_word' id='word_1_268' title='bbox 663 2062 772 2103; x_wconf 88' lang='lat' dir='ltr'>Sane</span> <span class='ocrx_word' id='word_1_269' title='bbox 790 2059 834 2102; x_wconf 91' lang='lat' dir='ltr'>in</span> <span class='ocrx_word' id='word_1_270' title='bbox 848 2075 899 2103; x_wconf 91' lang='lat' dir='ltr'>eo</span> <span class='ocrx_word' id='word_1_271' title='bbox 921 2060 1041 2119; x_wconf 86' lang='lat' dir='ltr'>quod</span> <span class='ocrx_word' id='word_1_272' title='bbox 1057 2060 1115 2103; x_wconf 87' lang='lat' dir='ltr'>ait</span> <span class='ocrx_word' id='word_1_273' title='bbox 1138 2063 1294 2114; x_wconf 84' lang='lat' dir='ltr'>Lucas,</span> <span class='ocrx_word' id='word_1_274' title='bbox 1312 2061 1433 2119; x_wconf 86' lang='lat' dir='ltr'>quod</span> 
     </span>
     <span class='ocr_line' id='line_1_28' title="bbox 55 2129 1434 2189; baseline -0.001 -16"><span class='ocrx_word' id='word_1_275' title='bbox 55 2150 74 2173; x_wconf 90' lang='lat'>«</span> <span class='ocrx_word' id='word_1_276' title='bbox 108 2133 352 2175; x_wconf 85' lang='lat' dir='ltr'>Conversus</span> <span class='ocrx_word' id='word_1_277' title='bbox 375 2130 583 2174; x_wconf 88' lang='lat' dir='ltr'>Dominus</span> <span class='ocrx_word' id='word_1_278' title='bbox 605 2130 788 2188; x_wconf 76' lang='lat' dir='ltr'>respexit</span> <span class='ocrx_word' id='word_1_279' title='bbox 810 2133 987 2173; x_wconf 84' lang='lat' dir='ltr'>Petrum</span> <span class='ocrx_word' id='word_1_280' title='bbox 1016 2150 1023 2174; x_wconf 85' lang='grc'>;</span> <span class='ocrx_word' id='word_1_281' title='bbox 1044 2149 1062 2171; x_wconf 87' lang='lat'>»</span> <span class='ocrx_word' id='word_1_282' title='bbox 1086 2129 1307 2189; x_wconf 82' lang='lat' dir='ltr'>quomodo</span> <span class='ocrx_word' id='word_1_283' title='bbox 1327 2130 1434 2174; x_wconf 84' lang='lat' dir='ltr'>acci·</span> 
     </span>
     <span class='ocr_line' id='line_1_29' title="bbox 52 2200 1433 2261; baseline -0.001 -16"><span class='ocrx_word' id='word_1_284' title='bbox 52 2201 261 2261; x_wconf 89' lang='lat' dir='ltr'>piendum</span> <span class='ocrx_word' id='word_1_285' title='bbox 276 2202 345 2255; x_wconf 79' lang='lat' dir='ltr'>sit,</span> <span class='ocrx_word' id='word_1_286' title='bbox 362 2200 610 2258; x_wconf 82' lang='lat' dir='ltr'>diligentius</span> <span class='ocrx_word' id='word_1_287' title='bbox 621 2200 982 2245; x_wconf 87' lang='lat' dir='ltr'>considerandum</span> <span class='ocrx_word' id='word_1_288' title='bbox 1007 2211 1084 2245; x_wconf 83' lang='lat' dir='ltr'>est.</span> <span class='ocrx_word' id='word_1_289' title='bbox 1103 2202 1302 2254; x_wconf 79' lang='lat' dir='ltr'>Quamvis</span> <span class='ocrx_word' id='word_1_290' title='bbox 1316 2202 1433 2244; x_wconf 89' lang='lat' dir='ltr'>enim</span> 
     </span>
     <span class='ocr_line' id='line_1_30' title="bbox 53 2272 1435 2326; baseline -0.001 -9"><span class='ocrx_word' id='word_1_291' title='bbox 53 2273 254 2317; x_wconf 81' lang='lat' dir='ltr'>dicantur</span> <span class='ocrx_word' id='word_1_292' title='bbox 277 2272 405 2316; x_wconf 83' lang='lat' dir='ltr'>etiam</span> <span class='ocrx_word' id='word_1_293' title='bbox 427 2272 631 2316; x_wconf 86' lang='lat' dir='ltr'>interiora</span> <span class='ocrx_word' id='word_1_294' title='bbox 665 2272 772 2315; x_wconf 82' lang='lat' dir='ltr'>atria</span> <span class='ocrx_word' id='word_1_295' title='bbox 792 2307 802 2326; x_wconf 85' lang='lat'>,</span> <span class='ocrx_word' id='word_1_296' title='bbox 835 2280 980 2316; x_wconf 81' lang='lat' dir='ltr'>tamen</span> <span class='ocrx_word' id='word_1_297' title='bbox 1011 2273 1056 2316; x_wconf 92' lang='lat' dir='ltr'>in</span> <span class='ocrx_word' id='word_1_298' title='bbox 1093 2272 1303 2317; x_wconf 83' lang='lat' dir='ltr'>exteriore</span> <span class='ocrx_word' id='word_1_299' title='bbox 1327 2273 1435 2316; x_wconf 85' lang='lat' dir='ltr'>atrio</span> 
     </span>
    </p>
   </div>
   <div class='ocr_carea' id='block_1_3' title="bbox 0 2380 1440 2593">
    <p class='ocr_par' dir='ltr' id='par_1_4' title="bbox 0 2380 1440 2593">
     <span class='ocr_line' id='line_1_31' title="bbox 104 2380 1437 2426; baseline 0 -13"><span class='ocrx_word' id='word_1_300' title='bbox 104 2389 112 2405; x_wconf 86' lang='lat'>¹</span> <span class='ocrx_word' id='word_1_301' title='bbox 137 2385 230 2414; x_wconf 81' lang='lat' dir='ltr'>Forte</span> <span class='ocrx_word' id='word_1_302' title='bbox 259 2382 446 2423; x_wconf 82' lang='lat' dir='ltr'>legendum,</span> <span class='ocrx_word' id='word_1_303' title='bbox 468 2383 610 2413; x_wconf 65' lang='lat' dir='ltr'>Illam-us</span> <span class='ocrx_word' id='word_1_304' title='bbox 640 2389 750 2412; x_wconf 77' lang='lat' dir='ltr'>aulem</span> <span class='ocrx_word' id='word_1_305' title='bbox 768 2382 802 2412; x_wconf 85' lang='lat' dir='ltr'>in</span> <span class='ocrx_word' id='word_1_306' title='bbox 823 2380 1019 2426; x_wconf 67' lang='lat' dir='ltr'>quibusdam</span> <span class='ocrx_word' id='word_1_307' title='bbox 1042 2380 1212 2413; x_wconf 71' lang='lat' dir='ltr'>codicibus</span> <span class='ocrx_word' id='word_1_308' title='bbox 1231 2382 1322 2412; x_wconf 69' lang='lat' dir='ltr'>intel·</span> <span class='ocrx_word' id='word_1_309' title='bbox 1340 2393 1374 2413; x_wconf 83' lang='lat' dir='ltr'>se</span> <span class='ocrx_word' id='word_1_310' title='bbox 1393 2381 1437 2413; x_wconf 78' lang='lat' dir='ltr'>il-</span> 
     </span>
     <span class='ocr_line' id='line_1_32' title="bbox 0 2436 1439 2482; baseline -0.002 -11"><span class='ocrx_word' id='word_1_311' title='bbox 0 2455 2 2482; x_wconf 67' lang='grc'>],</span> <span class='ocrx_word' id='word_1_312' title='bbox 58 2439 121 2477; x_wconf 78' lang='lat' dir='ltr'>los,</span> <span class='ocrx_word' id='word_1_313' title='bbox 145 2445 206 2470; x_wconf 75' lang='lat' dir='ltr'>etc.</span> <span class='ocrx_word' id='word_1_314' title='bbox 228 2440 306 2470; x_wconf 81' lang='lat' dir='ltr'>Nam</span> <span class='ocrx_word' id='word_1_315' title='bbox 326 2438 418 2480; x_wconf 83' lang='lat' dir='ltr'>pau&#39;o</span> <span class='ocrx_word' id='word_1_316' title='bbox 440 2447 533 2479; x_wconf 79' lang='lat' dir='ltr'>supra</span> <span class='ocrx_word' id='word_1_317' title='bbox 556 2449 615 2469; x_wconf 84' lang='lat' dir='ltr'>non</span> <span class='ocrx_word' id='word_1_318' title='bbox 633 2448 723 2468; x_wconf 84' lang='lat' dir='ltr'>secus</span> <span class='ocrx_word' id='word_1_319' title='bbox 736 2448 773 2468; x_wconf 79' lang='lat' dir='ltr'>ac</span> <span class='ocrx_word' id='word_1_320' title='bbox 792 2437 822 2468; x_wconf 86' lang='lat' dir='ltr'>in</span> <span class='ocrx_word' id='word_1_321' title='bbox 841 2438 935 2468; x_wconf 79' lang='lat' dir='ltr'>sacris</span> <span class='ocrx_word' id='word_1_322' title='bbox 953 2438 1059 2468; x_wconf 80' lang='lat' dir='ltr'>Bibliis</span> <span class='ocrx_word' id='word_1_323' title='bbox 1080 2437 1216 2468; x_wconf 71' lang='lat' dir='ltr'>liabetur</span> <span class='ocrx_word' id='word_1_324' title='bbox 1237 2436 1439 2478; x_wconf 62' lang='lat' dir='ltr'>huncipsum</span> 
     </span>
     <span class='ocr_line' id='line_1_33' title="bbox 0 2491 1440 2535; baseline -0.002 -9"><span class='ocrx_word' id='word_1_325' title='bbox 0 2496 2 2516; x_wconf 66' lang='grc' dir='ltr'><strong><em>ῗ</em></strong></span> <span class='ocrx_word' id='word_1_326' title='bbox 58 2495 162 2526; x_wconf 85' lang='lat' dir='ltr'>Marci</span> <span class='ocrx_word' id='word_1_327' title='bbox 190 2494 293 2526; x_wconf 85' lang='lat' dir='ltr'>locum</span> <span class='ocrx_word' id='word_1_328' title='bbox 318 2494 424 2526; x_wconf 80' lang='lat' dir='ltr'>retulit</span> <span class='ocrx_word' id='word_1_329' title='bbox 450 2497 527 2535; x_wconf 78' lang='lat' dir='ltr'>Aug.</span> <span class='ocrx_word' id='word_1_330' title='bbox 558 2494 587 2524; x_wconf 90' lang='lat' dir='ltr'>in</span> <span class='ocrx_word' id='word_1_331' title='bbox 615 2493 683 2525; x_wconf 76' lang='lat' dir='ltr'>liaec</span> <span class='ocrx_word' id='word_1_332' title='bbox 712 2492 834 2524; x_wconf 70' lang='lat' dir='ltr'>verba:</span> <span class='ocrx_word' id='word_1_333' title='bbox 856 2491 1010 2524; x_wconf 66' lang='lat' dir='ltr'>dicebant</span> <span class='ocrx_word' id='word_1_334' title='bbox 1033 2494 1136 2524; x_wconf 69' lang='lat' dir='ltr'>Petro</span> <span class='ocrx_word' id='word_1_335' title='bbox 1157 2510 1164 2523; x_wconf 91' lang='lat'>.·</span> <span class='ocrx_word' id='word_1_336' title='bbox 1187 2494 1201 2523; x_wconf 89' lang='grc' dir='ltr'><em>Ι</em></span> <span class='ocrx_word' id='word_1_337' title='bbox 1219 2494 1274 2525; x_wconf 73' lang='lat' dir='ltr'>ere</span> <span class='ocrx_word' id='word_1_338' title='bbox 1298 2505 1342 2523; x_wconf 66' lang='lat' dir='ltr'>ex</span> <span class='ocrx_word' id='word_1_339' title='bbox 1370 2493 1440 2524; x_wconf 66' lang='lat' dir='ltr'>illis</span> 
     </span>
     <span class='ocr_line' id='line_1_34' title="bbox 0 2536 1382 2593; baseline -0.001 -11"><span class='ocrx_word' id='word_1_340' title='bbox 0 2536 1 2545; x_wconf 14' lang='grc' dir='ltr'>ἵ</span> <span class='ocrx_word' id='word_1_341' title='bbox 58 2562 113 2588; x_wconf 82' lang='lat' dir='ltr'>es,</span> <span class='ocrx_word' id='word_1_342' title='bbox 133 2554 196 2582; x_wconf 75' lang='lat' dir='ltr'>etc.</span> <span class='ocrx_word' id='word_1_343' title='bbox 216 2550 328 2593; x_wconf 80' lang='lat' dir='ltr'>quihus</span> <span class='ocrx_word' id='word_1_344' title='bbox 346 2550 386 2581; x_wconf 83' lang='lat' dir='ltr'>illi</span> <span class='ocrx_word' id='word_1_345' title='bbox 407 2560 468 2581; x_wconf 89' lang='lat' dir='ltr'>non</span> <span class='ocrx_word' id='word_1_346' title='bbox 492 2550 531 2581; x_wconf 87' lang='lat' dir='ltr'>de</span> <span class='ocrx_word' id='word_1_347' title='bbox 553 2552 647 2583; x_wconf 79' lang='lat' dir='ltr'>Petro</span> <span class='ocrx_word' id='word_1_348' title='bbox 665 2549 748 2580; x_wconf 81' lang='lat' dir='ltr'>inter</span> <span class='ocrx_word' id='word_1_349' title='bbox 765 2560 811 2590; x_wconf 80' lang='lat' dir='ltr'>sc,</span> <span class='ocrx_word' id='word_1_350' title='bbox 831 2550 886 2581; x_wconf 86' lang='lat' dir='ltr'>sed</span> <span class='ocrx_word' id='word_1_351' title='bbox 904 2549 961 2591; x_wconf 75' lang='lat' dir='ltr'>ipsi</span> <span class='ocrx_word' id='word_1_352' title='bbox 981 2551 1077 2581; x_wconf 81' lang='lat' dir='ltr'>Petro</span> <span class='ocrx_word' id='word_1_353' title='bbox 1096 2549 1193 2580; x_wconf 85' lang='lat' dir='ltr'>locuti</span> <span class='ocrx_word' id='word_1_354' title='bbox 1208 2554 1382 2580; x_wconf 79' lang='lat' dir='ltr'>narrantur.</span> 
     </span>
    </p>
   </div>
  </div>
 </body>
</html>
