1819 3301
359 246 442 286 444
791 256 825 285 s·
862 256 1092 285 Aueusaum
1126 257 1307 289 znscori

357 324 504 369 venire
537 324 592 369 ad
614 327 705 385 ejus
736 324 930 384 requiem
965 323 1295 383 satietatemque
1315 322 1542 382 possimus.
1571 323 1613 367 Si
1644 337 1745 381 ergo

362 416 382 439 «
419 397 504 450 Qui
534 396 730 456 loquitur
746 394 1048 449 mendacium,
1075 393 1129 438 de
1158 410 1237 438 suo
1266 393 1460 454 loquitur
1485 410 1492 435 ς
1529 412 1548 435 n
1578 394 1654 454 qui
1680 394 1748 439 lo-

356 468 506 528 quitur
524 466 764 520 veritatem,
786 463 842 508 'de
862 464 937 508 Dei
960 464 1169 525 loquitur.
1196 467 1335 508 Verax
1357 467 1563 518 Joannes,
1590 464 1744 509 veritas

357 537 552 583 Christus
576 555 584 580 z
606 551 735 579 verax
751 537 956 589 Joannes,
981 534 1057 579 sed
1072 535 1211 580 omnis
1227 550 1356 579 verax
1375 551 1398 579 a
1415 535 1597 580 veritate
1617 550 1746 579 verax

357 617 419 651 est
446 627 453 651 :
489 607 521 650 si
547 622 649 664 ergo
671 621 801 650 verax
830 615 894 650 est
923 609 1133 661 Joannes,
1161 615 1204 650 et
1232 621 1361 650 verax
1388 621 1477 650 esse
1500 607 1633 650 homo
1657 621 1747 651 non

356 687 524 737 potest,
547 677 629 720 nisi
659 693 681 721 a
702 676 882 720 veritate
902 694 911 727 ;
945 693 968 720 a
998 692 1087 737 quo
1110 686 1200 720 erat
1223 692 1350 720 verax
1369 711 1379 731 ,
1412 676 1493 719 nisi
1519 676 1573 720 ab
1598 691 1648 721 eo
1671 677 1747 736 qui

357 748 466 792 dixit
492 767 500 792 ε
526 765 546 789 «
573 751 665 807 Ego
685 763 779 791 sum
795 748 951 792 veritas
976 749 1017 792 1?
1032 766 1050 789 »
1073 750 1170 792 Non
1188 762 1308 806 ergo,
1329 756 1472 806 posset
1491 746 1656 800 dicere,
1672 756 1748 791 aut

355 819 509 863 veritas
527 828 678 863 contra
700 833 913 872 veracem,
935 827 1010 861 aut
1027 833 1155 862 verax
1177 826 1327 861 contra
1345 817 1585 861 veritatem.
1612 819 1746 861 Vera-

354 904 447 932 cem
470 890 626 933 veritas
647 889 762 933 misit
788 907 796 933 :
823 898 866 933 et
887 885 986 933 ideo
1008 904 1136 933 verax
1159 896 1265 942 erat,
1291 887 1499 947 quoniam
1523 902 1546 930 a
1567 887 1747 932 veritate

356 960 506 1003 missus
534 970 640 1004 erat.
681 961 723 1004 Si
758 959 913 1003 veritas
945 961 1161 1003 Joannem
1193 959 1383 1011 miserat,
1416 958 1612 1005 Christus
1645 973 1746 1001 eum

356 1031 543 1075 miserat.
573 1030 657 1075 Sed
681 1030 800 1090 quod
822 1029 1018 1074 Christus
1037 1045 1136 1074 eum
1167 1032 1291 1072 Patre
1316 1027 1438 1083 facit,
1466 1032 1592 1072 Pater
1611 1026 1712 1072 facit
1734 1047 1742 1073 ε

355 1110 398 1145 et
414 1102 534 1161 quod
558 1105 685 1145 Pater
706 1116 807 1144 cum
826 1100 999 1145 Christo
1024 1099 1140 1154 facit,
1167 1100 1363 1144 Christus
1386 1100 1502 1143 facit.
1522 1101 1609 1144 Nec
1631 1114 1746 1143 seor-

355 1187 451 1216 sum
482 1176 606 1215 Pater
630 1171 795 1231 aliquid
825 1171 928 1215 facit
958 1172 1049 1216 sine
1079 1170 1213 1228 Filio,
1249 1186 1329 1215 nec
1357 1186 1548 1215 seorsum
1580 1169 1746 1230 aliquid

300 1284 304 1285 ⁷
356 1244 490 1288 Filius
509 1244 599 1287 sine
620 1247 746 1287 Patre
772 1263 786 1301 εμ
807 1242 1098 1302 inseparabilis
1116 1243 1317 1297 charitas,
1337 1242 1630 1300 inseparabilis
1654 1243 1748 1285 uni-

355 1323 434 1367 tas,
460 1312 756 1372 inseparabilis
777 1314 972 1372 majestas
987 1348 997 1367 ,
1026 1312 1325 1372 inseparabilis
1347 1323 1535 1372 potestas
1551 1348 1562 1367 ,
1588 1328 1745 1356 secuu-

356 1386 459 1428 dum
485 1385 579 1428 haee
613 1384 745 1427 verba
768 1399 866 1443 quae
900 1384 989 1442 ipse
1016 1384 1187 1442 posuit,
1223 1403 1242 1425 «
1270 1386 1363 1442 Ego
1395 1393 1438 1428 et
1458 1387 1584 1427 Pater
1606 1399 1746 1427 unum

358 1473 379 1495 »
415 1470 564 1498 sumus
587 1458 618 1498 ¹².
664 1473 683 1495 »
728 1453 830 1506 Quis
864 1468 966 1512 ergo
1000 1453 1116 1497 misit
1153 1456 1399 1497 Joannem‘?
1438 1454 1479 1498 Si
1512 1454 1706 1498 dicamus
1730 1489 1742 1508 ,

312 1542 315 1544 ·
356 1528 498 1579 Pater,
534 1540 687 1569 verum
711 1524 895 1568 dicimus
922 1544 930 1569 :
964 1525 996 1568 si
1017 1525 1213 1569 dicamus
1250 1560 1260 1579 ,
1283 1524 1418 1568 Filius
1434 1560 1445 1579 ,
1465 1540 1618 1568 verum
1639 1524 1746 1569 diei-

355 1610 452 1639 mus
484 1615 492 1639 :
531 1594 800 1639 manifestius
838 1605 982 1639 autem
1024 1605 1073 1640 ut
1110 1595 1324 1651 dieamus,
1369 1599 1495 1639 Pater
1520 1605 1563 1641 et
1591 1596 1741 1640 Filius.

357 1671 491 1720 Quem
523 1667 638 1711 misit
675 1676 819 1711 autem
860 1670 985 1712 Pater
1021 1676 1064 1710 et
1098 1666 1256 1722 Filius,
1288 1681 1402 1710 unus
1438 1669 1553 1710 Deus
1588 1666 1704 1710 misit
1732 1685 1742 1711 t

357 1738 458 1797 quia
487 1737 622 1781 Filius
646 1737 752 1781 dixit
779 1757 787 1782 :
820 1757 839 1779 «
874 1740 966 1796 Ego
994 1746 1036 1782 et
1059 1740 1185 1781 Pater
1213 1752 1352 1780 unum
1375 1752 1537 1780 sumus.
1575 1755 1594 1778 υ
1620 1739 1743 1790 Quo-

357 1807 488 1852 modo
512 1824 614 1866 ergo
637 1807 857 1852 nesciebat
883 1823 982 1851 eum
1009 1824 1031 1851 a
1059 1823 1148 1868 quo
1174 1808 1327 1851 missus
1350 1809 1442 1851 est?
1464 1808 1579 1851 Dixit
1596 1808 1709 1851 enim
1730 1842 1741 1863 ,

362 1898 381 1921 «
416 1882 510 1937 Ego
524 1879 765 1922 nesciebam
780 1894 896 1933 eum,
919 1877 994 1922 sed
1005 1879 1083 1938 qui
1097 1893 1166 1922 me
1184 1878 1297 1923 misit
1317 1878 1534 1937 baptizare
1550 1879 1596 1921 in
1613 1893 1742 1938 aqua,

360 1967 381 1990 »
416 1949 505 2008 ipse
531 1947 755 1992 mihidixit
778 1951 808 1992 ³.
833 1951 1059 2007 Interrogo
1083 1951 1314 2004 Joannem,
1341 1948 1425 2001 Qui
1443 1958 1485 1992 te
1508 1949 1623 1992 misit
1638 1949 1745 2008 bap-

358 2020 488 2063 tizare
510 2020 554 2062 in
573 2036 700 2079 aqua,
726 2020 833 2079 quid
858 2020 935 2062 tibi
958 2019 1091 2063 dixit?
1118 2039 1137 2061 «
1165 2022 1302 2078 Super
1325 2034 1454 2079 quem
1473 2018 1629 2063 videris
1651 2019 1746 2078 Spi-

361 2108 381 2131 »
417 2091 550 2133 ritum
583 2089 933 2143 descendentem,
972 2089 1082 2133 sieut
1114 2088 1380 2144 columbam,
1420 2099 1463 2132 et
1497 2098 1745 2132 manentem

361 2179 381 2201 »
417 2176 546 2221 super
568 2176 684 2214 eum,
717 2160 806 2220 vipse
835 2169 898 2204 est
930 2160 1006 2219 qui
1040 2161 1230 2219 baptizat
1262 2161 1307 2203 in
1344 2160 1503 2218 Spiritu
1526 2169 1691 2204 sancto.
1721 2178 1741 2201 »

360 2234 453 2275 Hoc
475 2232 570 2285 tibi,
597 2247 622 2275 o
642 2234 846 2285 Joannes‚
871 2229 994 2284 dixit,
1015 2230 1149 2290 quite
1176 2230 1323 2273 misit?
1344 2229 1626 2273 Manifestum
1639 2230 1744 2290 „quia

358 2303 457 2346 hoc.
484 2303 589 2355 Quis
612 2317 714 2360 ergo
742 2311 783 2345 te
801 2301 941 2344 misit?
964 2304 1093 2344 Forte
1117 2304 1256 2344 Pater.
1284 2303 1422 2344 Verus
1446 2304 1558 2344 Deus
1590 2303 1741 2355 Pater,

359 2382 402 2416 et
430 2373 585 2416 veritas
614 2375 727 2415 Deus
750 2371 885 2415 Filius
905 2372 920 2416 ':
942 2371 975 2414 si
999 2375 1123 2415 Pater
1145 2371 1236 2414 sine
1266 2370 1376 2415 Fiiio
1407 2380 1448 2414 te
1475 2371 1604 2425 misit,
1631 2373 1745 2413 Deus

360 2444 450 2487 sine
473 2444 653 2486 veritate
674 2451 715 2486 te
738 2442 853 2485 misit
879 2462 886 2486 :
916 2442 949 2486 si
973 2442 1071 2485 ideo
1094 2451 1239 2485 autem
1262 2457 1388 2485 verax
1408 2456 1450 2485 es
1467 2477 1477 2497 ,
1503 2442 1605 2501 quia
1630 2441 1745 2486 veri-

361 2523 493 2558 tatem
516 2513 721 2573 loqueriS,
749 2522 791 2557 et
806 2527 857 2555 ex
872 2513 1050 2557 veritate
1073 2512 1263 2572 loqueris
1286 2533 1294 2557 ;
1319 2528 1407 2558 non
1426 2521 1467 2558 te
1484 2512 1599 2557 misit
1621 2515 1747 2556 Pater

411 2605 418 2620 ¹
440 2601 532 2631 Joan.
555 2609 622 2639 xiv,
641 2598 673 2630 6.
694 2615 734 2621 -
761 2604 773 2620 ²
794 2598 839 2629 Id.
862 2608 894 2638 x,
916 2598 965 2629 30.
988 2613 1027 2621 .-,
1056 2595 1068 2620 3
1089 2597 1134 2628 Id.
1161 2608 1183 2638 ι,
1205 2596 1256 2629 33.
