1819 3301
274 298 328 324 m:
359 295 568 325 consensu
599 294 985 324 EVANGELtSTARUM
1004 313 1016 334 ‚
1051 297 1134 322 Lm.
1170 297 1236 323 111.
1365 286 1445 323 107

67 363 155 407 sive
177 371 273 421 post
289 372 386 407 octo
411 362 506 406 illos
527 363 616 406 dies
638 362 814 422 quando
836 361 969 419 libetz,
990 361 1097 406 nihil
1112 361 1245 405 habet
1262 361 1443 406 adversi.

72 451 91 473 «
127 435 277 475 Postea
298 466 308 486 ‚
334 432 499 491 inquit,
541 432 741 490 apparuit
764 431 927 475 Jacobo
955 450 963 475 ι
997 449 1016 472 n
1053 446 1141 474 non
1178 439 1280 474 tunc
1303 440 1448 473 autem

67 502 252 561 primum
273 502 464 560 accipere
483 501 692 545 debemus
713 502 849 544 visum
873 517 962 545 esse
983 502 1169 555 Jacolm,
1196 500 1269 544 sed
1305 500 1447 560 aliqua

66 572 235 631 propria
275 571 621 627 manifestatione
653 571 940 627 singulariter.
984 591 1003 612 a
1039 570 1203 615 Deinde
1231 570 1448 628 Apostolis

68 659 89 680 n
124 641 325 684 omnibus
353 660 360 684 :
390 660 409 681 n
437 656 516 684 nec
537 640 620 684 illis
643 649 748 684 tunc
762 641 949 698 primum
973 675 983 694 ,
1003 642 1076 684 sed
1093 643 1181 700 jam
1196 650 1245 684 ut
1261 639 1446 684 familia-—

65 712 152 755 rius
168 720 496 754 conversaretur
508 726 606 754 cum
624 712 682 754 eis
704 726 841 770 usque
861 710 913 754 ad
932 711 1045 754 diem
1061 711 1318 755 ascensionis
1338 726 1442 754 suae.

68 800 88 822 «
123 780 361 824 Novissime
380 789 523 823 autem
543 780 756 833 omnium,
774 780 932 839 inquit,
957 780 1078 839 quasi
1099 780 1299 823 abortivo
1314 795 1448 838 appa-

68 870 85 892 »
125 851 210 894 ruit
234 860 278 893 et
302 851 435 894 mihil
458 870 466 895 2
487 871 504 891 »
527 851 602 894 sed
616 852 700 895 hoe
716 852 804 910 jam
830 850 884 894 de
907 851 1020 894 coelo
1036 859 1132 909 post
1153 866 1241 894 non
1264 865 1446 908 parvum

67 929 238 978 tempus
263 921 519 964 ascensionis
538 937 641 964 suae.

121 991 361 1033 LXXXVI.
379 992 504 1035 Nunc
512 991 601 1049 jam
616 989 838 1033 videamus
848 988 970 1048 quod
983 988 1305 1044 distuleramus,
1322 990 1446 1049 cujus

62 1059 255 1115 mysterii
275 1059 409 1115 gratia
443 1058 683 1103 secundum
707 1059 965 1102 Matthaeum
1005 1069 1047 1103 et
1082 1062 1276 1103 Marcum
1301 1074 1445 1102 resur-

62 1143 164 1185 gens
189 1128 246 1171 ita
270 1128 540 1172 mandaverit
564 1147 572 1172 :
601 1147 620 1170 «
648 1127 894 1171 Praecedam
931 1143 1006 1171 vos
1041 1129 1085 1171 in
1121 1128 1360 1183 Galilaeam,
1385 1129 1446 1172 ibi

64 1214 83 1236 »
119 1211 187 1239 me
206 1196 405 1240 videbitis
421 1201 438 1223 ²
463 1217 472 1243 ;
503 1216 521 1237 »
549 1196 669 1257 quod
690 1198 769 1240 etsi
791 1196 1059 1255 completum
1082 1207 1159 1251 est,
1182 1207 1326 1240 tamen
1348 1206 1446 1255 post

62 1266 199 1310 multa
234 1267 498 1326 completum
535 1277 620 1323 est,
652 1283 753 1311 cum
787 1267 846 1311 sic
875 1266 1132 1310 mandatum
1160 1269 1234 1320 sit,
1262 1272 1275 1322 (
1302 1282 1444 1326 quan-

59 1352 190 1395 quam
221 1338 312 1381 sine
343 1337 593 1397 praejudicio
628 1338 949 1395 necessitatis‚)
976 1347 1026 1381 ut
1057 1346 1133 1380 aut
1160 1339 1243 1381 hoc
1272 1337 1411 1381 solum
1430 1372 1440 1391 ,

58 1415 134 1449 aut
168 1407 252 1452 hoc
276 1407 463 1465 primum
481 1416 780 1466 expectaretur
811 1407 903 1450 fieri
926 1407 1141 1450 debuisse.
1175 1406 1332 1450 Procul
1357 1406 1443 1449 du-

57 1475 131 1518 bio
154 1491 256 1534 ergo
284 1476 489 1536 quoniam
519 1493 601 1520 vox
621 1486 683 1519 est
701 1477 778 1520 ista
802 1492 891 1520 non
915 1475 1202 1535 Evangelistae
1230 1477 1443 1519 narrantis

57 1545 175 1605 quod
190 1547 246 1589 ita
264 1545 425 1590 factum
440 1548 507 1600 sit⁷
525 1548 596 1590 sed
614 1548 768 1605 Angeli
784 1564 833 1590 ex
851 1547 1055 1590 mandato
1071 1548 1243 1590 Domini
1257 1557 1299 1590 et
1312 1548 1442 1605 ipsius

56 1624 205 1673 postea
225 1617 412 1669 Domini,
437 1616 724 1674 Evangelistac
739 1626 884 1660 autem
902 1617 1129 1669 narrantis,
1153 1615 1227 1659 sed
1248 1616 1366 1675 quod
1383 1617 1439 1659 ita

56 1684 109 1727 ab
123 1685 290 1741 Angelo
304 1694 346 1728 et
361 1701 383 1727 a
404 1686 587 1729 Domino
600 1685 763 1728 dictum
794 1686 859 1738 sit,
880 1686 1130 1743 prophetice
1145 1684 1308 1728 dictum
1334 1686 1440 1728 acci-

54 1753 262 1812 piendum
277 1764 353 1797 est.
367 1754 543 1798 Galilsea
553 1770 741 1812 namque
753 1753 1140 1812 interpretaturvel
1152 1754 1439 1811 Transmigra-

54 1823 131 1876 tio,
146 1822 213 1866 vel
228 1823 464 1867 Revelatio.
485 1825 605 1867 Prius
628 1824 774 1882 itaque
793 1822 1032 1866 secundum
1055 1823 1438 1880 transmigrationis

53 1891 541 1951 significationem,quid
554 1892 671 1936 aliud
680 1893 868 1936 occurrit
880 1891 1213 1950 intelligendum
1227 1911 1234 1936 :
1246 1911 1263 1932 «
1274 1896 1434 1936 Praece-

56 1979 75 2001 »
111 1961 175 2004 dit
192 1978 264 2005 vos
279 1963 323 2006 in
341 1962 577 2017 Galilaeam,
598 1963 771 2006 ibicum
787 1963 1004 2014 videbitis,
1027 1983 1042 2002 »
1066 1962 1146 2005 nisi
1159 1963 1259 2021 quia
1274 1963 1433 2006 Christi

52 2032 185 2088 gratia
220 2032 275 2075 de
307 2032 470 2090 populo
496 2032 633 2075 'Israel
670 2033 1024 2089 transmigratura
1055 2041 1146 2075 erat
1173 2031 1228 2075 ad
1252 2042 1400 2089 gentes
1417 2035 1435 2075 P

51 2100 218 2152 Quibus
242 2102 435 2159 Apostoli
454 2101 735 2159 praedicantes
755 2101 1039 2160 Evangelium
1056 2101 1177 2145 nullo
1196 2101 1326 2145 modo
1339 2117 1432 2144 cre·

51 2169 283 2223 derentur‚
310 2172 390 2215 nisi
413 2172 471 2215 eis
503 2172 592 2230 ipse
616 2172 823 2216 Dominus
855 2173 967 2216 viam
991 2172 1035 2214 in
1069 2171 1273 2215 cordibus
1295 2172 1431 2214 homi-

49 2255 151 2282 num
178 2250 436 2298 praepararet
458 2261 465 2285 :
497 2250 540 2284 et
576 2242 658 2284 hoc
679 2241 935 2298 intelligitur
957 2260 965 2285 :
993 2260 1012 2283 «
1040 2241 1249 2284 Praecedit
1270 2257 1345 2284 vos
1384 2242 1427 2285 in

52 2327 70 2349 »
106 2309 340 2352 Galilaeam.
366 2329 384 2350 η
402 2310 530 2362 Quod
550 2319 694 2353 autem
718 2310 955 2368 gaudentes
978 2310 1240 2353 mirarentur
1260 2311 1427 2368 disrup-

50 2379 101 2422 tis
119 2388 161 2421 et
178 2381 325 2423 evictis
344 2379 689 2434 difficultatibus,
722 2381 874 2439 aperiri
896 2381 975 2423 sibi
1002 2382 1157 2424 ostium
1178 2381 1221 2423 in
1243 2381 1428 2424 Domino

48 2463 124 2506 per
141 2448 501 2492 illuminationem
525 2449 720 2493 fidelium
740 2485 750 2505 ,
776 2450 858 2493 hoc
881 2449 1139 2508 intelligitur
1161 2469 1168 2493 :
1192 2469 1210 2490 «
1238 2449 1302 2492 Ibi
1326 2465 1426 2493 eum

100 2547 104 2561 ¹
134 2553 144 2572 1
171 2544 242 2573 Cor.
265 2554 315 2582 xv,
334 2543 406 2574 3-8.
431 2560 468 2565 —
489 2551 500 2565 ²
524 2543 637 2575 Matth.
662 2554 746 2583 xxvi,
769 2544 820 2584 32,
843 2554 953 2583 xxviii,
984 2555 1014 2585 7,
1039 2548 1071 2575 et
1094 2546 1190 2575 Marc.
1210 2554 1280 2583 xiv,
1309 2543 1363 2583 28,
1392 2550 1423 2575 et

48 2605 113 2635 xvi,
135 2609 164 2638 7.
