1819 3301
339 270 422 309 242
770 278 803 307 s.
841 279 1070 307 Anous‘nm
1103 279 1283 305 zmscom

332 346 479 400 faciat,
505 344 870 390 considerandum
894 353 972 387 est.
999 347 1091 387 Hoc
1109 353 1172 388 est
1199 344 1315 387 enim
1336 342 1487 387 lumen
1508 343 1552 386 in
1574 343 1716 398 nobis,

331 418 434 478 quia
465 418 549 460 hoc
578 416 703 460 nobis
738 414 1018 459 manifestum
1053 423 1116 458 est
1149 415 1266 459 hono
1295 416 1438 458 animo
1472 429 1549 457 nos
1577 412 1718 457 faeere

332 487 453 547 quod
482 486 661 530 facimus
684 505 692 529 :
720 505 739 527 «
764 488 905 529 Omne
934 484 1050 527 enim
1070 486 1190 543 quod
1214 483 1542 537 manifestatur,
1569 481 1719 526 lumen

334 576 355 599 >›
391 567 454 601 est
480 559 508 599 ¹.
544 574 563 596 »
589 558 697 599 Nam
721 555 811 613 ipsa
836 552 949 598 faeta
970 571 1070 613 quae
1093 555 1148 598 ad
1170 555 1400 599 hominum
1422 554 1670 598 societatem
1696 568 1720 596 a

331 628 456 671 nobis
476 625 736 684 procedunt,
762 625 977 668 incertum
1000 625 1166 668 habent
1189 625 1350 667 exitum
1379 642 1388 667 ε
1414 632 1457 667 et
1479 623 1577 667 ideo
1599 632 1721 666 tene-

332 696 429 740 bras
452 711 521 738 eas
549 694 735 738 vocavit.
762 697 858 738 Non
881 694 995 737 enim
1020 694 1149 748 novi,-
1174 708 1276 737 cum
1302 693 1526 751 pecuniam
1544 692 1720 752 porrigo

333 765 546 823 indigenti
568 773 612 807 et
633 764 799 822 petenti
818 798 828 816 ,
850 764 958 823 quid
980 763 1082 806 inde
1105 773 1181 806 aut
1205 763 1397 807 facturus
1417 764 1492 816 sit,
1524 772 1599 806 aut
1623 777 1720 820 pas-

331 850 455 878 surus
474 855 484 891 3
505 843 548 877 et
563 833 655 876 fieri
679 842 837 891 potest,
864 842 913 876 ut
935 832 1004 875 vel
1028 832 1156 876 faciat
1177 848 1226 875 ex
1249 848 1315 886 ea,
1338 831 1407 876 vel
1429 841 1605 890 propter
1625 846 1720 874 eam

332 905 517 963 patiatur
535 903 701 962 aliquid
724 901 840 956 mali,
866 902 988 961 quod
1011 917 1091 959 ego
1116 917 1215 945 cum
1238 901 1385 945 darem
1403 936 1414 956 ,
1439 917 1527 945 non
1549 901 1721 944 evenire

329 975 542 1020 voluerim
559 1009 570 1029 ‚
593 989 735 1033 neque
757 975 840 1016 hoc
858 973 1002 1016 animo
1020 971 1230 1016 dederim.
1256 976 1410 1032 Itaque
1432 972 1466 1015 si
1490 972 1607 1015 bono
1629 972 1722 1015 ani-

330 1062 402 1090 mo
435 1045 516 1089 feci
537 1080 547 1098 ‚
573 1044 693 1103 quod
716 1044 821 1086 mihi
854 1058 954 1087 cum
986 1042 1171 1086 facerem
1195 1078 1206 1097 ,
1232 1053 1386 1087 notum
1409 1052 1517 1096 erat,
1552 1052 1596 1086 et
1621 1041 1721 1086 ideo

330 1116 479 1159 lumen
501 1123 709 1169 vocatur3
740 1113 1014 1157 illuminatur
1047 1113 1176 1156 etiam
1210 1112 1374 1157 factum
1412 1127 1587 1166 meum,
1612 1128 1721 1172 qua-

331 1186 608 1244 lemcumque
632 1185 795 1226 exitum
818 1183 1021 1226 habuerit
1045 1199 1056 1225 .·
1077 1183 1152 1241 qui
1188 1184 1328 1226 exitus
1351 1182 1559 1242 quoniam
1581 1183 1722 1226 incer-

334 1267 402 1300 tus
420 1267 463 1300 et
484 1256 656 1315 ignotus
678 1264 757 1307 est,
782 1254 972 1296 teuebrae
989 1254 1218 1312 appellatae
1238 1263 1355 1297 sunt.
1379 1254 1421 1298 si
1439 1263 1584 1297 autem
1608 1253 1721 1297 malo

334 1328 478 1371 animo
512 1326 593 1368 leci
610 1360 620 1379 ‚
654 1325 783 1368 etiam
817 1324 960 1382 ipsum
991 1323 1140 1367 lumen
1176 1325 1366 1368 tenebrae
1400 1333 1516 1367 sunt.
1553 1326 1723 1368 Lumen

334 1398 450 1441 enim
467 1396 643 1449 dicitur,
669 1396 770 1454 quia
789 1395 910 1438 novit
931 1396 1115 1454 quisque
1137 1411 1226 1454 quo
1248 1396 1392 1439 animo
1412 1394 1567 1451 faciat3
1591 1395 1721 1438 etiam

333 1483 434 1512 cum
458 1467 573 1510 malo
595 1467 740 1510 animo
764 1465 865 1508 facit
890 1485 898 1509 z
924 1465 1000 1509 sed
1033 1466 1172 1524 ipsum
1196 1465 1347 1509 lumen
1379 1465 1572 1509 tenebrae
1593 1475 1691 1508 sunt
1707 1499 1718 1518 ‚

334 1539 435 1598 quia
465 1553 554 1581 non
582 1537 627 1579 in
657 1551 843 1593 superna
872 1535 1074 1593 dirigitur
1108 1535 1288 1595 simplex
1320 1536 1526 1589 intentio,
1563 1534 1638 1578 sed
1668 1534 1723 1578 ad

334 1608 538 1651 inferiora
556 1606 816 1659 declinatur,
838 1614 881 1648 et
903 1604 1066 1663 duplici
1083 1605 1214 1649 corde
1231 1605 1354 1665 quasi
1375 1605 1576 1648 umbram
1598 1604 1718 1648 facit.

339 1698 358 1720 «
397 1679 438 1722 Si
461 1694 564 1736 ergo
585 1678 735 1720 lumen
752 1711 763 1730 7
788 1675 908 1735 quod
930 1676 975 1718 in
998 1685 1039 1718 te
1061 1685 1147 1730 est,
1171 1677 1363 1719 tenebrae
1379 1685 1505 1730 sunt,
1531 1675 1723 1719 tenebrae

338 1768 358 1791 »
393 1750 600 1808 quantae?
635 1766 653 1788 »
689 1748 772 1791 hoc
795 1756 883 1800 est,
909 1747 942 1790 si
962 1747 1053 1804 ipsa
1081 1746 1222 1790 cordis
1255 1747 1467 1801 intentio,
1499 1762 1585 1807 qua
1619 1745 1723 1790 facis

335 1819 456 1879 quod
479 1818 597 1872 sacis,
626 1834 725 1876 quae
753 1817 833 1860 tibi
855 1827 956 1860 nota
980 1826 1043 1860 est
1060 1852 1070 1870 ,
1096 1816 1343 1861 sordidatur
1360 1818 1556 1876 appetitu
1578 1831 1722 1860 rerum

337 1899 603 1933 terrenarum
624 1897 667 1930 et
686 1886 1005 1944 temporalium,
1024 1896 1156 1945 atque
1173 1895 1383 1943 caecatur3
1402 1896 1568 1946 quanto
1589 1886 1724 1943 magis

336 1960 477 2017 ipsum
497 1956 677 2009 factum,
703 1957 825 2014 cujus
842 1955 1032 1998 incertus
1050 1965 1114 1999 est
1136 1956 1291 2012 exitus,
1310 1955 1532 1999 sordidum
1549 1966 1592 2000 et
1606 1965 1724 1999 tene-

341 2029 515 2072 brosum
538 2028 624 2069 est?
642 2026 744 2085 quia
766 2025 844 2067 etsi
870 2025 978 2067 bene
999 2024 1125 2068 alicui
1146 2026 1369 2084 proveniat
1396 2045 1404 2069 z
1425 2024 1547 2085 quod
1568 2035 1617 2069 tu
1635 2042 1723 2069 non

339 2108 453 2142 reeta
476 2106 519 2140 et
540 2095 701 2139 munda
723 2095 963 2138 intentione
987 2093 1115 2151 facis3
1140 2095 1363 2154 quomodo
1380 2104 1426 2139 tu
1447 2095 1621 2149 feceris,
1643 2095 1724 2140 tibi

338 2170 597 2227 imputatur,
621 2180 712 2209 non
733 2164 956 2225 quomodo
979 2163 1039 2208 illi
1064 2166 1323 2224 provenerit.

388 2272 396 2285 ¹
420 2263 536 2306 Ephes.
551 2273 584 2301 v,
609 2262 658 2294 13.
