1819 3301
312 266 395 305 174
747 275 780 303 8.
817 274 1048 304 ΔΠῦυδΤΙΝΙ
1082 276 1263 303 EPISCOPI

309 361 328 383 »
364 357 524 399 uxore3
548 350 592 385 et
613 341 877 385 sanctificata
901 350 964 383 cst
995 340 1152 383 mulier
1188 339 1375 382 infidelis
1402 339 1446 382 in
1467 338 1641 383 tratre&
1671 357 1691 380 »

304 412 446 458 Credo
457 413 546 471 jam
570 419 828 471 provenerat
843 420 892 454 ut
905 408 1131 453 nonnullae
1146 409 1341 454 foeminae
1360 425 1436 469 per
1457 409 1569 454 viros
1592 409 1696 453 fide-

301 482 387 538 les,
403 492 447 526 ct
468 482 547 526 viri
566 497 641 540 per
665 494 817 525 uxores
838 479 987 524 fideles
1010 480 1055 523 in
1078 480 1210 523 fidem
1232 480 1430 524 venirent
1447 500 1457 536 3
1474 489 1518 523 et
1539 495 1695 540 quarnw

301 553 364 597 vis
388 569 475 596 non
498 551 645 595 dicens
667 550 844 594 nomina
863 585 874 605 ,
900 549 1105 610 exemplis
1130 559 1277 594 tamen
1301 551 1499 594 hortatus
1527 559 1611 605 est,
1638 549 1694 594 ad

303 622 651 667 confirmandum
671 619 901 664 consilium
919 636 1062 664 suum.
1092 620 1257 665 Deinde
1273 622 1469 680 sequitur
1495 640 1504 665 z
1537 640 1557 662 «
1575 620 1697 665 Alio-

305 713 324 735 »
342 695 447 754 quin
464 693 539 736 filii
553 691 683 736 vestri
697 692 912 735 immundi
928 702 1090 736 essent:
1104 707 1220 736 nunc
1233 701 1381 735 autem
1395 692 1691 736 sanctisunt.»

304 767 399 808 Jam
422 764 537 806 enim
561 771 684 806 erant
709 761 878 821 parvuli
901 762 1160 818 Christiani3
1186 762 1261 821 qui
1287 761 1374 805 sive
1408 771 1585 806 auctore
1607 777 1695 806 uno

302 851 351 878 ex
366 833 635 894 parentibus,
651 833 739 876 sive
752 842 939 892 utroque
955 832 1254 876 consentiente
1270 832 1523 876 sanctificati
1546 842 1691 877 erant:

301 905 422 965 quod
445 920 533 948 non
548 904 686 957 fieret,
711 903 746 946 si
769 918 857 946 uno
880 901 1082 946 credente
1101 902 1403 946 dissociaretur
1421 903 1691 963 conjugium,

303 985 344 1019 et
372 992 461 1019 non
485 975 742 1018 toleraretur
765 972 998 1016 infidelitas
1022 973 1216 1032 conjugis
1244 988 1382 1033 usque
1404 973 1457 1016 ad
1479 982 1694 1032 opportu-

301 1047 482 1090 nitatem
505 1044 726 1089 credendi.
754 1047 847 1088 Hoc
869 1053 932 1087 est
953 1059 1054 1102 ergo
1077 1043 1307 1088 consilium
1330 1040 1365 1104 ej
1375 1060 1442 1100 us,
1463 1044 1533 1088 cui
1563 1038 1695 1088 credo

302 1115 468 1160 dictum
490 1131 579 1159 esse
601 1134 610 1159 :
640 1134 659 1156 «
694 1115 736 1159 Si
762 1108 870 1174 quid
892 1113 1288 1173 supererogaveris,
1315 1114 1484 1158 rediens
1514 1112 1694 1158 reddam

305 1207 324 1229 »
361 1187 439 1230 tibi
454 1190 486 1229 ².
518 1204 536 1226 »

359 1260 516 1302 XLVI.
544 1260 678 1300 Porro
705 1255 738 1300 si
761 1254 990 1299 infidelitas
1015 1255 1242 1299 fornicatio
1265 1265 1329 1299 est
1344 1291 1354 1309 ,
1380 1265 1423 1299 et
1445 1249 1693 1300 idololatria

294 1328 534 1373 infidelitas
549 1363 560 1379 ,
580 1337 623 1371 et
645 1327 820 1375 avaritia
844 1326 1088 1371 idololatria
1103 1362 1113 1381 ‚
1135 1343 1224 1371 non
1245 1336 1308 1370 est
1332 1326 1628 1370 dubitandum
1649 1336 1694 1370 et

302 1400 523 1444 avaritiam
557 1396 887 1442 fornicationem
922 1412 1024 1440 esse.
1063 1398 1165 1450 Quis
1200 1413 1302 1456 ergo
1332 1399 1424 1457 jam
1451 1396 1694 1457 quamlibet

299 1471 492 1514 illicitam
516 1468 913 1528 concupiscentiam
937 1477 1080 1527 potest
1103 1477 1218 1512 recte
1247 1484 1270 1512 a
1293 1464 1591 1512 fornicationis
1615 1483 1691 1525 ge-

302 1558 404 1586 nere
423 1556 619 1601 separare
633 1576 644 1594 ‚
670 1540 704 1583 si
728 1540 903 1583 avaritia
928 1534 1155 1583 fornicatio
1176 1542 1270 1583 est?
1290 1543 1355 1583 Ex
1373 1555 1462 1599 quo
1483 1538 1693 1598 intelligi-

302 1621 398 1665 tur,
423 1611 544 1670 quod
573 1619 749 1669 propter
774 1607 944 1653 illicitas
975 1604 1347 1668 concupiscentias
1363 1645 1373 1665 ,
1409 1625 1498 1653 non
1521 1618 1691 1653 tantum

301 1698 401 1742 quae
424 1681 469 1724 in
496 1680 654 1738 stupris
675 1695 775 1722 cum
799 1673 949 1722 alienis
972 1679 1071 1722 viris
1093 1688 1170 1722 aut
1191 1675 1382 1723 foeminis
1405 1680 1692 1724 committun-

304 1763 399 1804 tur,
435 1752 509 1795 sed
543 1751 721 1794 omnino
751 1743 993 1808 quaslibet,
1032 1765 1130 1808 quae
1154 1749 1342 1793 animam
1368 1762 1549 1810 corpore
1579 1750 1690 1794 male

300 1831 496 1867 utentem
519 1837 543 1864 a
564 1819 658 1877 lege
688 1820 760 1862 Dei
788 1820 990 1862 aberrare
1027 1818 1217 1873 faciunt,
1255 1830 1296 1863 et
1331 1822 1571 1879 perniciose-
1594 1830 1688 1864 tur-

300 1895 499 1953 piterque
538 1890 757 1948 corrumpi
776 1923 786 1941 ‚
836 1889 966 1948 possit
1003 1889 1094 1932 sine
1123 1888 1303 1933 crimine
1343 1900 1385 1934 et
1418 1892 1483 1934 vir
1511 1907 1687 1935 uxorem

302 1964 520 2007 dimittere
537 1996 548 2015 ‚
581 1969 623 2003 et
645 1975 750 2003 uxor
771 1961 911 2003 virum
935 1979 943 2003 z
970 1959 1071 2018 quia
1094 1969 1318 2018 exceptam
1354 1957 1456 2005 facit
1481 1962 1688 2005 Dominus

301 2047 472 2077 causam
498 2029 794 2074 fornicationis
815 2051 825 2085 3
861 2045 991 2088 quam
1032 2027 1361 2072 fornicationem
1382 2065 1392 2083 ‚
1425 2032 1536 2074 sicut
1559 2047 1688 2090 supra

300 2101 618 2147 consideratum
657 2109 740 2153 est,
778 2097 1024 2156 generalem
1047 2107 1089 2141 et
1122 2097 1408 2142 universalem
1446 2099 1688 2160 intelligere

300 2187 509 2230 cogimur.

358 2239 534 2286 XLVII.
552 2243 662 2285 Cum
682 2248 826 2282 autem
845 2238 923 2282 ait:
940 2236 1159 2296 «Excepta
1174 2249 1297 2282 causa
1326 2234 1619 2284 'fornicationis
1636 2259 1645 2284 ;
1662 2259 1680 2281 »

299 2330 387 2357 non
410 2313 519 2356 dixit
541 2312 663 2370 cujus
688 2310 880 2369 ipsorum
898 2344 908 2363 ‚
934 2310 1011 2351 viri
1039 2325 1091 2352 an
1110 2304 1318 2352 foeminae.
1346 2308 1442 2354 Non
1460 2310 1575 2354 enirn
1596 2321 1688 2354 tan·

300 2393 391 2427 tum
417 2382 704 2426 fornicantem
728 2394 903 2421 uxorem
929 2377 1146 2422 dimittere
1168 2379 1421 2423 conceditur
1437 2415 1447 2434 ‚
1471 2380 1545 2423 sed
1569 2381 1686 2440 quis-

298 2455 394 2512 quis
421 2468 512 2495 cam
547 2466 723 2510 quoque
758 2465 933 2492 uxorem
964 2447 1142 2491 dimittit
1162 2483 1172 2501 ‚
1214 2465 1236 2492 a
1276 2466 1361 2509 qua
1398 2450 1487 2509 ipse
1515 2451 1683 2508 cogitur

297 2522 520 2576 fornicari,
545 2536 673 2565 causa
695 2517 991 2563 fornicationis
1013 2519 1165 2578 utique
1183 2518 1377 2563 dimittit.
1393 2519 1524 2564 Velut
1545 2520 1579 2564 si
1601 2519 1681 2564 ali-

347 2614 354 2629 ¹
378 2618 388 2637 ι
411 2608 482 2638 Cor.
503 2617 537 2643 n,
560 2605 611 2646 14.
634 2622 673 2627 -
691 2612 702 2627 ²
722 2606 796 2635 Luc.
818 2614 853 2641 x,
867 2603 918 2634 35.
