1819 3301
359 261 441 300 308
798 270 831 299 s.
869 270 1100 300 Auenszrnu
1133 272 1314 300 Erlscom

356 336 459 382 dere
493 336 732 381 admonent
766 356 775 382 ι
797 346 846 381 ut
868 337 1248 381 honorificentiam
1270 351 1421 381 eorum
1443 336 1745 394 significaverit

356 412 533 464 Petrus,
577 408 734 453 cadens
774 408 829 452 ad
862 407 992 468 pedes
1018 409 1221 466 Domini3
1257 424 1398 453 mores
1430 418 1574 453 autem
1611 409 1657 453 in
1694 425 1745 454 eo

355 480 475 541 quod
497 479 605 524 dixit
629 499 638 524 2
670 499 685 518 «
715 479 794 523 Exi
818 495 841 523 a
869 495 963 535 me,
1002 480 1185 524 Domine
1205 515 1216 535 ,
1243 480 1344 541 quia
1376 489 1575 540 peccator
1611 480 1745 525 homo

357 569 378 593 »
414 566 523 595 sum.
543 549 702 603 »Quod
725 559 871 594 tamen
895 550 996 611 quia
1019 567 1108 595 non
1130 550 1235 596 fecit
1258 551 1467 595 Dominus
1489 572 1499 609 3
1524 567 1613 596 non
1630 551 1746 595 enim

353 624 526 667 recessit
559 622 612 666 ab
652 623 733 677 eis,
766 623 839 667 sed
862 638 935 667 eos
971 621 1198 667 subductis
1221 623 1405 667 navibus
1429 622 1483 667 ad
1505 622 1626 667 littus
1648 638 1746 682 per-

354 692 506 737 duxit:
544 693 757 751 significat
793 694 839 738 in
872 693 997 738 bonis
1033 704 1076 738 et
1109 694 1374 754 spiritalibus
1402 695 1500 738 viris
1528 709 1617 738 non
1656 709 1745 738 esse

353 773 554 822 oportere
588 765 700 809 hanc
734 764 1033 821 voluntatem,
1066 775 1116 810 ut
1143 767 1330 825 peccatis
1366 766 1595 809 turbarum
1622 780 1744 810 com-

352 835 457 878 moti
477 870 487 889 ,
518 851 606 895 quo
629 836 750 896 quasi
775 836 965 880 securius
1000 837 1365 897 tranquilliusque
1386 837 1563 891 vivant,
1584 851 1744 880 munus

351 906 690 951 ecclesiasticum
714 907 929 952 deserant.
961 907 1085 960 Quod
1107 924 1209 967 ergo
1229 944 1239 964 ,
1270 929 1289 951 «
1319 908 1555 954 Subductis
1583 908 1637 952 ad
1658 918 1745 952 ter-

353 994 374 1018 »
411 992 502 1020 ram
522 977 721 1032 navibus,
749 978 907 1022 relictis
930 979 1135 1022 omnibus
1153 980 1287 1023 secuti
1310 989 1412 1023 sunt
1434 995 1531 1022 eum
1552 998 1570 1020 »
1596 970 1745 1023 Petrus

351 1056 394 1092 et
410 1049 599 1094 Jacobus
622 1059 665 1094 et
683 1053 898 1106 Joaiines,
925 1060 1068 1110 potest
1089 1051 1330 1109 significare
1354 1053 1484 1095 finem
1510 1051 1741 1111 temporis,

351 1135 441 1180 quo
460 1121 514 1165 ab
534 1122 665 1182 hujus
684 1122 838 1167 mundi
861 1122 966 1179 salo,
991 1123 1067 1183 qui
1084 1123 1257 1169 Christo
1277 1124 1545 1179 inhaeserint,
1570 1122 1744 1183 penitus

354 1191 564 1236 recessuri
579 1202 696 1238 sunt.

884 1344 1121 1394 QL‘AESTIO
1153 1346 1220 1384 111.

410 1476 536 1527 Qcon
560 1474 772 1519 Dominus
794 1473 900 1518 dicit
916 1473 1085 1534 leproso
1109 1473 1348 1519 mundato:
1368 1473 1541 1530 «Vade,
1565 1473 1746 1519 ostende

353 1562 373 1586 »
413 1554 456 1588 te
473 1544 713 1599 sacerdoti,
740 1554 783 1589 et
807 1545 919 1589 offer
941 1559 1101 1589 munus
1123 1561 1202 1604 pro
1224 1545 1537 1590 emundatione
1564 1555 1635 1590 tua
1657 1581 1668 1601 ‚
1691 1546 1748 1590 si-

354 1633 372 1656 »
410 1625 484 1659 cut
503 1616 708 1675 praecepit
722 1619 909 1673 Moyses,
931 1615 977 1658 in
998 1616 1291 1660 testimonium
1307 1615 1436 1660 illis¹2
1457 1616 1558 1661 »hic
1577 1616 1749 1661 videtur

351 1685 594 1744 approbare
619 1686 891 1741 sacrificium,
920 1684 1040 1745 quod
1069 1702 1145 1746 per
1167 1682 1349 1744 MOysen
1370 1696 1639 1746 preeceptum
1664 1695 1745 1742 est,

353 1771 454 1800 cum
470 1756 512 1801 id
537 1773 626 1801 non
643 1758 855 1817 receperit
878 1756 1083 1801 Ecclesia.
1106 1757 1234 1811 Quod
1258 1757 1355 1802 ideo
1372 1758 1545 1818 jussisse
1568 1757 1749 1816 intelligi

353 1836 518 1886 potest,
555 1829 656 1888 quia
681 1828 880 1873 nondum
921 1844 1010 1872 esse
1049 1838 1242 1889 coeperat
1263 1829 1520 1874 sacrificium
1550 1838 1750 1873 sanctum

354 1907 605 1942 sanctorum
624 1933 634 1952 ‚
662 1899 782 1958 quod
805 1914 963 1958 corpus
986 1900 1076 1959 ejus
1099 1909 1176 1943 est.
1212 1899 1415 1945 Nondum
1438 1901 1553 1944 enim
1574 1899 1619 1943 in
1649 1915 1750 1959 pas-

354 1968 475 2012 sione
497 1969 716 2013 obtulerat
739 1968 1043 2014 holocaustum
1069 1986 1194 2014 suum
1213 2007 1223 2025 ,
1250 1987 1338 2031 quo
1360 1971 1568 2015 sacrificio
1590 1971 1750 2014 confir-

354 2048 472 2084 mato
490 2040 535 2083 in
558 2039 836 2084 credentibus
854 2040 1042 2099 populis,
1060 2042 1272 2101 templum
1291 2043 1433 2101 ipsum
1451 2057 1648 2085 eversum
1667 2051 1745 2097 est,

356 2110 432 2154 ubi
464 2110 536 2154 illa
560 2111 767 2155 sacrificia
790 2112 937 2155 offerri
960 2112 1176 2156 solebant.
1209 2115 1302 2156 Hoc
1325 2122 1470 2156 autem
1499 2111 1662 2157 factum
1686 2121 1750 2157 est

356 2181 598 2225 secundum
638 2183 910 2242 prophetiam
949 2182 1137 2227 Danielis
1151 2185 1182 2226 ².
1224 2185 1322 2228 Non
1360 2185 1475 2228 enim
1512 2184 1745 2244 oportebat

358 2252 517 2296 auferri
535 2253 819 2311 significantia
843 2253 1046 2298 sacrificia
1064 2288 1075 2308 ‚
1099 2253 1218 2313 prius
1241 2270 1373 2314 quam
1394 2254 1504 2298 illud
1522 2253 1642 2314 quod
1665 2254 1747 2313 sig*

357 2322 616 2366 nificabatur
643 2324 947 2368 confirmatum
971 2333 1078 2368 esset
1100 2325 1413 2369 contestatione
1436 2323 1746 2384 Apostolorum

359 2393 712 2453 praedicantium‚
742 2404 785 2439 ct
805 2395 889 2439 fide
912 2395 1183 2439 credentium
1202 2396 1483 2456 populorum.

407 2495 417 2513 ¹
435 2491 512 2523 Luc.
533 2501 567 2532 v,
586 2489 637 2532 14.
663 2507 705 2515 —-
726 2498 738 2514 ²
754 2493 832 2524 Dan.
853 2502 898 2533 ix,
919 2500 971 2534 27.
