1819 3301
389 304 527 330 sEnMO
559 304 715 330 nomm
749 304 791 329 m
825 304 994 339 MORTE,
1032 304 1111 328 Lis.
1152 304 1195 328 11.
1405 292 1481 329 251

108 383 195 413 non
219 378 414 427 possunt,
436 368 619 427 amplius
636 377 818 412 noceant
833 383 963 427 qnam
980 368 1013 410 si
1037 384 1083 410 ca
1113 367 1282 426 penitus
1301 383 1490 426 semper—

106 454 193 499 que
215 438 512 493 occultarent,
546 439 776 482 rectissime
797 439 1023 498 subjungit
1050 458 1058 482 :
1089 457 1107 479 «
1127 435 1268 482 Nolite
1291 447 1489 481 sanctum

110 526 130 550 »
166 508 268 552 dare
300 509 480 552 canibus
506 528 515 552 ι
549 523 692 568 neque
724 508 918 552 miseritis
937 508 1184 566 margaritas
1207 516 1367 552 vestras
1390 517 1490 551 ante

107 596 128 620 »
164 594 341 638 porcos,
367 593 422 621 ne
441 578 554 622 forte
575 578 836 622 conculcent
863 594 932 622 eas
961 577 1147 637 pedibus
1170 578 1277 632 suis,
1310 587 1353 622 et
1380 593 1488 622 con-

106 666 128 691 »
162 649 273 693 versi
307 648 580 708 disrumpant
611 663 686 693 vos
703 650 733 692 1.
773 666 792 689 »
827 650 934 702 Quia
969 658 1012 692 et
1050 649 1259 692 Dominus
1293 649 1489 708 quamvis

104 719 211 764 nihil
234 720 441 764 mentitus
463 720 537 775 sit,
564 735 663 764 vera
686 729 832 764 tamen
854 719 998 780 aliqua
1021 719 1240 764 occultare
1265 736 1309 764 se
1343 729 1490 764 osten-

104 790 183 846 dit,
200 790 347 834 dicens
369 810 377 835 :
399 809 418 832 «
434 790 592 834 Adhuc
608 789 746 834 multa
767 791 908 834 habeo
929 790 1052 835 vobis
1074 789 1232 845 dicere,
1253 789 1328 834 sed
1346 789 1489 834 adhuc

106 878 127 902 »
162 876 251 905 non
272 861 450 920 potestis
469 861 541 904 illa
559 864 774 920 portare2.
804 880 823 902 »
850 864 906 905 Et
928 860 1145 920 apostolus
1160 860 1335 916 Paulus,
1357 864 1488 907 «Non

105 949 125 973 »
160 931 311 990 potui,
337 932 505 991 inquit,
530 931 654 976 vobis
677 931 799 991 loqui
820 931 943 991 quasi
965 931 1243 990 spiritalibus,
1270 931 1344 975 sed
1366 932 1488 992 quasi

104 1020 124 1044 n
160 1002 403 1047 carnalibus
422 1024 432 1061 3
453 1013 662 1063 tanquam
684 1003 874 1063 parvulis
902 1003 947 1046 in
967 1003 1159 1058 Christo,
1184 1002 1251 1047 lac
1269 1003 1390 1047 vobis
1408 1018 1488 1062 po-

73 1111 79 1118 .
103 1092 124 1116 »
160 1084 254 1119 tum
274 1074 396 1130 dedi,
418 1091 507 1119 non
528 1090 689 1119 escam:
709 1090 853 1134 neque
875 1075 989 1118 enim
1007 1075 1229 1134 poteratis,
1247 1074 1322 1119 sed
1344 1089 1488 1135 neque

102 1163 124 1187 »
157 1162 277 1190 nunc
297 1147 474 1205 potestis
494 1167 504 1202 3
530 1146 673 1190 adhuc
696 1146 810 1189 enim
834 1147 932 1189 estis
956 1146 1148 1190 carnales
1164 1147 1194 1188 3.
1224 1164 1243 1187 »

159 1219 361 1260 LXVIII.
389 1220 438 1260 In
456 1217 539 1261 hoc
559 1225 704 1260 autem
724 1226 940 1276 praecepto
962 1233 1051 1277 quo
1069 1216 1353 1275 prohibemur
1371 1232 1488 1260 sanc·

98 1296 192 1331 turn
216 1287 318 1331 dare
340 1288 542 1342 canibus,
569 1296 611 1331 et
633 1287 804 1331 mittere
821 1297 921 1331 ante
943 1303 1096 1347 porcos
1118 1288 1368 1345 margaritas
1390 1302 1487 1331 nos-

98 1367 206 1412 tras,
239 1357 471 1416 diligenter
499 1357 787 1418 quaerendum
816 1366 879 1402 est
910 1358 1017 1417 quid
1050 1358 1104 1401 sit
1131 1367 1350 1413 sanctum,
1378 1357 1486 1417 quid

98 1427 367 1486 margaritae,
393 1428 501 1487 quid
523 1444 649 1472 canes
668 1463 678 1483 ,
714 1428 822 1488 quid
844 1429 976 1487 porci.
1010 1431 1215 1473 Sanctum
1246 1438 1330 1482 est,
1366 1425 1486 1487 quod

96 1499 257 1542 violare
277 1509 409 1559 atque
432 1515 710 1559 corrumpere
733 1499 851 1543 nefas
875 1509 937 1544 est
962 1519 970 1544 :
997 1501 1118 1559 cujus
1141 1500 1293 1559 utique
1315 1499 1484 1543 sceleris

96 1579 276 1613 conatus
304 1579 348 1613 et
378 1569 579 1613 voluntas
605 1579 775 1614 tenetur
806 1586 875 1613 rea
893 1606 903 1625 ,
930 1571 1125 1630 quamvis
1146 1570 1257 1613 illutl
1285 1578 1483 1614 sanctum

95 1649 248 1683 natura
270 1639 518 1691 inviolabile
540 1649 671 1700 atquc
693 1641 1019 1700 incorruptibile
1033 1650 1220 1685 maneat.
1238 1641 1484 1699 Margaritae

96 1720 263 1766 autem,
290 1727 581 1771 quaecumque
602 1711 807 1771 spiritalia
840 1712 985 1770 magni
1008 1712 1261 1755 aestimanda
1290 1720 1414 1766 sunt,
1442 1720 1485 1755 et

95 1782 196 1842 quia
220 1782 264 1825 in
289 1782 437 1825 abdito
461 1781 626 1836 latent,
663 1792 870 1842 tanquam
907 1783 961 1826 dc
988 1782 1210 1840 profundo
1242 1791 1481 1837 eruuntur,

96 1862 138 1896 et
169 1851 470 1910 allegoriarum
504 1853 811 1909 integumentis
834 1852 956 1912 quasi
979 1851 1135 1910 apertis
1162 1853 1338 1894 conchis
1359 1853 1484 1894 inve-

95 1924 290 1967 niuntur.
313 1923 433 1966 Licet
455 1924 601 1983 itaque
624 1923 829 1981 intelligi,
856 1923 975 1982 quod
994 1939 1078 1966 una
1095 1921 1334 1981 eademque
1354 1937 1417 1966 res
1440 1933 1484 1967 et

94 2003 290 2037 sanctum
311 2003 353 2038 ct
376 1994 605 2052 margarita
624 1993 707 2037 dici
731 2002 869 2053 potest
889 2013 897 2037 ε
914 1993 988 2036 scd
1009 2002 1207 2036 sanctum
1231 2009 1279 2036 ex
1300 2009 1350 2037 eo
1365 1992 1484 2053 quod

95 2079 185 2108 non
222 2064 352 2108 debet
374 2065 594 2124 corrumpi
613 2100 623 2119 ,
651 2064 880 2123 margarita
919 2079 970 2107 ex
998 2079 1048 2107 eo
1080 2064 1198 2123 quod
1226 2079 1315 2107 non
1352 2064 1484 2108 debet

94 2135 330 2178 contemni.
357 2136 552 2179 Conatur
575 2143 720 2178 autem
746 2135 930 2195 quisque
952 2149 1229 2193 corrumpere
1252 2134 1371 2193 quod
1394 2149 1482 2177 non

94 2205 190 2250 vult
212 2220 299 2248 esse
335 2205 553 2264 integrum
578 2226 585 2250 :
612 2206 853 2250 contemnit
882 2220 985 2250 vero
1015 2205 1136 2266 quod
1157 2205 1242 2249 vile
1265 2204 1413 2260 (lucit,
1439 2214 1481 2249 et

95 2276 217 2335 quasi
240 2274 352 2319 infra
369 2291 413 2319 se
435 2291 523 2319 esse
545 2275 788 2333 existimat,
811 2285 854 2319 et
874 2274 972 2319 ideo
994 2274 1148 2319 calcari
1167 2274 1326 2318 dicitur
1349 2275 1481 2334 quid-

95 2346 203 2407 quid
225 2347 821 2406 contemnitur.Quapropter
835 2362 960 2391 canes
978 2346 1185 2406 quoniam
1209 2345 1404 2388 insiliunt
1427 2344 1481 2390 ad

96 2416 419 2461 dilacerandum
438 2452 448 2471 ,
473 2417 594 2476 quod
616 2426 762 2461 autem
781 2416 1018 2460 dilacerant
1046 2417 1260 2473 integrum
1280 2431 1369 2459 esse
1391 2431 1477 2460 non

58 2485 69 2494 ”
97 2488 245 2531 sinunt
268 2506 276 2531 :
312 2506 331 2528 «
356 2486 524 2542 Nolite,
547 2487 710 2547 inquit,
736 2496 933 2531 sanctum
963 2485 1065 2529 dare
1093 2487 1270 2529 canibus
1295 2506 1302 2530 ε
1330 2505 1349 2526 »
1377 2487 1478 2545 qnia

97 2558 174 2601 etsi
197 2556 419 2601 dilacerari
441 2566 483 2600 et
505 2558 723 2617 corrumpi
748 2573 833 2601 non
859 2565 1021 2617 potest,
1037 2565 1078 2599 et
1095 2566 1240 2601 manet
1262 2557 1481 2615 integrum
1503 2588 1507 2590 -

145 2649 153 2663 ¹
175 2641 294 2673 Matih.
311 2653 368 2682 vn,
386 2641 418 2673 6.
448 2659 486 2664 —
507 2649 518 2664 ²
538 2644 628 2674 Joan.
650 2640 907 2682 xvr‚12.—31
929 2643 999 2672 Cor.
1026 2652 1072 2682 ιιι,
1096 2653 1124 2681 1,
1143 2649 1176 2672 2.
