1819 3301
350 257 429 297 148
787 271 820 297 s.
857 268 1085 297 Aucus-nm
1119 268 1298 296 Emscom

346 452 766 469 vwvwwoemwwmzwum
771 452 837 467 Nm
842 451 907 466 xm&
912 451 977 466 ΣΏΑᾹ
983 451 1048 466 tm
1053 448 1619 467 WWlmwwwvvwmmwwmwzm
1626 447 1690 463 VW.
1695 448 1721 463 ν

856 594 1074 644 CAPUT
1119 597 1230 644 VII.

404 753 568 795 xvffl.
599 769 619 792 «
645 752 713 795 S1c
729 749 874 794 luceat
889 785 900 805 ‚
919 750 1088 810 inquit,
1108 749 1259 793 lumen
1286 757 1474 793 vestrum
1493 762 1635 792 coram
1654 747 1728 791 ho-

349 839 370 862 »
405 821 618 876 minibus,
652 830 703 864 ut
731 819 907 865 videant
941 820 1055 863 bona
1084 819 1198 863 facta
1219 828 1381 874 vestra,
1423 827 1467 862 et
1488 818 1730 876 glorificent

346 909 368 932 »
405 894 576 935 Patrem
608 900 800 935 vestrum
831 890 907 950 qui
937 889 981 932 in
1013 889 1135 933 coelis
1158 891 1265 932 est1.
1294 907 1313 930 »
1342 889 1385 933 Si
1422 886 1728 932 tantummodo

347 961 511 1006 diceret
535 983 544 1007 ε
576 982 595 1004 «
625 964 691 1006 Sic
713 962 856 1006 luceat
877 960 1026 1004 lumen
1054 969 1246 1004 restrum
1281 975 1423 1003 coram
1446 958 1698 1002 hominibus
1714 992 1725 1013 ,

346 1051 367 1074 »
404 1044 453 1078 ut
471 1034 650 1078 videant
670 1035 781 1077 bona
800 1032 913 1076 facta
929 1041 1069 1075 vestra
1095 1051 1103 1075 ;
1131 1050 1151 1072 »
1174 1033 1305 1074 finem
1324 1029 1594 1074 constituisse
1615 1028 1729 1073 vide-

344 1113 465 1148 retur
487 1104 532 1146 in
554 1103 757 1146 laudibus
774 1102 1026 1156 hominum⁷
1052 1117 1158 1161 quas
1180 1109 1383 1160 quaerunt
1407 1099 1662 1158 hypocritae,
1688 1108 1731 1143 et

343 1175 420 1234 qui
441 1174 640 1217 ambiunt
657 1173 712 1216 ad
729 1174 937 1227 honores,
964 1182 1007 1215 et
1022 1181 1197 1231 captant
1220 1170 1508 1214 inanissimam
1529 1168 1726 1227 gloriam.

342 1246 505 1288 Contra
541 1258 649 1302 quos
677 1242 867 1286 dicitur:
908 1261 928 1283 «
967 1242 1008 1286 Si
1035 1241 1177 1285 adhuc
1198 1239 1450 1284 hominibus
1481 1238 1696 1298 placerem
1716 1273 1727 1293 ,

346 1332 366 1354 »
402 1313 560 1357 Christi
584 1328 730 1356 servus
753 1328 842 1356 non
862 1326 996 1355 essem
1013 1315 1030 1337 ²
1048 1330 1058 1357 2
1079 1329 1098 1351 »
1124 1320 1166 1354 et
1183 1325 1259 1369 per
1281 1310 1542 1368 Prophetam
1570 1327 1579 1353 ι
1609 1309 1732 1361 «Qui

347 1400 367 1424 »
403 1382 654 1426 hominibus
674 1381 869 1441 placent,
895 1380 1064 1425 confusi
1084 1389 1202 1434 sunt,
1228 1380 1329 1438 quia
1352 1382 1465 1423 Deus
1486 1377 1609 1422 nihili
1630 1377 1732 1422 fecit

347 1470 366 1493 »
401 1452 555 1498 illos32
583 1470 602 1493 »
629 1461 672 1495 et
704 1452 888 1506 iterum,
919 1469 939 1492 «
965 1454 1076 1494 Deus
1110 1449 1324 1507 confregit
1353 1464 1446 1493 ossa
1480 1447 1732 1492 hominibus

349 1539 370 1562 »
404 1522 697 1580 placentium⁴
724 1541 732 1565 :
761 1540 779 1562 »
806 1531 849 1565 et
870 1536 1040 1565 rursum
1059 1519 1305 1579 Apostolus,
1335 1539 1354 1561 «
1372 1522 1471 1564 Non
1491 1518 1733 1562 efficiamur

350 1608 371 1631 »
407 1591 546 1634 inanis
564 1591 710 1649 gloriae
729 1590 878 1650 cupidi
892 1593 906 1616 ⁵
931 1610 939 1635 z
963 1609 983 1630 »
1010 1591 1158 1649 etipse
1180 1591 1354 1643 iterum,
1376 1588 1567 1632 «Probet
1588 1596 1734 1630 autem

350 1677 361 1699 ›
407 1675 450 1703 se
467 1660 622 1714 homo,
644 1669 687 1703 et
710 1669 816 1703 tunc
837 1660 882 1702 in
902 1660 1131 1718 semetipso
1150 1658 1330 1702 habebit
1352 1657 1530 1716 gloriam
1549 1691 1560 1710 ,
1585 1666 1628 1700 et
1644 1671 1734 1700 non

350 1746 371 1769 »
407 1729 452 1772 in
475 1729 651 1773 alterofl.
683 1748 700 1769 »
727 1732 824 1773 Non
842 1745 945 1787 ergo
968 1738 1138 1772 tantum
1162 1727 1290 1772 dixit:
1313 1747 1331 1768 «
1349 1729 1405 1771 Ut
1423 1726 1597 1770 videant
1618 1727 1734 1770 bona

350 1816 371 1839 »
407 1797 520 1842 sacta
551 1808 691 1843 vestra
717 1818 725 1842 ε
768 1819 784 1839 »
810 1799 886 1841 sed
922 1797 1128 1841 addidit-2
1170 1816 1189 1838 «
1214 1800 1269 1840 Et
1294 1794 1535 1853 glorificent
1563 1799 1734 1839 Patrem

354 1885 374 1908 »
410 1877 600 1911 vestrum
625 1868 700 1926 qui
730 1868 775 1909 in
797 1866 918 1910 coelis
949 1876 1010 1910 est
1030 1886 1037 1910 z
1073 1885 1092 1907 »
1114 1875 1164 1909 ut
1192 1866 1275 1909 hoc
1297 1866 1437 1923 ipsum
1457 1864 1577 1924 quod
1599 1865 1734 1908 homo

351 1951 428 1994 per
444 1937 559 1980 bona
582 1951 711 1995 opera
733 1935 875 1994 placet
895 1936 1170 1992 hominibus,
1195 1950 1285 1978 non
1313 1935 1375 1978 ibi
1403 1935 1534 1978 finem
1571 1935 1734 1978 consti-

351 2014 446 2049 tuat
482 2015 532 2049 ut
561 2006 812 2049 hominibus
841 2005 1036 2064 placeat3
1075 2004 1149 2048 sed
1179 1994 1337 2047 referat
1372 2005 1456 2047 hoc
1485 2003 1541 2046 ad
1560 2003 1736 2047 laudem

352 2074 429 2117 Dei
448 2109 458 2128 ‚
490 2084 533 2117 et
566 2083 793 2132 propterea
815 2073 983 2132 placeat
1003 2074 1254 2118 hominibus
1275 2082 1325 2116 ut
1359 2073 1404 2115 in
1426 2071 1500 2116 illo
1523 2071 1736 2130 glorifice-

352 2152 424 2187 tur
450 2147 578 2187 Deus.
614 2146 705 2187 Hoc
728 2144 842 2186 enim
870 2142 1150 2187 laudantibus
1181 2141 1373 2200 expedit,
1410 2150 1458 2184 ut
1480 2155 1569 2184 non
1591 2141 1735 2184 homi-

354 2227 471 2268 nem,
492 2214 567 2256 sed
586 2216 721 2256 Deum
746 2213 980 2256 honorent:
997 2213 1107 2254 sicut
1122 2212 1165 2253 in
1183 2211 1276 2268 ipso
1290 2209 1467 2252 homine
1487 2209 1562 2268 qui
1586 2219 1734 2268 porta-

353 2282 482 2325 batur
498 2317 508 2335 ,
528 2282 737 2324 Dominus
762 2280 976 2336 ostendit,
997 2279 1074 2322 ubi
1096 2278 1316 2321 admiratae
1341 2278 1479 2321 turbae
1496 2277 1735 2336 paralytico

354 2361 502 2394 sanato
519 2352 700 2394 virtutes
723 2352 829 2409 ejus⁷
853 2350 964 2392 sicut
984 2349 1029 2391 in
1051 2348 1285 2404 Evangelio
1302 2349 1509 2406 scriptum
1532 2357 1610 2403 est,
1629 2349 1735 2392 «Ti-

359 2438 378 2459 »
414 2429 621 2463 muerunt
642 2429 684 2462 et
702 2418 1052 2476 glorificaverunt
1074 2420 1228 2470 Deum,
1250 2417 1327 2475 qui
1343 2416 1464 2461 dedit
1477 2426 1735 2475 potestatem

362 1678 371 1699 v

405 2530 414 2545 ¹
432 2525 545 2555 Matth.
562 2536 595 2565 v,
618 2524 668 2555 16.
686 2540 726 2546 —
743 2529 756 2546 ²
781 2522 850 2554 Gal.
865 2533 888 2562 ι,
904 2533 953 2554 ιο.
969 2538 1010 2544 -
1027 2520 1040 2544 ³
1060 2521 1137 2553 Psal.
1157 2532 1210 2562 ιιι,
1231 2524 1309 2554 6.-
1324 2520 1495 2554 41bid.-»
1509 2520 1524 2545 5
1538 2522 1608 2555 Gal.
1628 2534 1662 2564 v,
1677 2522 1731 2555 26.

358 2594 398 2600 —
424 2578 438 2600 ‘³'
456 2589 468 2609 ι
489 2580 558 2610 Cor.
580 2589 624 2620 xr,
645 2578 697 2610 28.
