1819 3301
358 262 442 304 406
707 296 710 298 -
800 277 833 305 s.
871 279 1100 305 ,mensum
1135 280 1315 305 Eme-‚com

352 341 423 387 vel
449 341 647 387 arborem
663 378 675 398 ,
703 352 778 387 aut
801 342 964 402 aliquid
985 343 1237 402 hujusmodi
1269 344 1415 388 idonei
1435 353 1539 389 sunt
1559 344 1734 397 videre:

350 429 395 464 et
415 419 462 462 in
490 415 575 460 alio
597 412 1160 469 illustratodemonstratur
1195 413 1277 457 illis
1306 423 1425 458 ortus
1453 414 1525 458 ille
1543 450 1554 469 ‚
1578 416 1649 460 cui
1671 418 1738 460 vi-

352 486 498 530 dendo
519 486 663 528 adhue
687 483 828 525 minus
857 481 1060 526 idoneam
1087 483 1220 526 aciem
1250 493 1421 540 gerunt.
1461 485 1529 529 Sic
1552 501 1654 544 ergo
1676 486 1738 530 illi

350 571 522 609 omnes,
557 554 611 597 ad
650 567 761 612 quos
795 552 993 595 Christus
1024 562 1224 605 venerat,
1263 554 1405 597 minus
1434 552 1580 597 idonei
1616 564 1739 598 erant

347 641 449 670 eum
465 623 612 668 videre
633 642 642 667 ε
673 622 855 665 radiavit
877 624 900 664 J
906 636 1090 669 oannem
1110 643 1121 678 3
1147 631 1189 665 et
1213 637 1287 680 per
1309 621 1433 665 illum
1455 623 1738 668 confitentem

349 711 393 740 se
413 694 628 738 radiatum
658 707 707 736 ac
741 708 785 736 se
802 691 1096 735 illuminatum
1127 707 1217 735 esse
1238 727 1248 746 ,
1281 707 1371 735 non
1388 693 1464 752 qui
1486 693 1674 737 radiaret
1696 703 1739 738 et

347 765 640 817 illuminaret,
682 763 881 819 cognitus
905 770 967 804 est
988 760 1061 804 ille
1083 762 1158 821 qui
1182 761 1426 816 illuminat,
1457 764 1739 821 cognitus-‘est

347 834 421 879 ille
443 834 520 893 qui
541 832 750 886 illustrat,
789 831 990 888 cognitus
1029 840 1092 874 est
1128 831 1203 890 qui
1236 831 1403 890 implet.
1444 834 1500 875 Et
1523 833 1618 892 quis
1640 835 1738 878 est?

351 923 372 947 «
406 904 487 956 Qui
504 902 723 946 illuminat
742 936 753 953 ‚
782 900 950 960 inquit,
984 916 1159 944 omnem
1180 901 1402 944 hominem
1426 902 1671 946 venientem
1692 903 1736 947 in

350 974 638 1016 »'mundum.
673 989 692 1012 »
728 973 838 1015 Nam
876 970 910 1013 si
945 969 1063 1013 illinc
1097 986 1186 1013 non
1219 970 1468 1025 recederet,
1502 971 1591 1015 non
1631 981 1738 1016 esset

347 1042 662 1088 illuminandus
689 1060 697 1085 ε
724 1040 799 1084 sed
830 1039 929 1083 ideo
953 1040 1022 1083 hic
1045 1039 1382 1087 illuminandus,
1408 1041 1510 1100 quia
1527 1041 1647 1086 illinc
1671 1057 1737 1085 re—

348 1115 475 1158 cessit
489 1148 500 1167 ,
525 1113 601 1156 ubi
623 1113 756 1155 homo
777 1126 947 1169 semper
962 1119 1132 1170 poterat
1151 1126 1241 1154 esse
1262 1110 1547 1155 illuminatus.

423 1187 545 1227 V111.
574 1181 691 1235 Quid
727 1183 861 1239 ergo?
891 1182 932 1225 Si
961 1181 1080 1224 venit
1112 1182 1226 1235 huc,
1263 1182 1339 1224 ubi
1373 1184 1494 1225 erat?
1529 1201 1550 1223 «
1579 1185 1631 1226 Ιη
1653 1183 1736 1227 hoc

352 1274 374 1297 »
409 1254 577 1299 mundo
599 1261 704 1296 erat.
732 1270 750 1292 »
785 1254 840 1294 Et
860 1251 931 1295 hic
953 1260 1045 1294 erat
1061 1286 1072 1305 ,
1101 1261 1144 1294 et
1170 1253 1256 1295 huc
1276 1253 1396 1295 venit
1420 1271 1428 1295 :
1454 1252 1525 1296 hic
1548 1261 1639 1296 erat
1659 1268 1737 1311 per

351 1325 649 1378 divinitatem,
680 1323 766 1365 huc
787 1321 907 1365 venit
929 1337 1006 1379 per
1027 1336 1200 1364 carnem
1234 1341 1242 1365 z
1268 1323 1369 1380 quia
1398 1337 1499 1365 cum
1534 1323 1604 1366 hic
1627 1331 1737 1366 esset

347 1410 425 1454 per
443 1393 713 1437 divinitatem
734 1426 745 1446 ,
776 1391 831 1434 ab
856 1390 998 1434 stultis
1019 1400 1063 1433 et
1091 1391 1214 1434 caecis
1238 1400 1281 1434 et
1302 1392 1461 1450 iniquis
1488 1391 1625 1436 videri
1647 1408 1734 1436 non

347 1473 534 1524 poterat.
562 1462 648 1520 Ipsi
670 1461 807 1520 iniqui
831 1460 1020 1503 tenebrae
1038 1469 1139 1503 sunt
1158 1495 1168 1514 ,
1194 1459 1248 1503 de
1270 1461 1430 1519 quibus
1448 1461 1615 1505 dictum
1633 1471 1697 1506 est
1723 1481 1731 1505 :

350 1553 371 1576 «
408 1537 502 1577 Lux
532 1532 652 1576 lucet
682 1531 727 1574 in
765 1530 953 1574 tenebris
973 1564 984 1583 ,
1019 1539 1063 1573 et
1084 1530 1278 1573 tenebrae
1300 1546 1391 1573 eam
1417 1547 1507 1574 non
1537 1546 1735 1591 compre-

348 1623 370 1646 »
405 1601 656 1646 henderunt
675 1603 704 1642 ¹.
740 1619 759 1641 »
789 1602 903 1643 Ecce
940 1599 1010 1642 hic
1048 1608 1110 1642 est
1133 1609 1176 1642 et
1200 1599 1332 1643 modo
1349 1635 1360 1654 ,
1386 1610 1430 1644 et
1457 1600 1526 1644 hic
1555 1610 1668 1656 erat,
1692 1612 1735 1646 et

344 1689 515 1731 semper
536 1673 606 1716 hic
629 1680 722 1727 est3
755 1680 799 1714 et
821 1660 1049 1728 nunquam
1087 1669 1272 1722 recedit,
1312 1685 1528 1729 nusquam
1551 1670 1730 1715 recedit.

344 1747 464 1803 Opus
482 1752 546 1786 est
562 1777 572 1797 ,
598 1751 648 1785 ut
664 1741 823 1784 habeas
846 1739 965 1784 unde
986 1738 1153 1792 videas,
1179 1738 1296 1798 quod
1323 1740 1402 1783 tibi
1421 1755 1648 1800 nunquam
1671 1756 1734 1784 re-

344 1815 490 1859 cedit:
516 1828 625 1870 opus
647 1820 736 1865 est,
768 1819 817 1853 ut
845 1819 893 1853 tu
918 1825 1006 1853 non
1036 1810 1211 1853 recedas
1227 1845 1237 1863 ,
1266 1810 1319 1853 ab
1340 1826 1391 1854 eo
1413 1812 1489 1870 qui
1516 1827 1733 1870 nusquam

341 1885 506 1929 recedit
532 1891 543 1927 ε’
568 1898 677 1940 opus
700 1890 784 1933 est,
823 1890 871 1924 ut
893 1890 943 1923 tu
964 1896 1052 1924 non
1087 1879 1255 1923 deseras
1271 1915 1282 1933 ,
1314 1890 1358 1923 et
1389 1896 1478 1924 non
1507 1880 1728 1926 desereris.

342 1954 441 1999 Noli
460 1952 613 1997 cadere
629 1986 640 2000 ,
661 1961 705 1994 et
727 1966 814 1994 non
839 1950 917 1993 tibi
945 1951 1126 1993 occidet.
1157 1950 1199 1994 Si
1223 1959 1266 1993 tu
1285 1949 1435 1993 feceris
1457 1966 1602 1994 casum
1624 1986 1634 2005 ,
1660 1951 1732 1995 ille

339 2024 419 2068 tibi
438 2022 540 2066 facit
557 2036 759 2065 occasum
782 2039 790 2064 z
816 2020 850 2063 si
867 2029 1013 2062 autem
1036 2029 1083 2062 tu
1101 2029 1184 2062 stas
1203 2055 1212 2072 ,
1240 2035 1425 2078 praesens
1447 2030 1510 2064 est
1534 2021 1627 2064 tibi.
1646 2021 1731 2066 Sed

338 2109 428 2138 non
445 2092 595 2136 stetisti
621 2108 633 2135 .·
657 2090 881 2134 recordare
897 2088 1014 2131 unde
1031 2089 1251 2142 cecideris,
1268 2089 1386 2132 unde
1409 2099 1451 2132 te
1474 2091 1629 2149 dejecit
1652 2092 1729 2150 qui

336 2164 455 2223 prior
476 2172 518 2206 te
547 2161 717 2205 cecidit.
745 2159 909 2219 Dejecit
938 2159 1053 2201 enim
1086 2168 1147 2208 te,
1175 2175 1262 2202 non
1287 2159 1328 2202 vi
1350 2194 1360 2213 ,
1386 2175 1474 2202 non
1509 2160 1724 2219 impulsu,

334 2233 411 2277 sed
433 2232 659 2276 voluntate
681 2239 770 2273 tua.
799 2230 841 2274 Si
863 2230 977 2273 enim
1001 2229 1114 2273 malo
1137 2246 1225 2273 non
1248 2231 1531 2285 consentires,
1564 2241 1696 2276 stares
1712 2268 1723 2288 ,

332 2303 605 2347 illuminatus
626 2316 836 2344 maneres.
865 2300 998 2343 Modo
1020 2310 1166 2343 autem
1199 2302 1299 2360 quia
1324 2303 1413 2361 jam
1437 2301 1651 2357 cecidisti,
1682 2313 1726 2347 et

331 2372 470 2416 factus
489 2388 533 2416 es
555 2372 723 2415 saucius
746 2369 899 2424 corde,
921 2371 1039 2413 unde
1058 2369 1195 2413 videri
1226 2370 1297 2414 illa
1320 2371 1395 2414 lux
1419 2381 1584 2430 potest,
1605 2374 1723 2416 venit

329 2442 385 2487 ad
406 2452 448 2486 te
475 2443 570 2486 talis
598 2441 772 2502 qualem
807 2457 950 2499 posses
978 2440 1150 2495 videre,
1188 2451 1231 2484 et
1261 2442 1391 2485 talem
1429 2458 1472 2486 se
1495 2444 1720 2488 hominem

320 2513 525 2572 praebuit,
546 2521 595 2556 ut
615 2513 669 2556 ab
695 2512 868 2556 homine
890 2521 1105 2571 quaereret
1122 2513 1436 2556 testimonium.
1455 2514 1524 2558 Ab
1542 2514 1718 2559 homine

378 2603 386 2618 ¹
409 2599 501 2628 Joan.
527 2608 551 2637 ι,
573 2596 604 2627 5.
