1819 3301
266 324 320 350 m:
350 322 559 351 consensu
593 320 1003 369 EvANGqLISTARUM‚
1037 323 1118 348 Lm.
1158 323 1223 348 111.
1378 311 1431 348 27

51 392 149 420 nam
173 377 447 434 negationem
468 396 477 421 ι
502 396 521 418 «
537 379 796 420 Eratautem
822 375 969 421 Simon
994 378 1144 418 Petrus
1159 383 1290 427 stans,
1307 383 1350 418 et
1362 389 1434 418 ca-

53 464 73 487 ))
109 445 313 490 lefaciens
327 462 370 490 se
386 466 394 490 z
413 447 613 490 dixerunt
629 461 730 503 ergo
746 445 783 488 ei
802 444 1044 504 :Numquid
1058 454 1099 486 et
1117 455 1161 487 tu
1178 460 1227 486 ex
1244 444 1435 501 Discipu-

49 516 101 559 lis
123 517 215 574 ejus
228 518 296 559 es?
313 515 591 574 Negavitille,
609 525 651 558 et
666 514 771 557 dixit
789 534 796 558 :
815 517 911 558 Non
927 529 1071 557 sum.»
1090 517 1182 557 Hoc
1196 514 1327 571 igitur
1339 513 1435 556 loco

49 586 309 639 invenimus,
333 595 376 629 ct
398 602 485 630 non
512 594 613 628 ante
633 586 809 644 januam
829 619 840 637 ,
866 583 941 627 sed
964 583 1110 627 focum
1133 593 1317 627 stantem
1334 618 1344 637 ,
1369 598 1436 626 se-

50 656 195 700 cundo
216 672 389 715 negasse
406 661 580 700 Petrum
604 675 612 700 z
637 655 756 715 quod
771 655 859 697 ficri
878 670 964 697 non
982 663 1140 712 posset,
1163 654 1242 697 nisi
1257 655 1346 713 jam
1363 668 1434 696 re-

51 726 210 780 diisset,
226 736 507 786 posteaquam
531 726 642 770 foras
658 726 830 781 exierat.
848 727 997 784 Neque
1013 725 1227 783 enimjam
1249 725 1430 778 exierat,

51 805 93 840 et
106 796 209 841 foris
221 812 319 839 eum
334 797 443 841 vidit
456 796 587 839 altera
602 794 757 839 ancilla
771 816 781 852 3
797 794 871 837 sed
884 809 981 837 cum
1000 795 1173 847 exierat,
1193 810 1292 836 eum
1311 793 1433 848 vidit,
1474 830 1479 834 .

50 866 96 911 id
118 875 182 910 est
203 901 214 922 ,
237 882 335 910 cum
355 876 548 924 surgeret
564 867 757 910 utexiret
771 901 782 920 ,
807 864 1113 909 animadvertit
1133 880 1250 917 eum,
1271 874 1314 908 et
1332 865 1438 908 dixit

5 972 16 980 .
51 937 117 981 his
130 937 206 997 qui
220 946 342 981 erant
356 937 434 991 ibi,
454 937 499 980 id
514 945 592 991 est,
613 934 742 979 simul
754 944 877 979 erant
891 935 1103 993 adignem
1117 935 1234 978 intus
1247 935 1292 978 in
1311 935 1435 989 atrio,

56 1025 77 1048 «
110 1009 167 1050 Et
187 1006 258 1050 hic
279 1015 370 1050 erat
387 1021 489 1050 cum
510 1008 612 1049 Jesu
628 1008 865 1050 Nazareno.
895 1023 914 1045 »
943 1004 1021 1048 Ille
1043 1013 1190 1048 autem
1218 1004 1293 1063 qui
1324 1004 1439 1049 foras

52 1075 232 1131 exierat,
270 1076 354 1120 hoc
387 1074 538 1119 audito
557 1110 568 1130 ,
605 1074 775 1120 rediens
804 1075 965 1134 juravit
986 1074 1068 1118 illis
1106 1084 1255 1118 contra
1293 1074 1440 1117 niten-

51 1145 190 1200 tibus,
214 1163 235 1187 «
261 1145 373 1198 Quia
395 1160 486 1189 non
507 1145 610 1189 novi
626 1144 864 1188 hominem.
890 1163 909 1184 »
932 1146 1040 1188 Nam
1059 1153 1100 1187 et
1115 1147 1286 1188 Marcus
1302 1144 1361 1187 sic
1380 1143 1439 1187 ait

4 1215 11 1222 '
52 1215 108 1259 de
128 1215 279 1260 eadem
294 1214 449 1260 ancilla
468 1234 478 1260 ε
500 1234 516 1255 «
534 1218 592 1259 Et
605 1216 740 1274 coepit
757 1215 899 1259 dicere
916 1215 1312 1268 circumstantibus,
1330 1215 1441 1267 Quia

57 1304 78 1326 »
112 1285 183 1330 hic
205 1301 256 1329 ex
276 1286 360 1329 illis
377 1295 454 1329 est.
485 1304 504 1326 »
526 1286 706 1330 Dicebat
727 1285 841 1329 enim
866 1301 954 1329 non
976 1285 1059 1338 illi,
1088 1283 1162 1327 sed
1180 1285 1245 1328 his
1268 1285 1343 1343 qui
1365 1283 1441 1327 illo

54 1364 238 1400 exeunte
260 1355 318 1398 ibi
336 1365 656 1410 remanserant,
681 1355 739 1399 sie
763 1365 907 1399 tamen
930 1364 979 1398 ut
1000 1355 1072 1397 ille
1103 1353 1273 1397 audiret
1295 1373 1303 1399 z
1324 1353 1441 1397 unde.

55 1425 224 1469 rediens
241 1460 252 1480 ,
277 1435 320 1469 et
335 1441 480 1469 rursus
498 1425 552 1468 ad
570 1426 711 1482 ignem
727 1434 858 1479 stans,
882 1425 1105 1468 resistebat
1122 1424 1323 1482 negando
1342 1439 1441 1467 ver-

55 1496 121 1540 bis
139 1511 305 1540 eorum.
344 1496 507 1540 Deinde
535 1497 580 1539 in
603 1512 654 1540 eo
677 1496 796 1555 quod
818 1499 1007 1539 Joannes
1042 1495 1127 1538 ait:
1157 1514 1174 1536 (ι
1203 1495 1458 1549 ΒὶΧθιίιιιῐ,,

58 1583 79 1606 ))
112 1565 339 1625 Numquid
365 1575 408 1609 et
429 1575 477 1609 tu
495 1582 545 1609 ex
582 1564 806 1624 Discipulis
831 1566 921 1624 ejus
943 1566 1018 1607 es?
1044 1584 1062 1605 »
1096 1563 1216 1624 quod
1244 1564 1442 1608 redeunti

56 1644 98 1679 et
120 1636 250 1679 stanti
283 1634 449 1679 dictum
476 1634 758 1693 intelligimus
777 1669 786 1687 ,
811 1635 895 1678 hoc
931 1650 1109 1693 quoque
1140 1634 1438 1688 confirmatur,

56 1721 145 1750 non
167 1705 286 1749 illam
310 1715 479 1749 tantum
503 1705 676 1748 alteram
700 1703 914 1757 ancillam,
937 1720 1067 1763 quam
1099 1712 1444 1748 commemorant

54 1776 101 1818 in
130 1776 212 1819 hac
238 1774 427 1819 secunda
457 1775 687 1832 negatione
723 1775 955 1818 Matthaeus
990 1783 1032 1816 ct
1067 1777 1237 1817 Marcus
1259 1809 1269 1826 ,
1297 1774 1372 1816 sed
1401 1782 1444 1816 et

57 1845 188 1889 alium
212 1861 343 1905 quem
376 1854 687 1889 commemorat
720 1848 857 1888 Lucas
877 1879 888 1898 ,
926 1860 1025 1888 cum
1051 1848 1176 1887 Petro
1207 1844 1251 1886 id
1278 1844 1440 1902 egisse3

56 1916 176 1960 unde
208 1918 397 1960 Joannes
429 1915 534 1959 dicit
555 1951 565 1969 ,
599 1935 618 1956 «
645 1915 855 1958 Dixerunt
888 1930 990 1972 ergo
1030 1915 1083 1957 ei.
1114 1934 1132 1955 »
1171 1918 1445 1972 Quapropter

58 1987 145 2031 sive
167 1996 448 2046 posteaquam
467 1985 543 2030 illo
568 1995 750 2030 exeunte
786 1985 892 2029 dixit
910 1985 1064 2029 ancilla
1086 1985 1151 2029 his
1171 2021 1181 2039 ,
1202 1985 1278 2044 qui
1296 2000 1443 2028 secum

59 2065 181 2100 erant
201 2056 245 2099 in
269 2057 400 2111 atrio,
437 2075 455 2097 α
481 2056 592 2109 Quia
615 2057 685 2099 hic
708 2073 758 2099 ex
791 2056 874 2099 illis
903 2065 992 2109 est,
1023 2074 1042 2096 η
1080 2057 1162 2099 hoc
1193 2054 1342 2098 audito
1372 2054 1444 2097 ille

59 2141 275 2184 regressus
297 2135 386 2180 est,
412 2136 461 2169 ut
489 2141 533 2168 se
553 2126 673 2184 quasi
696 2134 901 2184 purgaret
924 2124 1144 2181 negando,
1182 2125 1292 2177 sive,
1324 2122 1446 2183 quod.

60 2204 124 2239 est
146 2194 419 2249 credibilius,
455 2210 543 2238 non
575 2193 740 2238 audivit
764 2193 870 2253 quid
904 2193 958 2237 de
986 2193 1060 2237 illo
1091 2193 1256 2237 dictum
1282 2191 1413 2236 fuerit
1431 2228 1442 2247 ,

61 2280 162 2309 cum
184 2263 296 2308 foras
319 2265 451 2307 exiret
468 2299 479 2318 ,
505 2273 548 2307 et
569 2273 852 2323 posteaquam
880 2263 1032 2318 rediit,
1059 2263 1262 2307 dixerunt
1305 2264 1343 2306 ei
1366 2279 1445 2306 an—

61 2333 159 2379 cilla
182 2343 225 2377 et
245 2332 318 2377 ille
332 2334 462 2388 alius,
481 2349 612 2393 quem
638 2336 775 2377 Lucas
805 2343 1116 2377 commemorat
1136 2368 1146 2387 ,
1177 2352 1195 2373 «
1223 2333 1448 2392 Numquid

65 2422 86 2445 »
121 2412 165 2448 et
185 2413 234 2447 tu
256 2419 305 2447 ex
328 2402 554 2463 Discipulis
576 2403 666 2460 ejus
689 2405 767 2446 es?
801 2413 844 2446 et
868 2403 975 2447 dixit
997 2419 1007 2446 :
1029 2405 1125 2447 Non
1142 2418 1237 2446 sum
1260 2422 1267 2446 :
1295 2421 1315 2444 η
1347 2419 1448 2462 per-

62 2474 244 2518 tinacius
265 2474 487 2518 insistente
509 2473 583 2517 illo
601 2508 611 2527 ,
637 2473 691 2516 de
713 2489 801 2533 quo
826 2477 963 2516 Lucas
988 2474 1046 2516 ait
1064 2508 1074 2527 ,
1097 2482 1228 2532 atque
1246 2471 1418 2517 dicente
1437 2493 1445 2517 ε

66 2563 87 2586 «
119 2546 176 2587 Et
198 2553 247 2587 tu
260 2542 315 2587 de
328 2543 411 2587 illis
427 2545 500 2588 es?
515 2562 534 2584 »
556 2543 626 2586 cui
642 2546 793 2586 Petrus
812 2544 870 2586 ait
892 2563 900 2587 :
923 2563 942 2584 «
961 2545 997 2586 O
1019 2544 1165 2596 bomo,
1187 2558 1276 2585 non
1293 2559 1404 2586 sum.
1425 2561 1446 2584 »

62 2613 249 2674 Liquido
283 2625 429 2658 tamen
465 2613 683 2672 colligitur
706 2648 717 2668 ,
750 2612 917 2657 collatis
954 2613 1009 2657 de
1046 2614 1127 2656 hac
1169 2628 1214 2656 re
1245 2613 1449 2658 omnibus
