1819 3301
345 237 630 273 QUAEs‘rmNUM
663 234 1029 275 EVANGELIORUM,
1065 237 1146 263 Lm.
1182 239 1230 264 11.
1386 228 1465 266 351

87 299 403 356 tribulationis,
429 310 471 346 et
502 317 554 345 ex
575 301 658 345 illis
680 303 754 362 qui
789 311 890 346 sunt
916 302 961 345 in
999 302 1087 346 otio
1114 321 1122 346 :
1146 311 1188 345 et
1210 317 1261 345 ex
1284 302 1365 346 illis
1393 304 1470 362 qui

84 379 185 414 sunt
214 371 259 414 in
284 372 465 430 negotiis
499 372 676 427 saeculi,
711 382 754 417 et·
784 388 835 416 ex
867 371 949 416 illis
984 372 1060 433 qui
1094 375 1184 417 Deo
1220 373 1473 419 ministrant

84 440 130 484 in
160 440 378 498 Ecclesia,
418 442 551 502 aliqui
574 452 856 502 permanent,
886 442 1021 503 aliqui
1050 443 1215 487 cadunt
1241 462 1250 487 z
1275 443 1351 503 qui
1369 459 1471 502 per-

85 521 263 556 manent
275 521 569 568 assumuntur,
585 513 660 572 qui
674 512 838 558 cadunt
853 513 1176 572 relinquuntur.
1188 516 1303 572 Ergo
1315 534 1335 556 «
1349 516 1470 558 Unus

87 599 107 623 »
139 592 405 638 assumetur,
432 593 476 628 et
501 599 613 627 unus
633 583 924 644 relinquetur,
956 604 975 626 »
998 601 1088 630 non
1112 586 1235 646 quasi
1264 585 1318 629 de
1349 585 1465 630 duo-

87 653 169 698 bus
191 655 441 699 hominibus
463 654 629 699 dictum
651 665 736 711 est,
776 656 851 699 sed
873 655 927 700 de
949 657 1124 701 duobus
1151 657 1381 716 generibus
1404 656 1472 701 af-

88 722 344 781 fectionum,
363 726 409 769 in
430 726 605 784 singulis
627 727 858 786 generibus
879 727 1008 770 trium
1030 727 1359 786 professionum.
1383 748 1402 769 «
1422 731 1473 772 In

91 813 111 837 n
146 795 219 840 illa
241 812 343 855 ergo
366 807 492 841 nocte
515 817 531 839 n
550 799 679 853 dixit,
704 798 749 841 in
773 797 847 841 illa
873 798 1170 842 tribulatione.

147 870 204 911 ΙΙ.
236 868 306 911 Ad
337 869 428 927 ipsa
464 869 542 912 tria
585 884 739 926 genera
773 885 872 929 quae
909 879 1214 923 assumuntur,
1259 869 1474 929 pertinere

87 938 272 983 arbitror
294 940 423 983 etiam
447 940 526 983 tria
549 939 621 983 illa
645 935 820 984 nomina
854 942 1044 985 virorum
1067 950 1312 985 sanctorum
1331 976 1341 995 ‚
1363 956 1472 1001 quos

87 1008 198 1054 solos
218 1010 467 1055 liberandos
489 1012 689 1056 Ezechiel
714 1012 922 1071 propheta
948 1013 1227 1071 pronuntiat,
1252 1015 1359 1062 Noe,
1386 1016 1473 1056 Da-

85 1080 173 1124 niel
208 1091 251 1125 et
284 1082 412 1127 Job1.
440 1082 622 1127 Videtur
657 1085 773 1127 enim
796 1085 887 1128 Noe'
923 1084 1138 1142 pertinere
1167 1083 1221 1127 ad
1257 1099 1328 1128 eos
1348 1119 1359 1139 ,
1397 1099 1474 1143 per

86 1169 195 1213 quos
217 1153 408 1198 Ecclesia
430 1155 594 1213 regitur
615 1175 626 1212 3
650 1155 762 1199 sicut
783 1170 860 1214 per
892 1154 1016 1198 illum
1040 1155 1086 1198 in
1108 1155 1232 1214 aquis
1262 1170 1358 1198 arca
1393 1170 1474 1212 gu-

86 1225 264 1269 bernata
287 1229 397 1281 est2,
421 1240 521 1286 quae
551 1226 733 1284 figuram
756 1226 952 1284 gestabat
973 1225 1191 1270 Ecclesiae.
1218 1225 1370 1270 Daniel
1392 1241 1473 1269 au-

86 1305 173 1340 tem
190 1331 201 1352 ,
225 1297 303 1357 qui
335 1296 466 1356 elegit
497 1296 691 1340 caelibem
728 1298 876 1351 vitam,
902 1297 947 1340 id
970 1307 1062 1352 est,
1086 1300 1259 1356 nuptias
1284 1295 1473 1341 terrenas

88 1369 362 1428 contempsit,
379 1378 430 1412 ut
445 1369 557 1413 sicut
576 1367 683 1412 dicit
706 1369 936 1428 Apostolus
949 1403 959 1423 ,
985 1369 1075 1412 sine
1097 1368 1388 1412 sollicitudine
1408 1367 1474 1411 vi-

89 1448 223 1494 veret,
244 1441 437 1498 cogitans
454 1455 553 1499 quae
571 1449 672 1484 sunt
696 1440 813 1494 Dei3,
841 1454 975 1497 genus
1001 1454 1151 1483 eorum
1174 1438 1383 1496 significat
1399 1438 1476 1497 qui

89 1510 252 1553 suntin
270 1511 358 1554 otio
375 1545 385 1565 ,
412 1510 487 1555 sed
504 1520 647 1554 tamen
670 1510 890 1554 fortissimi
907 1511 951 1553 in
974 1509 1287 1554 tentationibus
1311 1517 1475 1568 utpos-

89 1581 174 1624 sint
194 1581 367 1625 assumi.
390 1581 475 1626 Job
509 1591 653 1625 autem
676 1582 778 1641 quia
807 1597 985 1624 uxorem
1017 1590 1060 1624 et
1094 1580 1204 1624 filios
1226 1580 1402 1633 habuit,
1432 1588 1476 1623 et

88 1651 252 1710 amplas
265 1661 532 1695 terrenarum
551 1668 693 1695 rerum
708 1652 851 1711 copias
864 1654 895 1705 ⁴¹,
913 1651 967 1695 ad
985 1651 1094 1694 illud
1110 1666 1244 1709 genus
1270 1651 1471 1709 pertinet,

89 1722 159 1765 cui
173 1721 472 1765 molendinum
483 1722 739 1781 deputatum
753 1733 833 1775 est,
849 1722 923 1766 sed
938 1731 1081 1765 tamen
1094 1732 1142 1765 ut
1157 1722 1242 1765 sint
1254 1722 1475 1765 fortissimi

89 1792 135 1836 in
167 1793 503 1847 tentationibus,
546 1793 657 1837 sicut
679 1792 751 1837 ille
774 1792 879 1850 fuit,
914 1809 1003 1837 non
1026 1793 1143 1836 enim
1172 1792 1295 1836 aliter
1318 1792 1476 1835 assumi

90 1873 310 1922 poterunt.v
338 1867 426 1909 Nec
458 1873 565 1923 puto
600 1879 690 1907 esse
732 1863 814 1907 alia
849 1880 1005 1922 genera
1048 1863 1277 1907 hominum
1314 1863 1475 1921 quibus

89 1943 259 1978 constat
282 1935 489 1988 Ecclesia,
514 1950 645 1994 quam
666 1935 743 1977 ista
766 1935 844 1978 tria
862 1969 872 1988 ,
900 1935 1103 1978 habentia
1129 1933 1250 1977 binas
1269 1933 1478 1977 differen-

92 2005 198 2059 tias,
235 2015 411 2064 propter
443 2006 782 2065 assumptionem
806 2015 848 2049 et
884 2004 1180 2061 relictionem,
1214 2003 1410 2063 quamvis
1432 2004 1476 2047 in

92 2076 268 2135 singulis
291 2076 442 2120 multae
477 2076 718 2120 studiorum
743 2076 1109 2135 voluntatumque
1143 2074 1363 2118 diversitas
1385 2108 1396 2127 ,
1423 2072 1477 2116 acl

92 2146 368 2191 concordiam
411 2157 555 2191 tamen
592 2148 892 2207 unitatemque
931 2154 1239 2191 concurrentes
1257 2179 1268 2198 ,
1312 2143 1477 2203 possint

93 2233 291 2261 mvenm.

141 2319 150 2335 ¹
179 2312 294 2345 Ezech.
324 2323 391 2354 xw,
422 2311 471 2354 14.
494 2330 534 2334 —
561 2319 573 2335 ²
593 2315 670 2346 Gen.
698 2323 753 2353 vu,
772 2312 807 2354 6,
828 2317 894 2344 etc.
920 2328 962 2334 -—
991 2309 1004 2334 3
1027 2323 1037 2343 1
1062 2313 1134 2343 Cor.
1156 2322 1214 2349 vn,
1240 2310 1292 2342 32.
1313 2307 1385 2338 —4
1401 2309 1474 2341 aob.

90 2379 116 2410 1,-
148 2368 220 2399 1-3.
