1819 3301
356 275 440 314 396
793 290 825 314 s.
865 287 1094 313 AUGUsTINI
1128 285 1308 313 EPIScol‘i

355 367 545 407 merum,
567 367 813 396 mensuram
828 388 838 407 ,
864 352 942 395 nisi
966 366 1043 410 per
1065 350 1174 396 illud
1198 353 1394 396 Verbum
1412 361 1475 396 est
1491 388 1501 408 ,
1527 361 1570 397 et
1590 354 1643 397 ab
1668 354 1743 399 illo

355 423 499 467 Verbo
529 432 747 477 creatore,
775 423 844 466 cui
866 422 1032 466 dictum
1059 431 1122 466 est
1149 442 1157 467 ε
1187 442 1207 464 «
1235 423 1392 466 Omnia
1416 423 1461 466 in
1484 438 1684 468 mensura
1702 433 1744 467 et

356 513 376 537 n
412 510 594 538 numero
616 503 658 537 et
676 494 870 553 pondere
888 493 1135 552 disposuisti
1157 495 1189 537 1.
1220 512 1239 535 »

410 568 528 609 XIV.
555 568 691 609 Nemo
713 580 816 624 ergo
847 581 922 610 vos
948 564 1070 609 fallat
1087 600 1097 619 ,
1123 564 1301 626 quando
1322 564 1434 610 forte
1457 566 1638 610 taedium
1663 582 1743 626 pa-

352 635 491 679 timini
511 634 565 678 ad
586 650 770 680 muscas.
794 636 970 680 Etenim
994 635 1127 696 aliqui
1152 635 1281 679 derisi
1304 644 1408 680 sunt
1425 651 1448 679 a
1471 636 1647 680 diabolo
1664 672 1674 692 ,
1701 647 1744 681 et

352 705 404 749 ad
442 720 608 749 muscas
635 707 751 765 capti
784 715 900 750 sunt.
946 705 1095 750 Solent
1123 706 1239 749 enim
1278 721 1468 765 aucupes
1505 721 1667 765 ponere
1697 708 1744 751 in

350 775 593 835 muscipula
630 792 821 832 muscas,
849 786 899 820 ut
921 776 1159 820 esurientes
1183 791 1280 820 aves
1303 775 1522 835 decipiant
1557 796 1566 820 ;
1604 778 1662 821 sic
1700 788 1744 822 et

347 847 418 890 isti
441 848 495 891 ad
520 862 686 891 muscas
713 863 735 891 a
769 847 945 892 diabolo
981 847 1155 906 decepti
1186 856 1303 890 sunt.
1337 849 1444 890 Nam
1478 847 1623 891 nescio
1646 849 1743 907 quis

348 918 527 961 taedium
550 919 799 977 patiebatur
828 919 882 963 ad
905 933 1075 963 muscas
1104 939 1111 961 :
1145 919 1314 963 invenit
1331 918 1456 962 illum
1475 920 1743 964 Manichaeus

349 989 480 1033 taedio
499 989 705 1034 affectum
733 1010 742 1035 :
769 999 812 1034 et
832 1005 934 1034 cum
958 989 1122 1033 diceret
1145 1005 1188 1034 se
1211 1005 1300 1034 non
1324 1006 1448 1050 posse
1466 992 1554 1049 pati
1576 1006 1742 1035 muscas

348 1069 391 1103 et
413 1059 552 1104 odisse
570 1062 851 1106 vehementer
872 1059 980 1115 illas,
1002 1061 1146 1104 statim
1172 1059 1244 1104 ille
1274 1080 1282 1105 2
1309 1061 1415 1113 Quis
1438 1060 1541 1105 fecit
1561 1061 1667 1104 has‘?
1686 1064 1742 1106 Et

348 1131 450 1190 quia
476 1130 604 1175 taedio
637 1132 820 1175 affectus
853 1140 966 1186 erat,
999 1140 1042 1175 et
1069 1131 1220 1175 oderat
1255 1131 1349 1175 illas
1368 1167 1379 1186 ,
1412 1147 1501 1175 non
1523 1147 1652 1175 ausus
1679 1141 1742 1176 est

348 1200 518 1256 dicere,
544 1204 658 1245 Deus
691 1201 784 1245 illas
806 1201 908 1245 fecit
937 1221 944 1246 :
977 1210 1068 1245 erat
1098 1210 1244 1245 autem
1267 1201 1521 1245 catholicus.
1553 1201 1630 1245 Ille
1662 1211 1741 1246 sta-

347 1272 425 1316 tim
460 1273 670 1332 subjecit,
715 1274 757 1317 Si
793 1276 907 1317 Deus
944 1272 1038 1317 illas
1073 1288 1163 1316 non
1202 1272 1332 1327 fecit,
1372 1274 1467 1332 quis
1495 1273 1587 1315 illas
1609 1272 1742 1316 fecit?

347 1341 504 1396 Plane,
531 1344 589 1386 ait
611 1343 684 1386 ille
702 1379 712 1397 ,
738 1359 818 1401 ego
844 1342 974 1386 credo
998 1343 1098 1402 quia
1123 1342 1325 1386 diabolus
1348 1342 1450 1386 fecit
1474 1358 1656 1386 muscas.
1684 1346 1741 1388 Et

345 1412 419 1456 ille
440 1414 583 1457 statim
599 1449 609 1467 ,
638 1414 680 1458 Si
702 1429 895 1457 muscam
919 1412 1119 1456 diabolus
1139 1412 1264 1467 fecit,
1290 1414 1401 1457 sicut
1423 1423 1465 1457 te
1488 1414 1615 1458 video
1641 1429 1739 1457 con-

344 1484 457 1527 fiteri
477 1519 487 1538 ,
521 1484 623 1544 quia
651 1484 889 1543 prudenter
920 1483 1125 1541 intelligis
1144 1519 1154 1538 ,
1190 1500 1316 1543 apem
1346 1485 1442 1544 quis
1470 1483 1601 1539 fecit,
1639 1500 1738 1544 quae

344 1554 476 1613 paulo
501 1554 685 1614 amplior
709 1564 773 1598 est
795 1570 942 1609 musca
959 1556 976 1596 ⁵?
1000 1557 1096 1599 Non
1120 1569 1250 1598 ausus
1267 1554 1341 1598 ille
1363 1564 1428 1598 est
1444 1554 1609 1610 dicere,
1637 1556 1738 1615 quia

346 1627 459 1668 Deus
492 1623 594 1669 fecit
628 1641 780 1685 apem,
814 1634 857 1668 et
892 1640 1086 1668 muscam
1120 1639 1209 1668 non
1242 1624 1379 1669 fecit:
1419 1626 1520 1685 quia
1546 1641 1612 1669 res
1647 1635 1738 1670 erat

344 1698 554 1756 proxima.
582 1698 649 1741 Ab
674 1714 753 1757 apc
781 1697 905 1741 duxit
935 1697 990 1740 ad
1017 1696 1230 1740 locustam
1247 1731 1257 1747 ,
1284 1713 1307 1740 a
1337 1697 1503 1741 locusta
1526 1697 1580 1740 ad
1602 1695 1738 1740 lacer-

343 1777 437 1813 tum
456 1804 465 1822 ,
491 1784 513 1811 u
535 1769 695 1813 lacerto
717 1769 772 1812 ad
795 1784 916 1812 avem
934 1803 944 1823 ,
973 1768 1027 1811 ab
1051 1783 1128 1812 ave
1152 1767 1276 1811 duxit
1297 1768 1351 1811 ad
1372 1783 1504 1827 pecus
1525 1802 1535 1821 ,
1561 1766 1663 1810 inde
1682 1766 1737 1811 ad

344 1840 498 1883 bovem
516 1875 526 1893 ,
553 1840 656 1883 inde
679 1840 733 1883 ad
755 1839 1055 1899 elephantem,
1090 1848 1309 1899 postremo
1339 1839 1394 1883 ad
1415 1839 1635 1883 hominem
1660 1858 1668 1882 z
1693 1848 1736 1882 et

342 1910 554 1968 persuasit
573 1910 752 1963 homini,
771 1911 872 1969 quia
892 1926 981 1953 non
1000 1926 1020 1953 a
1048 1912 1136 1954 Deo
1159 1909 1299 1953 factus
1320 1918 1383 1953 est
1402 1909 1550 1953 homo.
1583 1912 1645 1952 lta
1662 1908 1735 1952 ille

342 1979 470 2022 miser
491 1994 591 2022 cum
620 1979 798 2022 taedium
833 1994 980 2038 passus
1014 1988 1078 2022 est
1112 1979 1166 2022 ad
1193 1994 1383 2033 muscas,
1414 1993 1558 2021 musca
1594 1977 1734 2022 sactus

342 2060 426 2105 est,
460 2066 591 2110 quem
620 2050 818 2094 diabolus
848 2050 1098 2109 possideret.
1134 2050 1381 2093 Beelzebub
1414 2050 1576 2108 quippe
1605 2048 1733 2093 inter-

341 2122 500 2180 pretari
524 2122 683 2165 dicitur
716 2122 914 2180 princeps
937 2135 1183 2163 muscarum
1212 2140 1220 2164 ε
1255 2120 1309 2163 de
1338 2120 1498 2179 quibus
1522 2119 1730 2178 scriptum

342 2201 404 2236 est
429 2212 437 2236 2
467 2212 486 2233 «
510 2195 671 2236 Muscae
696 2191 917 2235 moriturae
935 2190 1222 2233 exterminant
1245 2189 1389 2233 oleum
1408 2189 1677 2233 suavitatis2.
1707 2207 1726 2229 »

400 2264 495 2305 XV.
519 2262 631 2314 Quid
651 2262 804 2319 igitur,
832 2260 983 2304 {ratres
1002 2295 1012 2313 ,
1041 2275 1175 2319 quare
1195 2260 1273 2303 ista
1297 2259 1417 2303 dixi?
1438 2259 1641 2303 Claudite
1659 2275 1729 2302 au-

340 2348 407 2376 res
435 2332 576 2376 cordis
599 2332 727 2376 vestri
760 2330 963 2375 adversus
993 2329 1116 2374 dolos
1138 2330 1300 2373 inimici
1334 2350 1342 2374 :
1378 2329 1605 2386 intelligite
1627 2329 1728 2388 quia

341 2407 455 2447 Deus
491 2402 592 2447 fecit
618 2402 762 2446 omnia
780 2437 790 2456 ,
822 2411 864 2445 et
894 2402 938 2444 in
965 2401 1050 2444 suis
1074 2400 1279 2457 gradibus
1308 2399 1550 2444 collocavit.
1585 2402 1728 2452 Quare

342 2483 485 2517 autem
510 2472 701 2532 patimur
723 2471 861 2515 multa
884 2471 996 2514 mala
1023 2486 1045 2513 a
1070 2480 1267 2514 creatura
1303 2485 1434 2525 quam
1457 2469 1560 2513 fecit
1582 2471 1728 2512 Deus?

343 2544 440 2603 quia
458 2542 722 2587 offendimus
744 2545 880 2584 Deum
895 2544 912 2582 ἱ)
934 2540 1159 2600 Numquid
1186 2541 1280 2584 haec
1299 2538 1452 2598 Angeli
1471 2539 1728 2598 patiuntur?

391 2635 398 2651 ¹
416 2630 489 2671 Sap.
509 2640 553 2667 xi,
572 2637 627 2661 21.
644 2646 684 2651 —
706 2635 717 2651 ²
738 2627 836 2660 Eceli.
856 2638 887 2667 x,
909 2638 934 2657 1.
