1819 3301
348 295 390 320 m
425 294 598 321 Joanms
631 293 942 330 EvAncssLmM,
982 293 1126 320 amer.
1162 296 1228 320 111.
1396 284 1477 324 419

99 372 271 400 onmem
291 357 582 402 illuminatum
603 377 610 401 :
636 357 846 417 siquidem
873 366 972 401 ante
994 372 1168 402 omnem
1185 357 1478 403 illuminatum

99 427 152 470 sit
175 442 345 471 necesse
368 436 455 480 est,
488 443 511 470 a
529 440 617 487 quo
637 427 941 470 illuminantur
965 443 1114 471 omnes
1147 428 1219 487 qui
1244 427 1480 472 illuminari

44 548 51 549 ἶ
106 506 302 555 possunt.

159 568 277 609 VIII.
304 564 407 609 Ideo
430 566 511 610 hoc
538 566 735 625 sequitur
761 585 768 609 :
799 569 895 609 «Et
917 566 971 609 de
993 566 1263 625 plenitudine
1285 569 1375 627 ejus
1404 583 1483 613 nos

103 655 122 677 »
158 651 307 680 omnes
328 637 610 695 accepimus².
636 654 655 676 »
681 636 797 688 Quid
815 637 1061 695 accepistis?
1088 657 1106 678 «
1132 641 1188 681 Et
1210 639 1387 695 gratiam
1404 654 1481 698 pro

103 724 123 746 »
158 707 307 764 gratia.
348 726 366 747 »
396 707 464 751 Sic
501 707 617 749 enim
651 707 814 749 habent
851 707 983 750 verba
1013 708 1288 765 evangelica,
1326 709 1483 753 collata

100 792 201 821 cum
233 777 547 837 exemplaribus
582 778 744 835 graecis.
785 779 882 822 Non
905 778 997 824 aitz
1032 781 1089 822 Et
1124 779 1178 822 de
1212 780 1484 838 plenitudine

100 849 189 907 ejus
211 864 289 892 nos
321 863 468 891 omnes
504 848 771 907 accepimus,
804 848 983 905 gratiam
1014 865 1092 908 pro
1128 850 1262 908 gratia
1289 870 1297 894 :
1329 850 1404 894 sed
1425 851 1484 894 sic

101 919 158 962 ait
184 937 192 962 :
222 938 241 960 «
269 921 323 962 Et
358 919 412 962 de
435 918 708 977 plenitudine
745 919 834 978 ejus
857 935 934 963 nos
968 935 1115 963 omnes
1147 921 1388 979 accepimus
1406 957 1416 975 ‚
1441 931 1485 965 et

104 1007 122 1029 »
159 989 336 1046 gratiam
356 1004 434 1047 pro
457 989 613 1046 gratia,
643 1007 662 1029 »
681 988 726 1032 id
742 998 826 1043 est,
847 989 1090 1048 accepimus
1117 1010 1126 1034 2
1146 1000 1194 1034 ut
1216 992 1359 1035 nescio
1377 991 1485 1050 quid

100 1055 177 1102 1103
200 1057 386 1102 voluerit
418 1058 658 1117 intelligere
679 1059 733 1102 de
754 1058 1028 1117 plenitudine
1060 1061 1151 1119 ejus
1175 1062 1384 1119 accepisse
1404 1083 1414 1118 3
1442 1071 1486 1105 et

102 1129 277 1188 insuper
307 1129 486 1187 gratiam
513 1144 592 1188 pro
614 1130 762 1186 gratia.
790 1129 1046 1187 Accepimus
1068 1131 1183 1173 enim
1209 1131 1262 1173 de
1289 1131 1484 1189 plenitu-

101 1198 202 1242 dine
226 1200 339 1258 ejus,
369 1199 509 1258 primo
533 1199 737 1256 gratiam3
762 1207 804 1241 et
826 1214 996 1242 rursum
1012 1200 1255 1258 accepimus
1286 1201 1481 1259 gratiam,

103 1270 281 1328 gratiam
305 1285 383 1328 pro
407 1270 556 1328 gratia.
588 1274 725 1322 Quam
752 1269 932 1327 gratiam
961 1270 1101 1328 primo
1135 1271 1406 1329 accepimus?
1433 1273 1485 1314 fi-

102 1342 217 1384 dem.
234 1344 284 1384 In
302 1340 389 1384 fide
402 1340 695 1395 ambulantes,
712 1340 757 1383 in
771 1340 905 1398 gratia
919 1340 1206 1384 ambulamus.
1226 1343 1349 1385 Unde
1369 1343 1486 1385 enim

104 1412 185 1456 hoc
208 1412 470 1455 meruimus?
486 1412 645 1471 quibus
657 1410 812 1454 nostris
831 1409 1176 1468 praecedentibus
1190 1413 1485 1457 meritis‘ZNon

102 1496 146 1524 se
163 1482 345 1541 quisque
367 1481 634 1539 compalpet,
662 1479 808 1523 redeat
825 1480 869 1522 in
890 1481 1197 1524 conscientiam
1217 1497 1355 1536 suam,
1371 1498 1487 1542 quae-

102 1560 168 1594 rat
187 1551 374 1595 latebras
400 1551 713 1609 cogitationum
735 1566 934 1604 suarum,
960 1550 1107 1594 redeat
1142 1551 1197 1594 ad
1218 1552 1371 1595 seriem
1391 1552 1485 1596 fac-

102 1630 244 1665 torum
264 1636 440 1664 suorum
459 1636 574 1665 :non
598 1619 793 1663 attendat
815 1619 921 1679 quid
943 1620 1019 1674 sit,
1050 1621 1082 1663 si
1097 1621 1185 1679 jam
1209 1621 1374 1680 aliquid
1391 1631 1481 1679 est3

103 1691 177 1735 sed
200 1690 306 1751 quid
325 1689 483 1745 fuerit,
509 1703 557 1734 ut
584 1700 693 1734 esset
704 1689 895 1750 aliquid,
921 1690 1109 1734 inveniet
1129 1707 1218 1734 non
1237 1707 1280 1735 se
1302 1692 1484 1750 dignum

103 1761 232 1805 fuisse
266 1761 347 1805 nisi
380 1761 607 1821 supplicio.
643 1761 684 1805 Si
712 1776 814 1818 ergo
846 1760 1057 1819 supplicio
1087 1760 1243 1819 dignus
1274 1760 1415 1817 fuisti,
1441 1772 1484 1805 et

102 1832 223 1876 venit
244 1830 316 1875 ille
344 1833 419 1892 qui
441 1848 530 1876 non
549 1841 722 1890 peccata
747 1831 942 1889 puniret,
977 1830 1051 1874 sed
1074 1841 1246 1889 peccata
1274 1831 1483 1889 donaret3

104 1901 237 1959 gratia
269 1902 349 1945 tibi
372 1901 472 1945 data
507 1911 591 1955 est,
624 1908 713 1944 no'n
736 1915 897 1943 merces
932 1899 1114 1943 reddita.
1152 1900 1277 1943 Unde
1306 1911 1486 1945 vocatur

105 1973 265 2030 gratia?
286 1971 387 2031 quia
424 1972 552 2030 gratis
588 1971 730 2014 datur.
759 1973 855 2014 Non
882 1970 996 2013 enim
1028 1969 1374 2028 praecedentibus
1395 1987 1487 2015 me-

105 2041 196 2085 ritis
217 2041 357 2090 emisti
375 2041 496 2100 quod
518 2040 732 2099 accepisti.
752 2042 875 2083 Hanc
898 2054 998 2096 ergo
1020 2039 1185 2098 accepit
1207 2038 1385 2096 gratiam
1404 2042 1488 2100 pri-

105 2128 219 2156 mam
257 2121 458 2171 peccator
475 2148 484 2166 ‚
511 2121 560 2156 ut
582 2113 672 2171 ejus
695 2120 870 2170 peccata
893 2110 1228 2153 dimitterentur.
1255 2111 1369 2163 Quid
1392 2127 1485 2155 me-

106 2183 222 2226 ruit?
251 2185 493 2241 Interroget
532 2181 770 2241 justitiam,
809 2180 974 2223 invenit
1006 2194 1181 2238 poenam
1214 2199 1222 2223 ;
1253 2180 1488 2239 interroget

105 2253 466 2308 misericordiam,
492 2253 658 2296 invenit
696 2251 889 2309 gratiam.
923 2251 1007 2294 Sed
1038 2251 1120 2293 hoc
1158 2258 1200 2293 et
1235 2251 1489 2309 promiserat

108 2328 221 2369 Deus
244 2341 320 2384 per
337 2325 574 2383 Prophetas
594 2343 602 2368 :
629 2324 776 2383 itaque
797 2337 897 2365 cum
919 2321 1037 2364 venit
1059 2320 1160 2364 dare
1177 2321 1296 2381 quod
1328 2324 1490 2381 promi-

109 2405 220 2439 serat
241 2416 251 2453 3
273 2411 361 2439 non
388 2395 527 2439 solum
551 2395 728 2452 gratiam
751 2392 872 2437 dedit
892 2427 901 2445 ‚
923 2391 996 2435 sed
1030 2401 1072 2435 et
1107 2392 1345 2436 veritatem.
1371 2396 1491 2446 Quo-

110 2467 243 2511 modo
264 2467 454 2510 exhibita
475 2476 538 2510 est
554 2466 739 2510 veritas?
758 2465 860 2524 quia
883 2462 1045 2507 factum
1070 2472 1134 2507 est
1165 2463 1285 2523 quod
1309 2466 1492 2522 promis-

111 2553 207 2582 sum
229 2547 307 2582 est.

163 2625 278 2654 'Joan
301 2633 324 2662 1,
348 2622 398 2653 16.

1238 2672 1304 2709 27,
