1819 3301
280 224 333 251 DE
365 222 574 252 consnnsu
605 218 1015 262 numanus-fnum,
1050 223 1132 251 Lm,
1168 225 1233 250 111.
1397 213 1452 252 33

73 297 168 333 tum
189 288 400 333 haberent
418 288 471 333 de
492 288 678 334 Domino
701 288 984 349 quaestionem
1007 309 1017 347 3
1043 296 1118 333 aut
1138 288 1184 332 in
1213 287 1344 333 domo
1362 290 1455 349 ejus

71 359 202 404 fuisse
222 361 472 420 praetorium
499 379 508 405 z
534 369 681 405 tamen
708 359 762 405 ad
785 361 927 421 ipsum
949 360 1004 404 ab
1033 359 1156 404 initio
1179 359 1423 404 ducebatur
1440 395 1452 416 ,

71 430 126 475 ad
147 447 278 492 quem
293 432 338 476 in
355 440 547 476 extremo
563 432 801 491 perductus
821 442 899 477 est.
921 430 1005 477 Sed
1023 431 1223 492 quiajam
1244 440 1455 491 tanquam

69 501 319 547 convictum
339 517 462 547 reum
496 500 797 558 adducebant,
833 503 1015 562 Caiphae
1037 510 1183 546 autem
1200 502 1291 562 jam
1327 510 1454 546 antea

69 571 210 617 visum
232 571 376 617 fuerat
395 581 446 618 ut
467 575 589 617 Jesus
605 581 848 617 moreretur
865 607 876 628 ,
900 572 1022 618 nulla
1043 588 1164 618 mora
1198 572 1453 633 interposita

68 651 162 698 est,
188 643 295 703 quin
328 643 592 689 occidendus
623 642 762 688 Pilato
793 641 1051 687 traderetur.
1078 648 1183 697 Quae
1212 643 1343 702 igitur
1374 658 1453 703 per

69 712 254 757 Pilatum
278 730 377 759 cum
397 715 582 758 Domino
601 723 718 773 gesta
739 722 840 758 sunt
855 749 865 769 ‚
891 713 950 757 ita
971 714 1206 758 Matthaeus
1225 723 1386 758 narrat.

126 786 334 829 XXVIII.
359 788 422 830 Ac
456 785 643 844 primum
673 785 863 829 excurrit
894 784 997 828 inde
1016 819 1027 839 ,
1057 793 1107 828 ut
1141 794 1453 829 commemoret

66 854 229 898 exitum
252 854 380 899 Judae
402 854 643 911 traditoris,
663 870 793 916 quem
818 854 934 899 solus
956 855 1167 909 narravit,
1194 855 1252 899 ita
1269 854 1417 899 dicens
1439 874 1449 899 ι

69 942 89 966 «
126 928 248 970 Tunc
269 927 419 971 videns
440 925 573 970 Judas
594 961 605 981 ‚
630 927 705 986 qui
729 942 829 970 cum
851 926 1030 970 tradidit
1050 961 1060 981 ‚
1097 926 1199 986 quia
1222 926 1452 970 damnatus

67 1011 88 1035 »
124 1006 247 1050 essct,
266 997 524 1056 poenitentia
543 996 717 1051 ductus,
736 996 886 1040 retulit
904 997 1079 1055 triginta
1093 1005 1318 1055 argenteos
1332 997 1453 1055 prin-

0 1079 1 1116 ξ
67 1083 87 1106 »
122 1051 291 1125 cipihus
317 1068 591 1111 sacerdotum
613 1076 656 1110 et
673 1066 915 1110 senioribus
944 1065 1090 1110 dicens
1119 1086 1127 1111 :
1159 1067 1338 1111 Peccavi
1364 1076 1452 1111 tra-

0 1126 2 1181 ᾗ
65 1153 85 1177 »
121 1135 228 1180 dens
249 1137 504 1196 sanguinem
525 1138 708 1197 justum.
732 1139 788 1180 At
811 1135 1094 1179 illidixerunt
1110 1154 1119 1179 :
1137 1135 1253 1188 Quid
1271 1135 1326 1180 ad
1347 1139 1452 1181 nos?

65 1223 84 1246 »
121 1214 169 1249 tu
189 1206 360 1251 videris.
385 1210 442 1250 Et
465 1207 664 1266 projectis
679 1206 891 1266 argenteis
910 1206 955 1249 in
974 1205 1159 1265 templo,
1188 1207 1387 1264 recessit3
1408 1216 1451 1252 et

65 1293 84 1317 »
119 1276 266 1321 abiens
281 1312 292 1331 ‚
316 1276 474 1337 laqueo
496 1292 539 1321 se
567 1276 807 1337 suspendit.
835 1276 1054 1336 Principes
1076 1285 1221 1321 autem
1244 1276 1449 1321 sacerdo-

63 1364 83 1386 »
119 1355 230 1402 tum,
257 1349 443 1407 acceptis
466 1347 676 1405 argenteis
693 1382 703 1402 ,
725 1346 928 1391 dixerunt
955 1366 963 1391 :
988 1349 1086 1392 Non
1117 1346 1218 1390 licet
1247 1362 1319 1392 eos
1349 1348 1447 1392 mit-

62 1434 83 1458 »
118 1427 208 1462 tere
229 1420 275 1462 in
298 1419 536 1463 corbonam
553 1453 563 1473 ,
584 1419 685 1478 quia
707 1418 895 1477 pretium
914 1417 1134 1476 sanguinis
1149 1426 1227 1461 est.
1253 1418 1446 1463 Consilio

61 1505 81 1528 »
118 1497 263 1532 autem
286 1489 422 1543 inito,
460 1497 662 1532 emerunt
702 1504 752 1532 ex
776 1487 858 1532 illis
897 1503 1050 1546 agrum
1086 1486 1209 1545 figuli
1231 1487 1275 1531 in
1294 1488 1443 1548 sepul-

62 1575 81 1598 »
117 1566 257 1603 turam
280 1560 609 1618 peregrinorum
631 1578 640 1604 2
665 1567 843 1618 propter
863 1559 947 1602 hoc
964 1566 1145 1602 vocatus
1163 1566 1226 1601 est
1249 1574 1350 1617 ager
1372 1559 1445 1603 ille

60 1647 80 1669 »
117 1628 436 1673 Acheldemach
454 1664 465 1684 ‚
496 1630 579 1673 hoc
601 1638 663 1673 est
683 1664 693 1683 ,
718 1633 834 1686 Ager
855 1629 1076 1686 sanguinis
1093 1663 1103 1682 ‚
1129 1643 1269 1687 usque
1290 1629 1336 1672 in
1362 1630 1446 1674 ho—

61 1717 81 1740 »
116 1699 317 1744 diernum
349 1700 480 1744 diem.
520 1702 642 1743 Tunc
673 1698 903 1757 impletum
931 1707 995 1742 est
1026 1697 1146 1757 quod
1181 1697 1348 1742 dictum
1382 1709 1445 1744 est

60 1787 79 1810 »
109 1785 186 1829 per
208 1771 438 1814 Jeremiam
461 1770 719 1829 prophetam
742 1767 958 1812 dicentem
978 1787 987 1812 :
1008 1771 1064 1811 Et
1087 1779 1348 1828 acceperunt
1365 1771 1444 1814 tri-

61 1858 79 1880 »
115 1841 231 1898 ginta
254 1850 479 1898 argenteos
512 1839 699 1899 pretium
724 1838 984 1897 appretiati,
1016 1853 1147 1897 quem
1172 1840 1442 1898 appretiave-

64 1928 84 1950 »
120 1920 222 1954 runt
243 1911 320 1954 filii
342 1910 472 1954 Israel
491 1912 520 1964 ¹,
537 1919 580 1953 et
606 1908 822 1952 dederunt
839 1924 911 1953 eos
933 1909 979 1952 in
1000 1923 1151 1966 agrum
1174 1910 1312 1969 figuli,
1330 1912 1442 1956 sicut

58 1999 78 2022 »
113 1983 339 2026 constituit
362 1982 467 2025 mihi
489 1981 713 2025 Dominus.
738 1998 758 2021 »

112 2055 276 2096 XXIX.
306 2052 347 2097 si
369 2053 464 2111 quis
486 2060 631 2095 autem
655 2059 877 2105 movetur⁷
894 2049 1014 2110 quod
1036 2050 1120 2094 hoc
1142 2051 1438 2098 testimonium

54 2138 143 2167 non
165 2123 385 2167 invenitur
416 2123 462 2166 in
487 2122 706 2181 Scriptura
744 2121 942 2164 Jeremiae
977 2121 1228 2180 prophetae,
1260 2133 1303 2167 et
1338 2124 1437 2169 ideo

53 2202 179 2252 putat
212 2193 313 2237 fidei
336 2192 623 2251 Evangelistae
645 2190 810 2251 aliquid
831 2192 1131 2249 derogandum
1151 2227 1162 2246 ‚
1188 2193 1327 2251 primo
1355 2210 1436 2239 no-

52 2263 162 2307 verit
182 2279 271 2308 non
293 2278 441 2308 omnes
463 2263 632 2307 codices
664 2261 999 2319 Evangeliorum
1021 2262 1197 2318 habere,
1218 2265 1338 2323 quod
1359 2281 1436 2324 per

53 2334 283 2377 Jeremiam
301 2333 468 2377 dictum
496 2332 550 2376 sit
568 2366 579 2384 ,
608 2330 684 2375 sed
712 2331 1018 2375 tantummodo
1052 2346 1130 2390 per
1153 2334 1430 2391 Prophetam.

52 2406 277 2448 Possemus
298 2418 400 2462 ergo
415 2402 558 2447 dicere
570 2402 635 2445 his
648 2402 791 2461 potius
806 2401 1028 2445 codicibus
1043 2416 1132 2445 esse
1147 2402 1431 2463 credendum,

51 2474 127 2533 qui
163 2474 360 2519 Jeremiae
382 2487 544 2518 nomen
576 2487 666 2517 non
695 2471 861 2516 habent
896 2490 905 2517 :
933 2471 1101 2517 dictum
1129 2481 1193 2516 est
1214 2473 1330 2519 enim
1351 2476 1435 2522 hoc

100 2566 107 2582 ¹
125 2558 218 2592 Zach.
234 2571 276 2601 xi,
307 2569 357 2592 12.

238 2625 360 2656 exin.
1276 2615 1300 2654 3
