1819 3301
346 296 427 334 168
783 305 815 331 s.
852 304 1081 331 AUGUSTer
1117 303 1296 330 EP1scoi²1

343 389 432 418 non
454 373 570 417 enim
587 372 791 425 dimittit,
818 372 893 430 qui
919 385 1018 414 cum
1043 384 1090 412 ca
1116 384 1203 412 non
1226 367 1475 423 carnaliter,
1513 369 1588 412 sed
1610 369 1734 428 spiri-

343 445 486 489 taliter
518 444 624 487 vivit
651 464 657 487 :
685 453 727 486 et
753 442 862 485 illud
897 450 1091 484 servatur
1108 476 1118 494 ,
1144 441 1264 500 quod
1291 456 1367 500 pcr
1389 439 1649 499 Apostolum
1672 440 1736 484 di-

342 517 454 561 citur
480 534 488 559 :
519 534 538 555 «
560 513 795 572 Reliquum
818 521 909 567 est,
934 521 983 556 ut
1011 513 1086 572 qui
1108 512 1274 555 habent
1289 527 1475 567 uxores,
1502 511 1625 572 quasi
1643 526 1733 556 non

347 606 367 629 »
402 587 613 631 habentes
636 585 722 628 sint
741 586 773 627 ¹.
798 602 817 625 »

347 763 1696 783 WWMVwwm'tmwwmxmmfflmmwm‘mmmmwwlm'm
1703 765 1732 781 Ἃ

875 895 1092 944 CAPUT
1128 896 1237 944 XV.

402 1058 497 1100 XL.
525 1056 661 1098 ILLun
680 1052 817 1110 magis
838 1050 948 1095 solet
967 1050 1195 1095 sollicitare
1218 1050 1412 1094 animum
1434 1049 1735 1109 parvulorum,

344 1126 421 1187 qui
443 1134 591 1169 tamen
603 1121 843 1167 secundum
856 1131 1072 1181 praecepta
1091 1121 1250 1166 Christi
1259 1123 1351 1180 jam
1369 1121 1514 1165 vivere
1529 1121 1736 1180 gestiunt,

345 1196 466 1257 quod
489 1195 572 1240 alio
609 1195 707 1239 loco
739 1194 829 1252 ipse
853 1193 1062 1237 Dominus
1093 1192 1199 1237 dicit
1225 1212 1233 1237 :
1258 1211 1278 1233 «
1304 1192 1508 1253 Quisquis
1540 1193 1658 1237 venit
1686 1194 1742 1239 ad

347 1286 368 1309 »
405 1282 474 1310 me
492 1302 502 1320 ‚
527 1274 570 1309 et
592 1281 681 1310 non
704 1264 796 1308 odit
811 1273 976 1323 patrem
1000 1280 1127 1308 suum
1145 1299 1155 1318 ‚
1181 1273 1224 1307 et
1248 1272 1429 1307 matrem
1447 1298 1457 1317 ‚
1475 1272 1519 1307 et
1541 1278 1737 1318 uxorem,

351 1359 368 1380 »
405 1346 447 1381 et
467 1336 594 1391 filios,
611 1346 654 1380 et
673 1334 848 1390 fratres,
875 1344 916 1379 et
933 1350 1115 1389 sorores,
1134 1335 1308 1394 insuper
1326 1346 1369 1378 et
1387 1334 1578 1378 animam
1599 1350 1738 1390 suam,

351 1428 371 1450 »
407 1423 496 1452 non
520 1416 663 1466 potest
686 1422 808 1450 meus
830 1421 919 1449 esse
940 1404 1218 1464 discipulus2.
1246 1423 1266 1445 »
1293 1404 1441 1448 Videri
1459 1405 1576 1448 enim
1600 1414 1742 1464 potest

346 1477 614 1522 contrarium
637 1476 781 1520 minus
803 1474 1147 1533 intelligentibus
1167 1510 1178 1529 ,
1206 1474 1328 1534 quod
1349 1474 1418 1518 hic
1441 1483 1559 1518 vetat
1581 1474 1743 1519 dimitti

345 1562 527 1592 uxorem
543 1582 555 1601 ,
581 1554 758 1605 excepta
784 1560 912 1589 causa
935 1543 1231 1588 fornicationis
1249 1579 1260 1599 ‚
1295 1543 1399 1587 alibi
1424 1559 1525 1588 vero
1544 1545 1743 1604 Discipu-

344 1618 441 1662 lum
462 1632 590 1661 suum
609 1626 740 1675 negat
755 1631 844 1660 esse
860 1631 984 1675 posse
996 1630 1264 1675 quemquam
1279 1615 1356 1675 qui
1372 1630 1462 1659 non
1479 1615 1620 1660 oderit
1634 1628 1744 1660 uxo-

349 1704 455 1733 rem.
478 1688 605 1741 Quod
627 1688 661 1731 si
682 1697 859 1747 propter
877 1687 1163 1731 concubitum
1187 1686 1380 1741 diceret,
1406 1702 1496 1730 non
1513 1687 1643 1731 etiam
1666 1703 1744 1747 pa-

349 1769 482 1814 trem,
509 1768 552 1802 et
574 1766 757 1801 matrem
772 1792 782 1812 ,
804 1765 847 1801 et
867 1755 1019 1801 l'ratres
1041 1757 1087 1799 in
1100 1755 1252 1800 eadem
1270 1757 1520 1801 conditione
1542 1768 1739 1817 poneret.

353 1829 438 1875 Sed
456 1831 589 1888 quam
604 1842 753 1872 verum
769 1836 847 1881 est,
864 1826 1020 1880 «Quod
1034 1842 1217 1885 regnum
1231 1826 1445 1872 coelorum
1461 1827 1547 1871 vim
1562 1829 1741 1888 patitur,

352 1918 372 1940 »
409 1898 546 1958 etqui
568 1898 658 1943 vim
681 1896 846 1941 faciunt
868 1932 878 1951 ,
905 1897 1117 1956 diripiunt
1138 1896 1267 1940 illud³
1288 1932 1296 1941 .
1323 1916 1342 1938 »
1361 1900 1534 1950 Quanta
1563 1899 1678 1942 enim
1701 1899 1743 1943 vi

351 1985 459 2029 opus
484 1978 548 2014 est
568 2004 578 2023 ,
605 1978 654 2012 ut
676 1969 809 2012 horno
825 1967 979 2026 diligat
999 1967 1196 2011 inimicos
1214 2002 1224 2021 ‚
1251 1976 1294 2011 et
1316 1967 1455 2012 oderit
1476 1977 1645 2027 patrem
1663 2004 1674 2024 ,
1700 1978 1744 2014 et

348 2049 556 2094 matrem,
583 2048 625 2082 et
647 2053 847 2093 uxorem,
874 2047 917 2082 et
939 2037 1048 2081 filios
1069 2072 1080 2092 ,
1106 2038 1340 2082 etfratres?
1364 2041 1607 2098 Utrumque
1624 2039 1742 2084 enim

344 2110 498 2171 jubet,
525 2110 600 2169 qui
624 2108 679 2153 ad.
706 2124 889 2167 regnum
914 2107 1128 2153 coelorum
1150 2116 1291 2153 vocat.
1325 2111 1382 2152 Et
1403 2109 1626 2169 quomodo
1648 2110 1742 2155 haec

349 2197 440 2226 non
457 2182 542 2225 sint
565 2180 780 2224 contraria
804 2180 916 2223 inter
933 2195 976 2224 se
993 2215 1004 2234 ,
1022 2181 1113 2239 ipso
1131 2179 1242 2224 duce
1264 2181 1491 2225 ostendere
1506 2180 1632 2226 facile
1649 2191 1740 2241 est3

351 2252 426 2296 sed
449 2267 497 2296 ea
520 2250 741 2295 intellecta
767 2250 949 2310 implere
971 2250 1149 2294 dillieile
1177 2270 1185 2294 ε
1211 2267 1465 2310 quanquam
1488 2261 1531 2296 et
1552 2252 1636 2297 hoc
1665 2268 1741 2297 eo-

351 2323 450 2368 dem
474 2323 567 2382 ipso
596 2321 830 2381 adjuvante
852 2320 1125 2368 facillimum.
1151 2325 1353 2381 Regnum
1376 2323 1492 2367 enim
1527 2333 1741 2368 aeternum

350 2409 438 2453 quo
462 2392 702 2452 Discipulos
730 2408 854 2446 suos,
881 2408 990 2452 quos
1015 2392 1144 2436 etiarn
1167 2391 1318 2437 fratres
1341 2393 1562 2454 appellat,
1587 2410 1741 2440 vocare

350 2463 553 2520 dignatus
575 2471 664 2517 est,
690 2477 780 2506 non
798 2462 934 2513 ‚habet
949 2462 1197 2521 hujusmodi
1215 2464 1552 2508 necessitudines
1573 2474 1742 2524 tempo-

349 2532 473 2576 rales.
504 2551 524 2574 «
549 2535 647 2578 Non
669 2532 785 2576 enim
797 2541 861 2576 est
875 2535 898 2576 J
906 2533 1070 2589 udanS‚
1092 2548 1234 2593 neque
1253 2536 1446 2592 Graeeus,
1467 2551 1610 2595 neque
1623 2551 1738 2581 mas-

401 2635 408 2649 ¹
442 2639 453 2659 1
476 2629 545 2661 Cor.
563 2640 618 2671 vn,
639 2640 689 2671 ¹9·
709 2647 749 2653 —
768 2635 781 2652 2
801 2629 914 2663 Matth.
935 2641 981 2672 xx,
1006 2639 1057 2663 12.
