1819 3301
302 253 356 280 m:
386 249 597 280 cousmvsu
628 247 1039 289 EVANGELISTARUM,
1075 252 1157 278 Lm.
1193 252 1259 277 111.
1420 238 1471 278 51

93 318 254 378 quibus
275 317 487 362 universae
511 315 717 361 Ecclesiae
742 324 897 361 notum
920 324 1012 359 erat
1032 331 1118 375 qua
1134 316 1241 360 hora
1263 315 1475 359 Dominus

92 387 209 445 ligno
241 402 471 446 suspensus
503 387 578 442 sit,
607 385 726 430 unde
747 393 891 445 posset
913 385 1044 446 hujus
1078 384 1147 430 vel
1174 400 1293 429 error
1315 385 1474 443 corrigi

92 457 162 502 vel
182 457 456 501 mendacium
479 455 683 500 refutari?
707 455 791 501 Sed
817 456 919 516 quia
941 454 1359 500 sciebatamilitibus
1381 470 1475 499 sus-

94 543 278 588 pensum
306 527 563 582 Dominum,
583 542 674 571 non
695 542 718 571 a
740 529 765 570 J
770 526 924 581 udaeis,
951 528 1062 571 sicut
1086 529 1110 570 J
1114 541 1273 571 oannes
1294 526 1475 585 apertis-

95 598 200 642 sime
221 597 362 653 dicit1,
386 597 557 642 occulte
572 596 799 641 ostendere
809 596 951 641 ,voluit
972 612 1044 641 eos
1061 596 1196 655 magis
1218 595 1478 641 crucifixisse

95 669 171 729 qui
192 668 487 713 clamaverunt
507 677 558 712 ut
579 667 924 724 crucifigeretur,
949 681 1081 726 quam
1104 666 1199 711 illos
1221 667 1298 727 qui
1322 667 1475 711 minis-

96 739 255 783 terium
269 739 453 797 principi
470 754 548 782 suo
565 738 803 782 secundum
821 752 949 781 suum
966 737 1159 781 officium
1173 737 1476 796 praebuerunt.

100 807 363 866 Intelligitur
384 823 486 867 ergo
507 807 639 852 fuisse
660 807 766 852 hora
794 807 920 851 tertia
948 822 1048 851 cum
1071 806 1370 851 clamaverunt
1398 810 1480 851 Ju-

98 877 182 922 daei
199 887 250 922 ut
268 878 478 922 Dominus
500 877 840 935 crucifigeretur,
858 885 902 920 et
917 876 1186 921 veracissime
1208 876 1480 921 demonstra-

99 958 171 993 tur
201 957 308 993 tunc
340 964 411 993 eos
443 949 699 992 crucifixisse
731 948 910 1008 quando
939 948 1239 992 clamaverunt
1263 964 1274 992 .-
1298 949 1482 992 maxime

99 1019 201 1078 quia
220 1018 428 1063 nolebant
448 1018 584 1062 videri
604 1032 648 1061 se
669 1018 753 1061 hoc
776 1016 946 1072 fecisse,
975 1027 1017 1061 et
1039 1027 1267 1077 propterea
1290 1033 1388 1062 eum
1408 1018 1482 1062 Pi-

99 1089 188 1133 lato
204 1088 496 1142 tradiderant,
516 1088 636 1148 quod
653 1103 803 1132 eorum
826 1089 959 1132 verba
978 1089 1077 1132 satis
1094 1088 1311 1143 indicant,
1333 1104 1483 1133 secun-

101 1160 207 1205 dum
229 1163 458 1204 Joannem.
479 1152 593 1204 Cum
606 1159 721 1202 enim
739 1158 911 1202 dixisset
933 1159 991 1202 eis
1015 1159 1198 1203 Pilatus:
1218 1178 1236 1200 «
1254 1162 1396 1212 Quam
1410 1176 1483 1203 ac-

104 1251 124 1274 »
160 1232 426 1276 cusationem
451 1230 611 1274 affertis
633 1229 835 1274 adversus
863 1231 1084 1274 hominem
1115 1231 1264 1274 hunc?
1287 1233 1485 1290 Respon-

105 1321 126 1344 »
160 1303 320 1347 derunt
336 1311 380 1346 et
400 1301 603 1346 dixerunt
624 1301 661 1344 ei
682 1320 691 1345 ι
711 1302 752 1345 Si
775 1316 864 1345 non
888 1310 995 1344 esset
1012 1300 1083 1344 hic
1106 1299 1374 1356 malefactor,
1396 1317 1483 1346 non

105 1391 126 1415 »
160 1373 240 1417 tibi
261 1371 583 1416 tradidissemus
602 1387 718 1415 eum.
746 1370 974 1428 Dixit'ergo
998 1370 1056 1414 eis
1078 1371 1240 1415 Pilatus
1262 1390 1270 1415 ε
1293 1371 1486 1431 Accipite

106 1462 126 1485 »
161 1459 263 1488 eum
291 1459 387 1498 vos,
419 1452 462 1487 et
489 1442 730 1487 secundum
761 1441 903 1500 legem
931 1450 1114 1485 vestram
1145 1441 1337 1501 judicate
1366 1458 1481 1486 eum.

105 1533 126 1557 »
160 1516 371 1560 Dixerunt
403 1530 506 1573 ergo
539 1514 577 1558 ei
614 1513 756 1557 Judaei
787 1532 795 1557 ε
826 1513 959 1558 Nobis
986 1529 1074 1556 non
1109 1511 1210 1556 licet
1244 1513 1487 1557 interficere

107 1604 127 1627 »
161 1591 426 1645 quemquam
438 1589 469 1627 ².
498 1603 518 1625 »
551 1583 680 1636 Quod
698 1598 798 1641 ergo
819 1583 1002 1626 maxime
1026 1583 1163 1625 videri
1188 1583 1338 1627 fecisse
1360 1583 1486 1627 nole-

102 1655 208 1699 bant
227 1691 238 1710 ,
269 1656 354 1699 hoc
375 1670 447 1699 eos
467 1655 574 1698 hora
596 1654 745 1697 fecisse
765 1653 890 1697 tertia
916 1655 1087 1696 Marcus
1110 1651 1325 1706 ostendit,
1351 1654 1486 1697 veris-

102 1725 208 1770 sime
227 1724 427 1785 judicans
461 1724 595 1782 magis
633 1723 763 1767 fuisse
791 1722 966 1766 Domini
996 1722 1254 1766 necatricem
1291 1722 1486 1782 linguam

103 1795 357 1839 Judaeorum
375 1829 386 1849 ‚
412 1808 543 1854 quam
567 1793 757 1837 militum
779 1807 948 1835 manus.

160 1867 322 1908 XLIII.
346 1866 550 1923 Quisquis
573 1873 718 1909 autem
746 1863 925 1917 dixerit,
951 1877 1041 1906 non
1064 1861 1194 1906 fuisse
1220 1862 1373 1906 horam
1397 1872 1485 1907 ter—

102 1936 204 1980 tiam
227 1971 237 1991 ,
258 1950 358 1980 cum
379 1935 464 1978 hoc
487 1936 511 1978 J
516 1933 628 1977 udaei
649 1933 850 1992 primitus
872 1933 1193 1988 clamaverunt,
1218 1933 1486 1978 insanissime

102 2022 146 2051 se
168 2005 356 2051 ostendit
377 1996 603 2048 inimicum
625 2002 850 2061 Evangelii
871 2023 882 2060 3
906 2004 988 2046 nisi
1018 2002 1130 2046 forte
1150 2004 1274 2048 aliter
1296 2006 1486 2063 potuerit
1528 1996 1533 1997 ⁷

103 2075 301 2120 eamdem
333 2074 563 2119 dissolvere
595 2073 881 2133 quaestionem
908 2091 917 2116 ε
942 2088 1032 2116 non
1064 2073 1179 2116 enim
1208 2074 1342 2117 habet
1368 2074 1487 2119 unde

103 2147 332 2191 convincat
354 2161 443 2190 non
466 2144 595 2188 fuisse
613 2152 719 2187 tunc
736 2144 889 2187 horam
911 2144 1105 2200 tertiam,
1123 2154 1166 2186 et
1180 2143 1278 2187 ideo
1295 2144 1485 2189 veridico

102 2216 392 2277 Evangelistae
415 2215 560 2274 potius
588 2213 857 2257 credendum
885 2229 1016 2273 quam
1039 2215 1318 2257 contentiosis
1346 2215 1485 2274 suspi-

103 2287 300 2331 cionibus
322 2286 565 2330 hominum.
593 2283 738 2338 Unde,
764 2284 910 2343 inquis
929 2318 939 2333 ,
964 2284 1121 2342 probas
1143 2284 1293 2327 horam
1313 2286 1484 2329 tertiam

102 2357 264 2402 fuisse?
286 2356 545 2415 Respondco
561 2391 571 2410 ,
597 2355 697 2415 quia
719 2355 849 2399 credo
874 2354 1179 2413 Evangelistis‚
1201 2355 1359 2413 quibus
1378 2365 1420 2399 et
1434 2365 1484 2399 tu

103 2428 137 2472 si
171 2427 307 2471 credis
340 2426 519 2471 ostende
550 2423 922 2485 quemadmodum
958 2433 1000 2468 et
1025 2425 1132 2468 hora
1160 2433 1275 2468 sexta
1298 2434 1340 2468 et
1375 2426 1483 2470 hora

103 2497 230 2542 tertia
251 2497 441 2556 potuerit
461 2496 670 2541 Dominus
694 2495 918 2554 crucifigi?
934 2497 994 2539 De
1014 2503 1132 2539 sexta
1156 2494 1272 2538 enim
1294 2504 1345 2539 ut
1354 2494 1483 2541 fatea-

155 2588 164 2605 ¹
181 2570 272 2615 Joan.
291 2592 357 2624 xix,
371 2581 426 2614 23.
450 2598 491 2605 -—
513 2587 526 2604 ²
544 2581 590 2613 Id.
611 2590 706 2621 xviu,
723 2579 832 2622 29-31.

1284 2632 1322 2673 Ῐι.
