1819 3301
355 268 439 307 296
778 277 808 304 s.
849 276 1076 304 Aucus‘nm
1111 275 1291 302 Emscom

351 356 471 390 retur
491 345 609 405 quod
628 343 827 397 dicebat,
854 357 996 401 neque
1013 349 1176 384 careret
1196 339 1379 401 humani
1405 339 1636 384 testimonii
1660 340 1731 383 fn·-

350 417 522 470 mitate‚
545 415 821 474 paucioribus
850 428 982 472 quam
1006 411 1177 455 duobus
1201 410 1343 454 dicere
1366 426 1452 454 uon
1474 409 1631 469 potuit.
1653 410 1733 454 Vel

349 487 403 531 ad
437 494 751 531 sacramentnm
793 482 1012 527 charitatis
1050 479 1402 525 ostendendum:
1439 480 1582 524 minus
1616 481 1733 524 enim

347 572 479 618 quam
502 557 614 599 inter
636 555 745 598 duos
763 553 947 597 charitas
970 567 1055 596 esse
1076 567 1165 596 non
1188 560 1343 611 potest.
1369 553 1474 595 Erat
1500 560 1643 595 autem
1661 550 1733 595 ille

347 644 435 672 non
467 626 717 670 necessitate
744 623 879 669 debiti
912 633 1090 683 propter
1118 631 1347 683 peceatum
1385 637 1535 678 suum,
1569 622 1646 668 sed
1677 621 1732 667 ad

344 696 551 744 solvenda
568 705 712 742 nostra
731 703 908 755 peecata
931 695 1140 739 charitate
1159 708 1376 754 passurus.

816 834 995 883 QUAEST
1000 832 1051 874 10
1083 833 1256 872 XXVIII.

402 986 421 1009 «
443 968 504 1010 ΑΒ
532 964 706 1009 Jericho
739 962 959 1021 egreditur
992 963 1201 1007 Dominus
1217 964 1229 988 ¹
1245 996 1256 1017 ,
1286 980 1305 1003 »
1332 963 1421 1022 jam
1440 961 1494 1006 de
1512 961 1592 1006 ista
1615 971 1727 1007 terra

340 1036 656 1081 resurreetione
676 1034 918 1079 discedens.
943 1053 960 1075 «
978 1036 1230 1094 Sequuntur
1244 1048 1344 1077 eum
1366 1032 1508 1077 turbae.
1530 1032 1724 1089 muitae‚»

336 1108 523 1153 credunt
546 1108 591 1150 in
619 1122 716 1150 eum
741 1104 891 1165 populi
924 1114 966 1148 et
991 1114 1139 1163 gentes
1162 1124 1171 1149 2
1201 1125 1218 1146 «
1253 1107 1348 1148 Duo
1375 1114 1519 1148 autem
1541 1106 1644 1148 caeei
1661 1121 1728 1149 se-

338 1198 357 1220 »
394 1178 545 1222 dentes
578 1179 699 1237 juxta
737 1176 873 1230 viam,
910 1194 928 1215 n
957 1175 1200 1232 significant
1244 1174 1298 1217 de
1335 1184 1523 1234 utroque
1560 1174 1724 1234 populo

333 1248 546 1310 quosdam
564 1249 653 1307 jam
685 1248 951 1291 cohaerentes
971 1261 1045 1304 per
1068 1246 1198 1288 fidem
1222 1244 1530 1303 dispensationi
1554 1254 1725 1305 tempo-

332 1321 436 1375 rali,
474 1318 715 1364 secundum
750 1334 882 1379 quam
917 1318 1113 1362 Christus
1147 1317 1215 1361 via
1243 1325 1337 1373 est3
1363 1325 1405 1359 et
1433 1316 1724 1361 desiderantes

330 1390 583 1444 illuminari,
599 1388 643 1432 id
667 1398 756 1443 est,
779 1387 944 1448 aliquid
968 1388 1021 1431 de
1045 1387 1173 1430 Verbi
1200 1387 1440 1430 aeternitate
1462 1386 1719 1445 intelligere,

329 1461 449 1523 quod
489 1469 740 1505 transeunte
774 1462 876 1503 Jesu
912 1460 1143 1518 impetrare
1166 1457 1427 1517 cupiebant,
1454 1457 1499 1501 id
1522 1467 1612 1513 est,
1644 1474 1722 1518 per

329 1533 534 1576 meritum
557 1530 659 1575 fidei
682 1545 764 1590 qua
802 1527 995 1573 creditur
1028 1528 1161 1572 Filius
1194 1528 1270 1572 Dei
1291 1538 1333 1573 et
1360 1537 1487 1572 natus
1522 1529 1654 1573 homo
1677 1538 1720 1573 et

327 1619 473 1664 passus
495 1611 673 1662 propter
697 1616 789 1645 nos.
825 1604 906 1644 Per
936 1600 1049 1643 hanc
1072 1600 1186 1642 enim
1209 1599 1574 1659 dispensationem
1596 1600 1719 1660 quasi

326 1675 479 1719 transit
506 1676 656 1727 Jesus‚
696 1672 796 1732 quia
820 1671 917 1715 talis
950 1671 1061 1714 actio
1094 1670 1341 1730 temporalis
1371 1680 1448 1714 est.
1477 1670 1719 1729 Oportebat

325 1755 471 1791 autem
497 1753 546 1788 ut
565 1752 736 1787 tantum
760 1741 1024 1795 clamarent,
1051 1739 1190 1784 donec
1204 1735 1447 1784 ’resistentis
1469 1740 1553 1784 sibi
1576 1740 1716 1784 turbae

322 1815 547 1874 strepitum
571 1813 823 1866 vincerent,
859 1811 903 1854 id
942 1820 1026 1865 est,
1063 1821 1148 1854 tarn
1173 1820 1497 1870 perseveranter
1520 1811 1715 1854 animum

320 1886 599 1931 intenderent
621 1887 786 1928 orando
809 1893 940 1942 atque
964 1882 1179 1941 pulsando
1197 1918 1206 1936 ‚
1228 1898 1456 1942 quousque
1479 1891 1716 1926 eonsuetu-

323 1958 469 2001 dinem
485 1954 797 1999 desideriorum
817 1953 1055 1997 carnalium
1076 1988 1086 2007 ,
1113 1970 1210 2012 qute
1236 1962 1444 2012 tanquam
1463 1953 1591 1996 turba
1610 1953 1714 1997 obs-

321 2028 452 2087 trepit
480 2024 730 2083 cogitationi
758 2023 901 2067 lucem
931 2023 1121 2066 veritatis
1148 2032 1322 2066 {eternae
1343 2022 1489 2066 videre
1507 2024 1708 2079 conanti,
1752 2044 1755 2045 ⁷

317 2099 387 2145 vel
413 2099 549 2158 ipsam
582 2095 810 2140 hominum
847 2093 1087 2138 carnalium
1119 2094 1293 2138 turbam
1327 2093 1469 2137 studia
1503 2094 1710 2153 spiritalia

319 2168 628 2228 impedientem
644 2202 654 2221 ‚
695 2164 926 2209 fortissima
966 2165 1208 2208 intentione
1250 2173 1518 2223 superarent.
1558 2168 1711 2225 Itaque

323 2239 502 2285 audiens
526 2241 649 2282 Jesus
671 2236 747 2297 qui
765 2237 848 2280 ait:
878 2255 897 2277 «
925 2235 1094 2279 Petenti
1117 2234 1294 2278 dabitur
1315 2270 1325 2290 ,
1350 2244 1392 2278 et
1414 2250 1612 2294 quaerens
1641 2237 1711 2280 in-

324 2332 341 2353 »
378 2310 523 2354 veniet
542 2344 553 2363 ‚
578 2318 621 2352 et
642 2306 830 2367 pulsanti
852 2306 1070 2365 aperietur
1085 2308 1102 2330 ‘²
1119 2340 1129 2359 ,
1160 2324 1178 2344 »
1205 2305 1427 2348 venientes
1451 2304 1505 2348 ad
1525 2320 1569 2349 se
1584 2340 1595 2360 ‚
1613 2305 1707 2364 ipso

316 2381 478 2425 seilicet
501 2378 702 2423 desiderii
735 2377 888 2422 ardore
912 2377 1210 2436 pervenientes
1240 2375 1293 2419 ad
1315 2376 1360 2419 id
1390 2375 1510 2436 quod
1534 2375 1706 2421 deside-

317 2461 443 2505 rant,
469 2460 582 2495 stans
604 2465 676 2494 eos
700 2449 866 2508 tangit,
897 2458 1028 2508 atque
1055 2446 1286 2491 illuminat.
1319 2449 1416 2492 Non
1446 2447 1562 2491 enim
1593 2448 1705 2493 sicut

317 2521 387 2565 illa
410 2521 670 2580 dispensatio
684 2519 947 2580 temporalis,
968 2519 1026 2563 ita
1041 2519 1168 2563 etiam
1189 2518 1322 2562 Verbi
1341 2519 1556 2563 {eternitas
1574 2528 1697 2564 tran-

370 2623 378 2639 ¹
395 2617 507 2649 Matih.
524 2628 578 2659 xx,
597 2616 718 2659 29-34.
739 2633 780 2640 -
801 2623 812 2640 2
832 2617 878 2648 Id.
902 2627 956 2658 vn,
977 2626 1007 2658 ¹).
