1819 3301
330 246 411 283 272
767 230 798 282 5
838 254 1066 284 Acovs'nm
1101 257 1281 282 Episcopi

321 322 411 381 jam
429 320 568 364 malus
591 335 681 365 non
702 321 796 364 crit.
827 321 893 365 Sic
916 320 1134 364 veri<simc
1158 319 1242 363 dici
1268 320 1407 379 potuit
1434 338 1442 363 ε
1463 322 1558 365 Non
1574 329 1715 379 potest

326 407 415 436 csse
442 392 510 436 nix
530 390 666 436 calida
695 412 701 436 z
727 407 826 436 cum
851 391 965 434 enim
995 389 1134 433 calida
1156 405 1246 434 esse
1277 390 1484 449 coeperit,
1517 406 1605 434 non
1623 392 1714 450 jam

325 478 419 507 eam
438 463 597 516 nivem,
619 462 691 506 scd
713 477 871 522 aquam
894 476 1112 505 vocamus.
1132 464 1278 505 Potest
1295 476 1395 519 crgo
1415 461 1529 516 fieri,
1548 469 1598 504 ut
1615 476 1714 520 quae

325 533 397 577 nix
421 533 524 588 fuit,
551 549 638 577 non
669 533 724 576 sit
752 552 759 577 2
785 548 874 575 non
903 541 1048 575 autem
1078 540 1219 591 potest
1245 532 1359 585 fieri,
1395 540 1444 575 ut
1465 523 1540 575 nix
1574 530 1715 575 calida

324 605 392 649 sit.
417 604 485 648 Sic
512 613 653 663 potest
671 603 789 658 fieri,
806 612 856 647 ut
878 604 953 664 qui
975 602 1115 647 malus
1130 602 1235 657 fuit,
1262 619 1352 647 non
1371 603 1424 646 sit
1444 601 1606 659 malus,
1625 617 1715 645 non

324 684 469 718 tamen
492 675 583 717 fieri
605 682 772 733 potest,
795 684 845 718 ut
866 673 1005 718 malus
1030 674 1140 717 bene
1167 673 1311 718 faciat.
1339 673 1424 726 Qui
1447 672 1610 717 etiamsi
1631 671 1713 716 ali-

323 745 500 806 quando
519 744 636 788 utilis
659 754 746 800 est,
772 760 860 789 non
883 745 967 789 hoc
990 745 1081 804 ipse
1104 743 1234 798 facit,
1261 743 1336 788 sed
1363 744 1412 787 fit
1435 743 1489 787 de
1519 742 1610 798 illo,
1643 741 1714 786 di-

322 816 421 861 vina
458 815 731 875 providentia
764 824 1048 875 procurante,
1075 816 1185 859 sicut
1206 814 1261 858 de
1293 815 1514 859 Pharisaeis
1545 814 1712 858 dictum

322 897 385 932 est
412 906 420 931 ε
446 907 464 929 «
492 890 600 940 Quae
616 886 785 941 dicunt,
804 885 932 930 facite
955 906 963 930 :
993 902 1092 946 quae
1108 895 1253 930 autem
1279 885 1458 939 faciunt,
1480 884 1620 929 facere
1634 900 1714 929 no-

324 976 344 1000 »
375 958 492 1002 11101.
516 979 531 999 >›
559 960 652 1002 Hoc
668 957 810 1017 ipsum
834 956 954 1017 quod
976 957 1092 1000 bona
1115 956 1335 1011 dicebant,
1351 966 1455 1000 etea
1477 972 1576 1016 quae
1592 956 1712 1000 dice-

321 1028 430 1072 bant
445 1064 455 1084 ,
492 1028 658 1072 utiliter
680 1027 973 1071 audiebantur
994 1036 1035 1071 et
1053 1027 1217 1071 fiebant
1237 1062 1247 1081 ,
1273 1043 1363 1071 non
1387 1036 1478 1071 erat
1498 1027 1673 1071 illorum
1701 1045 1710 1070 :

326 1119 345 1142 «
369 1103 522 1159 rSuper
544 1100 796 1144 cathedram
820 1100 934 1143 enim
958 1134 968 1153 ,
994 1099 1164 1159 inquit,
1189 1099 1330 1156 Moysi
1352 1097 1505 1143 sedent
1523 1102 1555 1141 ².
1585 1117 1604 1140 »
1632 1101 1715 1142 Per

320 1171 511 1215 divinam
536 1185 637 1229 ergo
659 1170 977 1230 providentiam
995 1169 1137 1228 legem
1163 1170 1236 1213 Dei
1269 1169 1555 1229 praedicantes
1574 1205 1584 1225 ,
1610 1185 1713 1229 pos-

321 1251 417 1286 sent
433 1258 523 1286 esse
546 1240 824 1286 audientibus
844 1240 998 1296 utiles,
1026 1256 1125 1285 cum
1148 1241 1227 1284 sibi
1257 1257 1346 1285 non
1375 1249 1530 1284 essent.
1564 1243 1626 1284 De
1648 1249 1714 1284 ta-

320 1311 436 1357 libus
471 1311 555 1357 alio
586 1311 684 1356 loco
722 1328 798 1371 per
821 1312 1085 1371 prophetam
1114 1311 1280 1355 dictum
1309 1321 1394 1366 est,
1430 1331 1448 1353 «
1486 1311 1713 1357 Seminatis

323 1401 343 1424 »
380 1384 570 1427 triticum
587 1418 597 1437 ,
624 1392 666 1426 et
688 1383 830 1442 spinas
852 1383 1022 1426 metetis
1043 1384 1056 1408 ³
1086 1401 1094 1426 :
1121 1401 1140 1423 »
1168 1383 1270 1442 quia
1302 1383 1415 1426 bona
1434 1382 1709 1441 prtecipiunt,

321 1465 364 1499 ct
386 1454 498 1499 mala
518 1454 696 1499 faciunt.
724 1457 820 1499 Non
843 1469 944 1512 ergo
967 1455 1042 1514 qui
1064 1470 1135 1498 eos
1154 1454 1406 1507 audiebant,
1430 1463 1474 1498 et
1496 1453 1714 1498 faciebant

321 1542 419 1588 quae
441 1527 495 1571 ab
522 1528 579 1570 eis
596 1526 855 1570 dicebantur
874 1561 884 1581 ,
912 1525 966 1569 de
989 1526 1120 1585 spinis
1142 1524 1348 1585 legebant
1373 1541 1476 1569 uvas
1497 1546 1508 1582 3
1533 1524 1608 1569 sed
1635 1539 1713 1584 per

319 1599 462 1658 spinas
491 1600 544 1643 de
576 1599 663 1643 vite
685 1598 891 1656 legebant
911 1613 1016 1642 uvas
1042 1617 1049 1642 ε
1073 1607 1280 1658 tanquam
1303 1597 1336 1641 si
1358 1612 1537 1641 manum
1561 1596 1713 1656 aliquis

321 1686 396 1730 per
418 1686 563 1730 sepem
583 1671 726 1714 mittat
746 1705 756 1725 ,
795 1679 845 1714 ut
867 1679 982 1714 certe
1008 1669 1062 1713 de
1098 1669 1185 1714 vite
1203 1705 1213 1724 ,
1240 1685 1338 1729 quae
1360 1669 1449 1728 sepi
1482 1667 1614 1712 fuerit
1641 1668 1712 1711 in-

319 1740 467 1786 voluta
486 1777 497 1798 ,
524 1757 653 1787 uvam
686 1739 823 1800 legat,
849 1756 939 1786 non
973 1741 1196 1800 spinarum
1220 1749 1282 1785 est
1305 1739 1473 1785 fructus
1504 1740 1609 1794 iste,
1635 1736 1712 1783 sed

318 1812 431 1857 vitis.

378 1881 556 1924 LXXX.
599 1879 853 1923 Rectissime
894 1894 995 1923 sane
1029 1880 1242 1940 quaeritur
1281 1896 1390 1941 quos
1429 1880 1597 1925 fructus
1631 1894 1709 1924 nos

320 1950 545 1995 attendere
564 1950 749 1995 voluerit
766 1986 778 2007 ,
803 1951 962 2010 quibus
981 1966 1240 2009 cognoscere
1262 1953 1457 1996 arborem
1481 1952 1707 2012 possimus.

319 2020 450 2066 Multi
470 2021 586 2065 enim
606 2020 809 2082 quaedam
829 2021 875 2065 in
898 2020 1113 2066 fiuctibus
1136 2023 1365 2082 deputant,
1386 2039 1486 2083 quae
1504 2022 1559 2067 ad
1580 2022 1711 2068 vesti-

321 2100 416 2137 tum
445 2093 591 2138 ovium
613 2093 860 2153 pertinent,
884 2102 927 2137 et
947 2093 1032 2138 hoc
1055 2093 1186 2138 modo
1208 2110 1231 2139 a
1253 2094 1366 2154 lupis
1388 2093 1671 2154 decipiuntur
1697 2112 1706 2137 t

320 2165 446 2209 sicuti
469 2174 572 2209 sunt
589 2164 658 2209 vel
687 2165 878 2225 jejunia,
916 2165 985 2209 vel
1014 2167 1230 2210 orationes
1248 2202 1261 2221 ,
1297 2165 1367 2210 vel
1394 2165 1708 2222 eleemosynae,

320 2252 418 2296 quae
438 2236 583 2280 omnia
608 2236 687 2279 nisi
706 2235 799 2279 fieri
821 2235 952 2279 etiam
975 2235 1213 2295 hypocritis
1236 2243 1410 2294 possent
1429 2270 1440 2290 ,
1467 2249 1558 2280 non
1579 2249 1709 2294 supe-

319 2307 406 2351 rius
429 2306 620 2363 diceret,
650 2325 669 2348 «
690 2308 850 2352 Cavete
864 2306 1076 2366 justitiam
1098 2314 1283 2350 vestram
1302 2304 1442 2350 facere
1455 2322 1601 2352 coram
1624 2307 1707 2352 ho-

321 2395 342 2418 »
379 2377 597 2433 minibus,
623 2386 673 2421 ut
693 2376 930 2421 videamini
953 2375 1007 2420 ab
1031 2376 1133 2420 0154.
1163 2394 1182 2417 »
1203 2380 1295 2430 Qua
1314 2378 1524 2422 sententia
1542 2392 1707 2438 praepo-

268 2467 270 2469 >
318 2447 397 2491 sita
415 2483 426 2503 ,
459 2449 550 2508 ipsa
583 2448 662 2492 tria
694 2448 953 2508 exequitur,
985 2447 1327 2505 eleemosynam,
1354 2449 1619 2504 orationem,
1639 2450 1706 2509 je-

311 2517 502 2576 junium.
528 2517 657 2564 Multi
679 2518 791 2562 enim
813 2516 949 2562 multa
977 2518 1256 2578 pauperibus,
1283 2534 1372 2564 non
1395 2519 1701 2574 misericordia,

366 2610 374 2626 ¹
390 2604 502 2637 Matth.
526 2615 614 2647 xxm,
633 2604 661 2636 3.
678 2621 720 2627 —
740 2611 753 2628 ²
771 2604 852 2636 Ibid.
878 2613 909 2636 2.
935 2620 975 2626 —
997 2601 1010 2627 3
1028 2605 1146 2636 Jerem.
1174 2615 1232 2643 xii,
1259 2605 1308 2637 13.
1330 2622 1370 2629 -ω
1390 2604 1404 2634 4
1423 2604 1542 2638 Matth.
1563 2616 1607 2647 vi,
1628 2617 1654 2638 1.
