1819 3301
356 283 438 321 278
796 292 829 320 s.
865 292 1096 319 annosum
1120 291 1301 318 zrxscom

353 359 491 413 vium,
516 357 761 402 carnalibus
775 355 1136 415 concupiscentiis
1158 364 1368 415 tanquam
1382 354 1591 399 fluentem
1614 370 1743 415 super

357 439 532 474 terram.
554 432 721 473 Horum
735 428 849 471 enim
869 429 1017 480 trium,
1038 427 1114 487 qui
1129 425 1739 486 prosperitatibusinducitur,

353 500 686 545 adversitatibus
724 497 937 556 frangitur
959 517 967 542 :
993 509 1182 558 quorum
1199 497 1310 542 nihil
1329 497 1485 542 metuit
1507 532 1518 552 ,
1542 498 1619 557 qui
1636 495 1743 542 fun·-

351 571 498 615 datam
521 570 654 613 habet
676 569 857 612 domum
880 584 1009 627 super
1043 578 1210 628 petram
1228 602 1239 623 ‚
1267 567 1312 612 id
1335 577 1398 612 est
1417 603 1428 622 ‚
1454 568 1531 628 qui
1559 583 1650 613 non
1677 584 1744 613 so·
1795 623 1809 638 ·

351 642 443 686 lum
464 641 586 684 audit
608 649 823 699 praecepta
846 639 1018 683 Domini
1034 675 1044 694 ‚
1071 638 1146 683 sed
1168 639 1297 683 etiam
1328 637 1445 683 facit.
1472 641 1528 683 Et·
1555 639 1621 682 his
1644 654 1742 683 om-

351 713 480 756 nibus
502 709 743 770 periculose
775 710 990 770 subjacet,
1028 710 1105 770 qui
1134 709 1256 753 audit
1289 718 1333 754 et
1366 725 1456 753 non
1488 707 1625 754 facit:
1652 725 1741 754 non

348 784 464 827 enim
497 782 630 825 hahet
652 781 805 825 stabile
839 780 1174 825 fundamentum
1197 816 1207 835 ,
1234 779 1310 824 sed
1345 779 1563 825 audiendo
1585 790 1629 825 et
1651 796 1742 825 non

347 853 549 898 iaciendo
584 853 753 895 ruinam
789 852 991 895 aedificat.
1017 852 1089 896 Ait
1117 851 1234 894 enim
1265 860 1610 911 consequenter:
1639 870 1659 893 «
1684 854 1742 895 Et

351 942 371 965 »
408 924 547 967 omnis
564 923 639 983 qui
661 923 783 966 audit
805 922 936 966 verba
958 937 1053 966 mea
1075 922 1186 976 haec,
1203 930 1245 965 et
1267 937 1356 966 non
1370 920 1474 965 facit
1497 936 1568 976 ea,
1590 921 1741 965 similis

353 1012 373 1034 »
409 994 491 1037 erit
527 993 620 1038 viro
654 991 788 1037 stulto
808 1027 819 1047 ,
861 992 937 1052 qui
969 991 1155 1036 aedificat
1176 990 1356 1035 domum
1389 1006 1518 1050 super
1540 1006 1738 1049 arenam3

352 1083 373 1105 »
408 1064 633 1108 descendit
655 1062 801 1123 pluvia
819 1098 829 1115 ‚
854 1071 1070 1107 venerunt
1104 1062 1287 1106 flumina
1306 1097 1316 1116 ,
1341 1061 1558 1106 flaverunt
1588 1062 1707 1106 venti
1726 1097 1738 1118 ,

351 1152 371 1176 »
407 1143 450 1178 et
473 1133 759 1179 offenderunt
780 1133 825 1176 in
850 1132 1029 1177 domum
1053 1131 1189 1187 illam,
1207 1141 1251 1176 et
1277 1131 1435 1176 cecidit
1454 1153 1465 1189 3
1481 1140 1523 1175 et
1543 1131 1658 1176 facta
1678 1140 1742 1176 est

350 1225 368 1247 »
406 1206 532 1249 ruina
570 1206 660 1265 ejus
697 1219 869 1263 magna.
897 1207 956 1248 Et
983 1202 1148 1248 factum
1178 1213 1242 1248 est
1264 1219 1365 1248 cum
1400 1211 1742 1247 consummasset

348 1295 369 1318 η
405 1279 528 1319 Jesus
560 1276 693 1319 verba
723 1276 833 1329 hmo,
867 1274 1198 1318 admirabantur
1225 1274 1368 1318 turbae
1390 1289 1520 1333 super
1543 1272 1741 1318 doctrina

351 1365 370 1387 »
407 1347 523 1406 ejus3
547 1355 638 1389 erat
659 1345 775 1388 enim
810 1345 970 1389 docens
999 1360 1071 1389 eos
1087 1380 1097 1400 ‚
1117 1345 1239 1404 quasi
1255 1353 1514 1404 potestatem
1538 1344 1706 1388 habens
1726 1379 1737 1400 ,

349 1435 370 1458 »
406 1433 495 1461 non
514 1416 635 1476 quasi
656 1417 818 1460 Scribae
836 1432 988 1461 eorum
1003 1418 1033 1460 1,
1064 1435 1083 1457 »
1110 1419 1204 1460 Hoc
1225 1425 1290 1460 est
1305 1415 1427 1476 quod
1440 1424 1540 1459 ante
1562 1413 1649 1459 dixi
1663 1430 1742 1475 per

348 1489 614 1547 Prophetam
651 1502 740 1531 esse
770 1487 1061 1545 significatum
1090 1488 1135 1531 in
1166 1486 1372 1537 Psalmis,
1410 1502 1511 1531 cum
1549 1487 1739 1542 diceret,

350 1578 371 1601 «
407 1558 825 1615 Fiducialiteragam
850 1557 895 1600 in
917 1572 969 1601 eo
988 1557 1185 1616 3eloquia
1203 1557 1392 1611 Domini,
1411 1556 1585 1616 eloquia
1606 1566 1738 1612 casta,

350 1648 370 1671 »
407 1639 636 1688 argentum
663 1629 764 1687 igne
786 1628 1103 1682 examinatum,
1135 1628 1370 1686 probatum
1398 1636 1548 1681 terrae,
1576 1643 1742 1687 purga-—

352 1720 372 1742 »
409 1710 504 1745 tum
528 1700 782 1760 septuplum
800 1703 831 1743 2.
862 1718 881 1740 n
915 1703 1099 1758 Propter
1126 1714 1257 1759 quem
1286 1713 1518 1742 numerum
1541 1697 1743 1743 admoni-

348 1781 416 1816 tus
445 1787 540 1815 sum
561 1771 688 1814 etiam
715 1779 931 1829 praecepta
963 1770 1043 1814 ista
1069 1769 1124 1814 ad
1151 1779 1313 1829 septem
1336 1769 1429 1813 illas
1452 1767 1612 1813 referre
1641 1784 1742 1813 sen-

349 1842 505 1886 tentias
521 1877 531 1895 ‚
558 1856 664 1901 quas
688 1842 733 1884 in
755 1840 968 1899 principio
990 1840 1198 1884 sermonis
1216 1841 1344 1900 hujus
1358 1840 1518 1899 posuit,
1537 1839 1591 1883 de
1603 1841 1742 1884 Beatis

350 1929 449 1958 cuin
473 1912 657 1968 ‹licerct3
673 1921 717 1955 et
734 1911 787 1955 ad
800 1910 893 1955 illas
912 1921 1078 1970 septem
1094 1911 1364 1970 operationes
1383 1911 1566 1970 Spiritus
1583 1912 1738 1967 sancti,

349 1999 456 2043 quas
479 1985 610 2027 Isaias
628 1983 840 2042 propheta
859 1984 1199 2026 commemorat3
1223 2001 1231 2026 ε
1256 1982 1333 2026 scd
1354 1982 1442 2025 sive
1468 1982 1546 2025 iste
1569 1980 1677 2026 ordo
1695 1982 1740 2026 in

347 2054 414 2098 his
451 2051 788 2097 considerandus
823 2053 877 2096 sit
896 2087 907 2106 ‚
943 2052 1031 2096 sive
1060 2050 1214 2111 aliquis
1243 2051 1352 2095 alius
1370 2086 1381 2106 ‚
1407 2049 1606 2096 facienda
1637 2061 1741 2096 sunt

349 2140 448 2185 quae
481 2124 724 2168 audivimus
746 2139 770 2167 a
798 2122 984 2167 Domino
1005 2157 1016 2177 ‚
1056 2122 1091 2166 si
1123 2122 1326 2167 volumus
1364 2120 1582 2166 aedificare
1612 2138 1742 2182 super

350 2204 533 2254 petram.

397 2298 406 2313 ¹
427 2292 548 2324 Matth.
569 2303 627 2330 vu,
650 2290 766 2324 26-28.
785 2307 828 2313 —
849 2296 862 2312 2
882 2288 962 2321 Psal.
980 2299 1024 2331 xi,
1041 2289 1078 2331 6,
1096 2299 1129 2331 7.
1149 2305 1192 2311 -—
1212 2286 1313 2320 3Isa'1'.
1330 2299 1379 2329 xi,
1397 2296 1430 2329 2,
1449 2288 1479 2320 3.
