<?xml version="1.0" encoding="UTF-8"?>
<!DOCTYPE html PUBLIC "-//W3C//DTD XHTML 1.0 Transitional//EN"
    "http://www.w3.org/TR/xhtml1/DTD/xhtml1-transitional.dtd">
<html xmlns="http://www.w3.org/1999/xhtml" xml:lang="en" lang="en">
 <head>
  <title>
</title>
<meta http-equiv="Content-Type" content="text/html;charset=utf-8" />
  <meta name='ocr-system' content='tesseract 3.04.00' />
  <meta name='ocr-capabilities' content='ocr_page ocr_carea ocr_par ocr_line ocrx_word'/>
</head>
<body>
  <div class='ocr_page' id='page_1' title='image "./operaomniaaccura14auguuoft_0442.png"; bbox 0 0 1819 3301; ppageno 0'>
   <div class='ocr_carea' id='block_1_1' title="bbox 353 266 1292 308">
    <p class='ocr_par' dir='ltr' id='par_1_1' title="bbox 353 266 1292 308">
     <span class='ocr_line' id='line_1_1' title="bbox 353 266 1292 308; baseline -0.007 -2"><span class='ocrx_word' id='word_1_1' title='bbox 353 266 435 308; x_wconf 73' lang='lat'>408</span> <span class='ocrx_word' id='word_1_2' title='bbox 781 277 813 304; x_wconf 89' lang='lat' dir='ltr'>s.</span> <span class='ocrx_word' id='word_1_3' title='bbox 851 273 1081 302; x_wconf 73' lang='grc' dir='ltr'>ΑυαυετῐΝι</span> <span class='ocrx_word' id='word_1_4' title='bbox 1114 273 1292 300; x_wconf 77' lang='lat' dir='ltr'>EPISCOPI</span> 
     </span>
    </p>
   </div>
   <div class='ocr_carea' id='block_1_2' title="bbox 343 334 1732 820">
    <p class='ocr_par' dir='ltr' id='par_1_2' title="bbox 343 334 1732 820">
     <span class='ocr_line' id='line_1_2' title="bbox 405 334 1727 396; baseline -0.007 -9"><span class='ocrx_word' id='word_1_5' title='bbox 405 345 462 387; x_wconf 82' lang='lat' dir='ltr'>X.</span> <span class='ocrx_word' id='word_1_6' title='bbox 492 361 512 384; x_wconf 87' lang='lat'>«</span> <span class='ocrx_word' id='word_1_7' title='bbox 532 346 583 386; x_wconf 85' lang='lat' dir='ltr'>In</span> <span class='ocrx_word' id='word_1_8' title='bbox 606 339 771 385; x_wconf 86' lang='lat' dir='ltr'>mundo</span> <span class='ocrx_word' id='word_1_9' title='bbox 794 348 884 382; x_wconf 83' lang='lat' dir='ltr'>crat</span> <span class='ocrx_word' id='word_1_10' title='bbox 901 374 910 392; x_wconf 83' lang='lat'>,</span> <span class='ocrx_word' id='word_1_11' title='bbox 936 349 979 381; x_wconf 83' lang='lat' dir='ltr'>ct</span> <span class='ocrx_word' id='word_1_12' title='bbox 1000 338 1189 381; x_wconf 83' lang='lat' dir='ltr'>mundus</span> <span class='ocrx_word' id='word_1_13' title='bbox 1212 351 1288 396; x_wconf 83' lang='lat' dir='ltr'>per</span> <span class='ocrx_word' id='word_1_14' title='bbox 1307 351 1405 381; x_wconf 87' lang='lat' dir='ltr'>eum</span> <span class='ocrx_word' id='word_1_15' title='bbox 1423 334 1562 380; x_wconf 87' lang='lat' dir='ltr'>factus</span> <span class='ocrx_word' id='word_1_16' title='bbox 1583 339 1686 381; x_wconf 81' lang='lat' dir='ltr'>est¹.</span> <span class='ocrx_word' id='word_1_17' title='bbox 1707 355 1727 379; x_wconf 86' lang='lat'>»</span> 
     </span>
     <span class='ocr_line' id='line_1_3' title="bbox 347 407 1732 473; baseline -0.005 -14"><span class='ocrx_word' id='word_1_18' title='bbox 347 417 410 460; x_wconf 86' lang='lat' dir='ltr'>Ne</span> <span class='ocrx_word' id='word_1_19' title='bbox 430 423 556 473; x_wconf 85' lang='lat' dir='ltr'>putes</span> <span class='ocrx_word' id='word_1_20' title='bbox 577 412 680 472; x_wconf 84' lang='lat' dir='ltr'>quia</span> <span class='ocrx_word' id='word_1_21' title='bbox 707 412 766 454; x_wconf 92' lang='lat' dir='ltr'>sic</span> <span class='ocrx_word' id='word_1_22' title='bbox 790 418 880 453; x_wconf 86' lang='lat' dir='ltr'>crat</span> <span class='ocrx_word' id='word_1_23' title='bbox 908 410 952 452; x_wconf 89' lang='lat' dir='ltr'>in</span> <span class='ocrx_word' id='word_1_24' title='bbox 975 407 1141 452; x_wconf 89' lang='lat' dir='ltr'>mundo</span> <span class='ocrx_word' id='word_1_25' title='bbox 1164 407 1387 468; x_wconf 87' lang='lat' dir='ltr'>quomodo</span> <span class='ocrx_word' id='word_1_26' title='bbox 1406 407 1451 451; x_wconf 87' lang='lat' dir='ltr'>in</span> <span class='ocrx_word' id='word_1_27' title='bbox 1479 407 1646 452; x_wconf 88' lang='lat' dir='ltr'>mundo</span> <span class='ocrx_word' id='word_1_28' title='bbox 1668 417 1732 452; x_wconf 88' lang='lat' dir='ltr'>est</span> 
     </span>
     <span class='ocr_line' id='line_1_4' title="bbox 345 477 1732 539; baseline -0.004 -10"><span class='ocrx_word' id='word_1_29' title='bbox 345 494 481 539; x_wconf 83' lang='lat' dir='ltr'>terra,</span> <span class='ocrx_word' id='word_1_30' title='bbox 516 484 561 526; x_wconf 91' lang='lat' dir='ltr'>in</span> <span class='ocrx_word' id='word_1_31' title='bbox 592 479 758 524; x_wconf 88' lang='lat' dir='ltr'>mundo</span> <span class='ocrx_word' id='word_1_32' title='bbox 787 489 850 523; x_wconf 89' lang='lat' dir='ltr'>est</span> <span class='ocrx_word' id='word_1_33' title='bbox 871 479 1059 534; x_wconf 87' lang='lat' dir='ltr'>coelum,</span> <span class='ocrx_word' id='word_1_34' title='bbox 1095 479 1140 522; x_wconf 79' lang='lat' dir='ltr'>iu</span> <span class='ocrx_word' id='word_1_35' title='bbox 1162 477 1329 522; x_wconf 88' lang='lat' dir='ltr'>mundo</span> <span class='ocrx_word' id='word_1_36' title='bbox 1351 487 1415 521; x_wconf 84' lang='lat' dir='ltr'>est</span> <span class='ocrx_word' id='word_1_37' title='bbox 1445 477 1537 532; x_wconf 85' lang='lat' dir='ltr'>sol,</span> <span class='ocrx_word' id='word_1_38' title='bbox 1562 478 1666 523; x_wconf 86' lang='lat' dir='ltr'>luna</span> <span class='ocrx_word' id='word_1_39' title='bbox 1688 487 1732 523; x_wconf 87' lang='lat' dir='ltr'>et</span> 
     </span>
     <span class='ocr_line' id='line_1_5' title="bbox 345 548 1731 609; baseline -0.005 -9"><span class='ocrx_word' id='word_1_40' title='bbox 345 555 480 600; x_wconf 84' lang='lat' dir='ltr'>stellae</span> <span class='ocrx_word' id='word_1_41' title='bbox 497 589 507 609; x_wconf 84' lang='lat'>‚</span> <span class='ocrx_word' id='word_1_42' title='bbox 532 554 577 596; x_wconf 88' lang='lat' dir='ltr'>in</span> <span class='ocrx_word' id='word_1_43' title='bbox 606 551 773 595; x_wconf 87' lang='lat' dir='ltr'>mundo</span> <span class='ocrx_word' id='word_1_44' title='bbox 796 551 993 604; x_wconf 85' lang='lat' dir='ltr'>arbores,</span> <span class='ocrx_word' id='word_1_45' title='bbox 1017 565 1172 608; x_wconf 86' lang='lat' dir='ltr'>pecora</span> <span class='ocrx_word' id='word_1_46' title='bbox 1190 585 1200 604; x_wconf 88' lang='lat'>,</span> <span class='ocrx_word' id='word_1_47' title='bbox 1226 550 1438 593; x_wconf 84' lang='lat' dir='ltr'>homines.</span> <span class='ocrx_word' id='word_1_48' title='bbox 1458 551 1555 594; x_wconf 80' lang='lat' dir='ltr'>Non</span> <span class='ocrx_word' id='word_1_49' title='bbox 1572 550 1631 593; x_wconf 87' lang='lat' dir='ltr'>sic</span> <span class='ocrx_word' id='word_1_50' title='bbox 1652 548 1731 593; x_wconf 86' lang='lat' dir='ltr'>iste</span> 
     </span>
     <span class='ocr_line' id='line_1_6' title="bbox 343 618 1732 680; baseline -0.004 -10"><span class='ocrx_word' id='word_1_51' title='bbox 343 628 390 670; x_wconf 91' lang='lat' dir='ltr'>in</span> <span class='ocrx_word' id='word_1_52' title='bbox 411 623 577 668; x_wconf 89' lang='lat' dir='ltr'>mundo</span> <span class='ocrx_word' id='word_1_53' title='bbox 595 631 700 666; x_wconf 87' lang='lat' dir='ltr'>erat.</span> <span class='ocrx_word' id='word_1_54' title='bbox 730 621 813 666; x_wconf 91' lang='lat' dir='ltr'>Sed</span> <span class='ocrx_word' id='word_1_55' title='bbox 835 620 1059 680; x_wconf 87' lang='lat' dir='ltr'>quomodo</span> <span class='ocrx_word' id='word_1_56' title='bbox 1082 622 1202 664; x_wconf 73' lang='lat' dir='ltr'>erat?</span> <span class='ocrx_word' id='word_1_57' title='bbox 1226 619 1454 672; x_wconf 84' lang='lat' dir='ltr'>Quomodo</span> <span class='ocrx_word' id='word_1_58' title='bbox 1477 618 1644 674; x_wconf 78' lang='lat' dir='ltr'>artifex,</span> <span class='ocrx_word' id='word_1_59' title='bbox 1668 634 1732 664; x_wconf 83' lang='lat' dir='ltr'>re-</span> 
     </span>
     <span class='ocr_line' id='line_1_7' title="bbox 344 689 1728 755; baseline -0.005 -15"><span class='ocrx_word' id='word_1_60' title='bbox 344 712 447 755; x_wconf 86' lang='lat' dir='ltr'>gens</span> <span class='ocrx_word' id='word_1_61' title='bbox 469 693 589 755; x_wconf 90' lang='lat' dir='ltr'>quod</span> <span class='ocrx_word' id='word_1_62' title='bbox 606 693 725 737; x_wconf 88' lang='lat' dir='ltr'>fecit.</span> <span class='ocrx_word' id='word_1_63' title='bbox 740 695 838 737; x_wconf 89' lang='lat' dir='ltr'>Non</span> <span class='ocrx_word' id='word_1_64' title='bbox 861 692 977 735; x_wconf 90' lang='lat' dir='ltr'>enim</span> <span class='ocrx_word' id='word_1_65' title='bbox 998 691 1057 735; x_wconf 92' lang='lat' dir='ltr'>sic</span> <span class='ocrx_word' id='word_1_66' title='bbox 1079 691 1198 745; x_wconf 80' lang='lat' dir='ltr'>fecit,</span> <span class='ocrx_word' id='word_1_67' title='bbox 1224 690 1445 750; x_wconf 89' lang='lat' dir='ltr'>quomodo</span> <span class='ocrx_word' id='word_1_68' title='bbox 1468 689 1571 734; x_wconf 80' lang='lat' dir='ltr'>facit</span> <span class='ocrx_word' id='word_1_69' title='bbox 1588 690 1728 734; x_wconf 82' lang='lat' dir='ltr'>faber.</span> 
     </span>
     <span class='ocr_line' id='line_1_8' title="bbox 343 759 1730 820; baseline -0.004 -10"><span class='ocrx_word' id='word_1_70' title='bbox 343 765 600 810; x_wconf 85' lang='lat' dir='ltr'>Forinsecus</span> <span class='ocrx_word' id='word_1_71' title='bbox 623 771 687 806; x_wconf 83' lang='lat' dir='ltr'>est</span> <span class='ocrx_word' id='word_1_72' title='bbox 708 777 805 805; x_wconf 83' lang='lat' dir='ltr'>arca</span> <span class='ocrx_word' id='word_1_73' title='bbox 826 776 959 820; x_wconf 83' lang='lat' dir='ltr'>quam</span> <span class='ocrx_word' id='word_1_74' title='bbox 988 760 1121 811; x_wconf 84' lang='lat' dir='ltr'>facit,</span> <span class='ocrx_word' id='word_1_75' title='bbox 1147 769 1190 803; x_wconf 85' lang='lat' dir='ltr'>et</span> <span class='ocrx_word' id='word_1_76' title='bbox 1213 759 1284 803; x_wconf 88' lang='lat' dir='ltr'>illa</span> <span class='ocrx_word' id='word_1_77' title='bbox 1308 761 1352 803; x_wconf 89' lang='lat' dir='ltr'>in</span> <span class='ocrx_word' id='word_1_78' title='bbox 1376 759 1458 803; x_wconf 84' lang='lat' dir='ltr'>alio</span> <span class='ocrx_word' id='word_1_79' title='bbox 1474 759 1570 804; x_wconf 85' lang='lat' dir='ltr'>loeo</span> <span class='ocrx_word' id='word_1_80' title='bbox 1591 760 1730 819; x_wconf 88' lang='lat' dir='ltr'>posita</span> 
     </span>
    </p>
   </div>
   <div class='ocr_carea' id='block_1_3' title="bbox 341 822 1819 912">
    <p class='ocr_par' dir='ltr' id='par_1_3' title="bbox 341 822 1819 912">
     <span class='ocr_line' id='line_1_9' title="bbox 341 822 1819 890; baseline -0.003 -10"><span class='ocrx_word' id='word_1_81' title='bbox 341 845 405 880; x_wconf 87' lang='lat' dir='ltr'>est</span> <span class='ocrx_word' id='word_1_82' title='bbox 426 850 527 879; x_wconf 90' lang='lat' dir='ltr'>cum</span> <span class='ocrx_word' id='word_1_83' title='bbox 556 833 816 886; x_wconf 86' lang='lat' dir='ltr'>fabricatur,</span> <span class='ocrx_word' id='word_1_84' title='bbox 845 841 888 875; x_wconf 89' lang='lat' dir='ltr'>et</span> <span class='ocrx_word' id='word_1_85' title='bbox 916 832 1113 890; x_wconf 84' lang='lat' dir='ltr'>quamvis</span> <span class='ocrx_word' id='word_1_86' title='bbox 1133 832 1258 890; x_wconf 78' lang='lat' dir='ltr'>juxta</span> <span class='ocrx_word' id='word_1_87' title='bbox 1291 830 1345 873; x_wconf 88' lang='lat' dir='ltr'>sit</span> <span class='ocrx_word' id='word_1_88' title='bbox 1363 865 1373 884; x_wconf 79' lang='lat'><strong>‚</strong></span> <span class='ocrx_word' id='word_1_89' title='bbox 1407 831 1497 888; x_wconf 84' lang='lat' dir='ltr'>ipse</span> <span class='ocrx_word' id='word_1_90' title='bbox 1527 830 1611 874; x_wconf 91' lang='lat' dir='ltr'>alio</span> <span class='ocrx_word' id='word_1_91' title='bbox 1633 829 1756 875; x_wconf 62' lang='lat' dir='ltr'>loco*</span> <span class='ocrx_word' id='word_1_92' title='bbox 1818 822 1819 840; x_wconf 63' lang='lat'>³</span> 
     </span>
     <span class='ocr_line' id='line_1_10' title="bbox 1818 889 1819 912; baseline 0 0"><span class='ocrx_word' id='word_1_93' title='bbox 1818 889 1819 912; x_wconf 70' lang='lat' dir='ltr'>i</span> 
     </span>
    </p>
   </div>
   <div class='ocr_carea' id='block_1_4' title="bbox 321 899 1731 2569">
    <p class='ocr_par' dir='ltr' id='par_1_4' title="bbox 338 899 1731 1452">
     <span class='ocr_line' id='line_1_11' title="bbox 341 899 1731 964; baseline -0.004 -15"><span class='ocrx_word' id='word_1_94' title='bbox 341 905 462 950; x_wconf 88' lang='lat' dir='ltr'>sedet</span> <span class='ocrx_word' id='word_1_95' title='bbox 493 904 569 964; x_wconf 86' lang='lat' dir='ltr'>qui</span> <span class='ocrx_word' id='word_1_96' title='bbox 601 902 813 956; x_wconf 82' lang='lat' dir='ltr'>fabricat,</span> <span class='ocrx_word' id='word_1_97' title='bbox 851 910 894 945; x_wconf 85' lang='lat' dir='ltr'>et</span> <span class='ocrx_word' id='word_1_98' title='bbox 931 901 1195 944; x_wconf 85' lang='lat' dir='ltr'>extrinsecus</span> <span class='ocrx_word' id='word_1_99' title='bbox 1228 908 1292 943; x_wconf 88' lang='lat' dir='ltr'>est</span> <span class='ocrx_word' id='word_1_100' title='bbox 1315 899 1370 943; x_wconf 87' lang='lat' dir='ltr'>ad</span> <span class='ocrx_word' id='word_1_101' title='bbox 1392 899 1502 942; x_wconf 90' lang='lat' dir='ltr'>illud</span> <span class='ocrx_word' id='word_1_102' title='bbox 1523 899 1643 959; x_wconf 88' lang='lat' dir='ltr'>quod</span> <span class='ocrx_word' id='word_1_103' title='bbox 1664 900 1731 944; x_wconf 88' lang='lat' dir='ltr'>fa-</span> 
     </span>
     <span class='ocr_line' id='line_1_12' title="bbox 340 968 1731 1029; baseline -0.004 -10"><span class='ocrx_word' id='word_1_104' title='bbox 340 976 505 1019; x_wconf 83' lang='lat' dir='ltr'>bricat:</span> <span class='ocrx_word' id='word_1_105' title='bbox 532 977 645 1017; x_wconf 89' lang='lat' dir='ltr'>Deus</span> <span class='ocrx_word' id='word_1_106' title='bbox 679 981 825 1016; x_wconf 86' lang='lat' dir='ltr'>autem</span> <span class='ocrx_word' id='word_1_107' title='bbox 847 970 1013 1014; x_wconf 90' lang='lat' dir='ltr'>mundo</span> <span class='ocrx_word' id='word_1_108' title='bbox 1038 970 1206 1013; x_wconf 85' lang='lat' dir='ltr'>infusus</span> <span class='ocrx_word' id='word_1_109' title='bbox 1237 968 1447 1023; x_wconf 80' lang='lat' dir='ltr'>fabricat,</span> <span class='ocrx_word' id='word_1_110' title='bbox 1469 969 1634 1029; x_wconf 86' lang='lat' dir='ltr'>ubique</span> <span class='ocrx_word' id='word_1_111' title='bbox 1656 985 1731 1028; x_wconf 94' lang='lat' dir='ltr'>po-</span> 
     </span>
     <span class='ocr_line' id='line_1_13' title="bbox 340 1040 1730 1100; baseline -0.004 -10"><span class='ocrx_word' id='word_1_112' title='bbox 340 1046 446 1090; x_wconf 89' lang='lat' dir='ltr'>situs</span> <span class='ocrx_word' id='word_1_113' title='bbox 482 1043 690 1098; x_wconf 78' lang='lat' dir='ltr'>fabricat,</span> <span class='ocrx_word' id='word_1_114' title='bbox 732 1051 776 1086; x_wconf 90' lang='lat' dir='ltr'>et</span> <span class='ocrx_word' id='word_1_115' title='bbox 810 1057 897 1085; x_wconf 87' lang='lat' dir='ltr'>non</span> <span class='ocrx_word' id='word_1_116' title='bbox 932 1041 1096 1085; x_wconf 81' lang='lat' dir='ltr'>recedit</span> <span class='ocrx_word' id='word_1_117' title='bbox 1130 1040 1276 1100; x_wconf 87' lang='lat' dir='ltr'>aliquo</span> <span class='ocrx_word' id='word_1_118' title='bbox 1294 1075 1304 1093; x_wconf 87' lang='lat'>,</span> <span class='ocrx_word' id='word_1_119' title='bbox 1342 1055 1431 1083; x_wconf 84' lang='lat' dir='ltr'>non</span> <span class='ocrx_word' id='word_1_120' title='bbox 1466 1040 1730 1084; x_wconf 84' lang='lat' dir='ltr'>extrinsecus</span> 
     </span>
     <span class='ocr_line' id='line_1_14' title="bbox 340 1109 1729 1176; baseline -0.004 -16"><span class='ocrx_word' id='word_1_121' title='bbox 340 1116 462 1176; x_wconf 85' lang='lat' dir='ltr'>quasi</span> <span class='ocrx_word' id='word_1_122' title='bbox 490 1123 631 1158; x_wconf 85' lang='lat' dir='ltr'>versat</span> <span class='ocrx_word' id='word_1_123' title='bbox 667 1112 827 1157; x_wconf 89' lang='lat' dir='ltr'>molem</span> <span class='ocrx_word' id='word_1_124' title='bbox 853 1127 986 1171; x_wconf 87' lang='lat' dir='ltr'>quam</span> <span class='ocrx_word' id='word_1_125' title='bbox 1014 1111 1213 1155; x_wconf 80' lang='lat' dir='ltr'>fabricat.</span> <span class='ocrx_word' id='word_1_126' title='bbox 1243 1109 1476 1154; x_wconf 64' lang='lat' dir='ltr'>Praesentia</span> <span class='ocrx_word' id='word_1_127' title='bbox 1500 1111 1729 1169; x_wconf 85' lang='lat' dir='ltr'>majestatis</span> 
     </span>
     <span class='ocr_line' id='line_1_15' title="bbox 340 1178 1728 1244; baseline -0.004 -14"><span class='ocrx_word' id='word_1_128' title='bbox 340 1186 465 1240; x_wconf 85' lang='lat' dir='ltr'>facit,</span> <span class='ocrx_word' id='word_1_129' title='bbox 488 1183 608 1244; x_wconf 85' lang='lat' dir='ltr'>quod</span> <span class='ocrx_word' id='word_1_130' title='bbox 625 1183 730 1227; x_wconf 88' lang='lat' dir='ltr'>facit</span> <span class='ocrx_word' id='word_1_131' title='bbox 748 1202 756 1226; x_wconf 76' lang='grc' dir='ltr'><strong><em>ι</em></strong></span> <span class='ocrx_word' id='word_1_132' title='bbox 783 1181 1012 1241; x_wconf 80' lang='lat' dir='ltr'>praesentia</span> <span class='ocrx_word' id='word_1_133' title='bbox 1030 1196 1107 1224; x_wconf 88' lang='lat' dir='ltr'>sua</span> <span class='ocrx_word' id='word_1_134' title='bbox 1131 1181 1361 1238; x_wconf 79' lang='lat' dir='ltr'>gubernat,</span> <span class='ocrx_word' id='word_1_135' title='bbox 1380 1178 1499 1239; x_wconf 83' lang='lat' dir='ltr'>quod</span> <span class='ocrx_word' id='word_1_136' title='bbox 1523 1178 1638 1223; x_wconf 84' lang='lat' dir='ltr'>fecit.</span> <span class='ocrx_word' id='word_1_137' title='bbox 1660 1180 1728 1224; x_wconf 89' lang='lat' dir='ltr'>Sic</span> 
     </span>
     <span class='ocr_line' id='line_1_16' title="bbox 339 1248 1728 1314; baseline -0.004 -14"><span class='ocrx_word' id='word_1_138' title='bbox 339 1271 441 1314; x_wconf 87' lang='lat' dir='ltr'>ergo</span> <span class='ocrx_word' id='word_1_139' title='bbox 464 1264 556 1298; x_wconf 88' lang='lat' dir='ltr'>erat</span> <span class='ocrx_word' id='word_1_140' title='bbox 576 1254 622 1297; x_wconf 91' lang='lat' dir='ltr'>in</span> <span class='ocrx_word' id='word_1_141' title='bbox 651 1253 818 1296; x_wconf 84' lang='lat' dir='ltr'>mundo</span> <span class='ocrx_word' id='word_1_142' title='bbox 835 1286 845 1306; x_wconf 84' lang='lat'>‚</span> <span class='ocrx_word' id='word_1_143' title='bbox 870 1250 1092 1311; x_wconf 87' lang='lat' dir='ltr'>quomodo</span> <span class='ocrx_word' id='word_1_144' title='bbox 1114 1266 1191 1309; x_wconf 91' lang='lat' dir='ltr'>per</span> <span class='ocrx_word' id='word_1_145' title='bbox 1211 1265 1343 1310; x_wconf 87' lang='lat' dir='ltr'>quem</span> <span class='ocrx_word' id='word_1_146' title='bbox 1365 1249 1556 1293; x_wconf 91' lang='lat' dir='ltr'>mundus</span> <span class='ocrx_word' id='word_1_147' title='bbox 1587 1248 1728 1294; x_wconf 84' lang='lat' dir='ltr'>factus</span> 
     </span>
     <span class='ocr_line' id='line_1_17' title="bbox 338 1319 1728 1382; baseline -0.004 -13"><span class='ocrx_word' id='word_1_148' title='bbox 338 1335 402 1370; x_wconf 89' lang='lat' dir='ltr'>est</span> <span class='ocrx_word' id='word_1_149' title='bbox 421 1345 429 1369; x_wconf 92' lang='lat'>:</span> <span class='ocrx_word' id='word_1_150' title='bbox 452 1328 566 1368; x_wconf 89' lang='lat' dir='ltr'>«Per</span> <span class='ocrx_word' id='word_1_151' title='bbox 586 1324 728 1382; x_wconf 90' lang='lat' dir='ltr'>ipsum</span> <span class='ocrx_word' id='word_1_152' title='bbox 751 1322 866 1366; x_wconf 85' lang='lat' dir='ltr'>enim</span> <span class='ocrx_word' id='word_1_153' title='bbox 888 1321 1079 1365; x_wconf 90' lang='lat' dir='ltr'>mundus</span> <span class='ocrx_word' id='word_1_154' title='bbox 1097 1321 1235 1365; x_wconf 89' lang='lat' dir='ltr'>factus</span> <span class='ocrx_word' id='word_1_155' title='bbox 1257 1329 1335 1374; x_wconf 87' lang='lat' dir='ltr'>est,</span> <span class='ocrx_word' id='word_1_156' title='bbox 1357 1329 1400 1363; x_wconf 88' lang='lat' dir='ltr'>et</span> <span class='ocrx_word' id='word_1_157' title='bbox 1421 1319 1612 1364; x_wconf 89' lang='lat' dir='ltr'>mundus</span> <span class='ocrx_word' id='word_1_158' title='bbox 1626 1335 1728 1364; x_wconf 87' lang='lat' dir='ltr'>eum</span> 
     </span>
     <span class='ocr_line' id='line_1_18' title="bbox 340 1393 778 1452; baseline -0.011 -14"><span class='ocrx_word' id='word_1_159' title='bbox 340 1415 361 1438; x_wconf 85' lang='lat'>»</span> <span class='ocrx_word' id='word_1_160' title='bbox 398 1411 488 1440; x_wconf 90' lang='lat' dir='ltr'>non</span> <span class='ocrx_word' id='word_1_161' title='bbox 509 1393 728 1452; x_wconf 86' lang='lat' dir='ltr'>cognovit.</span> <span class='ocrx_word' id='word_1_162' title='bbox 757 1410 778 1433; x_wconf 64' lang='lat' dir='ltr'>n</span> 
     </span>
    </p>

    <p class='ocr_par' dir='ltr' id='par_1_5' title="bbox 321 1460 1727 2569">
     <span class='ocr_line' id='line_1_19' title="bbox 396 1460 1726 1519; baseline -0.004 -10"><span class='ocrx_word' id='word_1_163' title='bbox 396 1468 475 1509; x_wconf 85' lang='lat' dir='ltr'>XI.</span> <span class='ocrx_word' id='word_1_164' title='bbox 503 1464 620 1517; x_wconf 88' lang='lat' dir='ltr'>Quid</span> <span class='ocrx_word' id='word_1_165' title='bbox 643 1472 733 1518; x_wconf 84' lang='lat' dir='ltr'>est,</span> <span class='ocrx_word' id='word_1_166' title='bbox 763 1481 783 1504; x_wconf 91' lang='lat'>«</span> <span class='ocrx_word' id='word_1_167' title='bbox 808 1461 1001 1507; x_wconf 88' lang='lat' dir='ltr'>Mundus</span> <span class='ocrx_word' id='word_1_168' title='bbox 1024 1460 1163 1505; x_wconf 88' lang='lat' dir='ltr'>factus</span> <span class='ocrx_word' id='word_1_169' title='bbox 1187 1469 1251 1505; x_wconf 87' lang='lat' dir='ltr'>est</span> <span class='ocrx_word' id='word_1_170' title='bbox 1272 1476 1349 1519; x_wconf 91' lang='lat' dir='ltr'>per</span> <span class='ocrx_word' id='word_1_171' title='bbox 1370 1460 1548 1519; x_wconf 86' lang='lat' dir='ltr'>ipsum?</span> <span class='ocrx_word' id='word_1_172' title='bbox 1572 1478 1592 1501; x_wconf 91' lang='lat'>»</span> <span class='ocrx_word' id='word_1_173' title='bbox 1620 1461 1726 1504; x_wconf 83' lang='lat' dir='ltr'>Coe-</span> 
     </span>
     <span class='ocr_line' id='line_1_20' title="bbox 336 1523 1727 1590; baseline -0.005 -10"><span class='ocrx_word' id='word_1_174' title='bbox 336 1537 451 1590; x_wconf 85' lang='lat' dir='ltr'>lum,</span> <span class='ocrx_word' id='word_1_175' title='bbox 479 1544 591 1579; x_wconf 88' lang='lat' dir='ltr'>terra</span> <span class='ocrx_word' id='word_1_176' title='bbox 607 1569 617 1588; x_wconf 87' lang='lat'>‚</span> <span class='ocrx_word' id='word_1_177' title='bbox 642 1548 760 1576; x_wconf 88' lang='lat' dir='ltr'>mare</span> <span class='ocrx_word' id='word_1_178' title='bbox 780 1541 823 1575; x_wconf 88' lang='lat' dir='ltr'>et</span> <span class='ocrx_word' id='word_1_179' title='bbox 844 1532 989 1575; x_wconf 86' lang='lat' dir='ltr'>omnia</span> <span class='ocrx_word' id='word_1_180' title='bbox 1014 1547 1113 1590; x_wconf 83' lang='lat' dir='ltr'>quae</span> <span class='ocrx_word' id='word_1_181' title='bbox 1137 1531 1181 1573; x_wconf 88' lang='lat' dir='ltr'>in</span> <span class='ocrx_word' id='word_1_182' title='bbox 1206 1532 1265 1574; x_wconf 87' lang='lat' dir='ltr'>eis</span> <span class='ocrx_word' id='word_1_183' title='bbox 1289 1539 1416 1584; x_wconf 84' lang='lat' dir='ltr'>sunt,</span> <span class='ocrx_word' id='word_1_184' title='bbox 1442 1523 1634 1574; x_wconf 87' lang='lat' dir='ltr'>mundus</span> <span class='ocrx_word' id='word_1_185' title='bbox 1658 1529 1727 1573; x_wconf 85' lang='lat' dir='ltr'>di-</span> 
     </span>
     <span class='ocr_line' id='line_1_21' title="bbox 335 1600 1726 1660; baseline -0.006 -8"><span class='ocrx_word' id='word_1_186' title='bbox 335 1606 463 1652; x_wconf 87' lang='lat' dir='ltr'>citur.</span> <span class='ocrx_word' id='word_1_187' title='bbox 481 1608 645 1648; x_wconf 86' lang='lat' dir='ltr'>Iterum</span> <span class='ocrx_word' id='word_1_188' title='bbox 660 1602 742 1646; x_wconf 89' lang='lat' dir='ltr'>alia</span> <span class='ocrx_word' id='word_1_189' title='bbox 761 1601 1090 1660; x_wconf 77' lang='lat' dir='ltr'>significatione,</span> <span class='ocrx_word' id='word_1_190' title='bbox 1112 1600 1338 1644; x_wconf 84' lang='lat' dir='ltr'>dilectores</span> <span class='ocrx_word' id='word_1_191' title='bbox 1360 1600 1516 1643; x_wconf 85' lang='lat' dir='ltr'>mundi</span> <span class='ocrx_word' id='word_1_192' title='bbox 1536 1600 1726 1644; x_wconf 88' lang='lat' dir='ltr'>mundus</span> 
     </span>
     <span class='ocr_line' id='line_1_22' title="bbox 336 1669 1725 1731; baseline -0.005 -10"><span class='ocrx_word' id='word_1_193' title='bbox 336 1677 559 1721; x_wconf 87' lang='lat' dir='ltr'>dicuntur.</span> <span class='ocrx_word' id='word_1_194' title='bbox 579 1693 599 1716; x_wconf 91' lang='lat'>«</span> <span class='ocrx_word' id='word_1_195' title='bbox 617 1672 809 1717; x_wconf 87' lang='lat' dir='ltr'>Mundus</span> <span class='ocrx_word' id='word_1_196' title='bbox 827 1688 905 1731; x_wconf 88' lang='lat' dir='ltr'>per</span> <span class='ocrx_word' id='word_1_197' title='bbox 918 1672 1062 1730; x_wconf 90' lang='lat' dir='ltr'>ipsum</span> <span class='ocrx_word' id='word_1_198' title='bbox 1086 1670 1224 1714; x_wconf 86' lang='lat' dir='ltr'>factus</span> <span class='ocrx_word' id='word_1_199' title='bbox 1242 1681 1320 1724; x_wconf 83' lang='lat' dir='ltr'>est,</span> <span class='ocrx_word' id='word_1_200' title='bbox 1347 1680 1390 1714; x_wconf 88' lang='lat' dir='ltr'>et</span> <span class='ocrx_word' id='word_1_201' title='bbox 1411 1669 1603 1714; x_wconf 86' lang='lat' dir='ltr'>mundus</span> <span class='ocrx_word' id='word_1_202' title='bbox 1623 1686 1725 1714; x_wconf 90' lang='lat' dir='ltr'>eum</span> 
     </span>
     <span class='ocr_line' id='line_1_23' title="bbox 336 1740 1723 1803; baseline -0.002 -15"><span class='ocrx_word' id='word_1_203' title='bbox 336 1766 356 1789; x_wconf 68' lang='grc' dir='ltr'>υ</span> <span class='ocrx_word' id='word_1_204' title='bbox 370 1762 460 1791; x_wconf 89' lang='lat' dir='ltr'>non</span> <span class='ocrx_word' id='word_1_205' title='bbox 478 1745 698 1803; x_wconf 86' lang='lat' dir='ltr'>cognovit.</span> <span class='ocrx_word' id='word_1_206' title='bbox 714 1746 859 1787; x_wconf 85' lang='lat' dir='ltr'>»Num</span> <span class='ocrx_word' id='word_1_207' title='bbox 876 1742 989 1785; x_wconf 88' lang='lat' dir='ltr'>enim</span> <span class='ocrx_word' id='word_1_208' title='bbox 1007 1740 1107 1785; x_wconf 87' lang='lat' dir='ltr'>coeli</span> <span class='ocrx_word' id='word_1_209' title='bbox 1120 1756 1207 1785; x_wconf 88' lang='lat' dir='ltr'>non</span> <span class='ocrx_word' id='word_1_210' title='bbox 1225 1753 1526 1799; x_wconf 75' lang='lat' dir='ltr'>cognoverunt</span> <span class='ocrx_word' id='word_1_211' title='bbox 1542 1743 1723 1785; x_wconf 85' lang='lat' dir='ltr'>Creato-</span> 
     </span>
     <span class='ocr_line' id='line_1_24' title="bbox 333 1812 1723 1870; baseline -0.004 -9"><span class='ocrx_word' id='word_1_212' title='bbox 333 1832 425 1861; x_wconf 89' lang='lat' dir='ltr'>rem</span> <span class='ocrx_word' id='word_1_213' title='bbox 446 1816 603 1859; x_wconf 81' lang='lat' dir='ltr'>suum‘?</span> <span class='ocrx_word' id='word_1_214' title='bbox 621 1822 695 1856; x_wconf 89' lang='lat' dir='ltr'>aut</span> <span class='ocrx_word' id='word_1_215' title='bbox 708 1812 865 1870; x_wconf 84' lang='lat' dir='ltr'>Angeli</span> <span class='ocrx_word' id='word_1_216' title='bbox 882 1827 971 1855; x_wconf 88' lang='lat' dir='ltr'>non</span> <span class='ocrx_word' id='word_1_217' title='bbox 985 1823 1282 1869; x_wconf 83' lang='lat' dir='ltr'>cognoverunt</span> <span class='ocrx_word' id='word_1_218' title='bbox 1296 1814 1545 1856; x_wconf 81' lang='lat' dir='ltr'>Creatorem</span> <span class='ocrx_word' id='word_1_219' title='bbox 1563 1814 1723 1856; x_wconf 74' lang='lat' dir='ltr'>suum?</span> 
     </span>
     <span class='ocr_line' id='line_1_25' title="bbox 333 1882 1722 1942; baseline -0.004 -11"><span class='ocrx_word' id='word_1_220' title='bbox 333 1896 410 1931; x_wconf 91' lang='lat' dir='ltr'>aut</span> <span class='ocrx_word' id='word_1_221' title='bbox 430 1901 520 1929; x_wconf 89' lang='lat' dir='ltr'>non</span> <span class='ocrx_word' id='word_1_222' title='bbox 544 1891 845 1942; x_wconf 83' lang='lat' dir='ltr'>cognoverunt</span> <span class='ocrx_word' id='word_1_223' title='bbox 862 1884 1113 1926; x_wconf 79' lang='lat' dir='ltr'>Creatorem</span> <span class='ocrx_word' id='word_1_224' title='bbox 1132 1897 1259 1925; x_wconf 88' lang='lat' dir='ltr'>suum</span> <span class='ocrx_word' id='word_1_225' title='bbox 1283 1882 1420 1926; x_wconf 86' lang='lat' dir='ltr'>sidera</span> <span class='ocrx_word' id='word_1_226' title='bbox 1436 1917 1446 1936; x_wconf 85' lang='lat'>‚</span> <span class='ocrx_word' id='word_1_227' title='bbox 1472 1898 1602 1942; x_wconf 86' lang='lat' dir='ltr'>quem</span> <span class='ocrx_word' id='word_1_228' title='bbox 1623 1897 1722 1926; x_wconf 89' lang='lat' dir='ltr'>con·</span> 
     </span>
     <span class='ocr_line' id='line_1_26' title="bbox 332 1950 1721 2010; baseline -0.004 -10"><span class='ocrx_word' id='word_1_229' title='bbox 332 1957 512 2000; x_wconf 84' lang='lat' dir='ltr'>fitentur</span> <span class='ocrx_word' id='word_1_230' title='bbox 539 1952 784 1996; x_wconf 78' lang='lat' dir='ltr'>daemonia?</span> <span class='ocrx_word' id='word_1_231' title='bbox 816 1952 972 1994; x_wconf 86' lang='lat' dir='ltr'>Omnia</span> <span class='ocrx_word' id='word_1_232' title='bbox 1009 1950 1206 2010; x_wconf 87' lang='lat' dir='ltr'>undique</span> <span class='ocrx_word' id='word_1_233' title='bbox 1241 1951 1537 1995; x_wconf 82' lang='lat' dir='ltr'>testimonium</span> <span class='ocrx_word' id='word_1_234' title='bbox 1572 1952 1721 2010; x_wconf 87' lang='lat' dir='ltr'>perhi-</span> 
     </span>
     <span class='ocr_line' id='line_1_27' title="bbox 330 2020 1720 2080; baseline -0.004 -11"><span class='ocrx_word' id='word_1_235' title='bbox 330 2026 538 2069; x_wconf 79' lang='lat' dir='ltr'>buerunt.</span> <span class='ocrx_word' id='word_1_236' title='bbox 570 2023 653 2066; x_wconf 88' lang='lat' dir='ltr'>Sed</span> <span class='ocrx_word' id='word_1_237' title='bbox 681 2021 756 2080; x_wconf 84' lang='lat' dir='ltr'>qui</span> <span class='ocrx_word' id='word_1_238' title='bbox 786 2035 875 2064; x_wconf 90' lang='lat' dir='ltr'>non</span> <span class='ocrx_word' id='word_1_239' title='bbox 907 2023 1234 2078; x_wconf 80' lang='lat' dir='ltr'>cognoverunt?</span> <span class='ocrx_word' id='word_1_240' title='bbox 1265 2021 1349 2073; x_wconf 84' lang='lat' dir='ltr'>Qui</span> <span class='ocrx_word' id='word_1_241' title='bbox 1376 2020 1561 2064; x_wconf 88' lang='lat' dir='ltr'>amando</span> <span class='ocrx_word' id='word_1_242' title='bbox 1590 2036 1720 2065; x_wconf 87' lang='lat' dir='ltr'>mun-</span> 
     </span>
     <span class='ocr_line' id='line_1_28' title="bbox 331 2089 1715 2139; baseline -0.001 0"><span class='ocrx_word' id='word_1_243' title='bbox 331 2096 438 2139; x_wconf 91' lang='lat' dir='ltr'>dum</span> <span class='ocrx_word' id='word_1_244' title='bbox 456 2093 560 2137; x_wconf 85' lang='lat' dir='ltr'>dicti</span> <span class='ocrx_word' id='word_1_245' title='bbox 582 2100 684 2136; x_wconf 90' lang='lat' dir='ltr'>sunt</span> <span class='ocrx_word' id='word_1_246' title='bbox 705 2089 910 2134; x_wconf 79' lang='lat' dir='ltr'>mundus,</span> <span class='ocrx_word' id='word_1_247' title='bbox 937 2090 1136 2134; x_wconf 83' lang='lat' dir='ltr'>Amando</span> <span class='ocrx_word' id='word_1_248' title='bbox 1159 2091 1274 2134; x_wconf 87' lang='lat' dir='ltr'>enim</span> <span class='ocrx_word' id='word_1_249' title='bbox 1293 2092 1538 2134; x_wconf 81' lang='lat' dir='ltr'>habitamus</span> <span class='ocrx_word' id='word_1_250' title='bbox 1559 2093 1715 2137; x_wconf 86' lang='lat' dir='ltr'>corde:</span> 
     </span>
     <span class='ocr_line' id='line_1_29' title="bbox 329 2160 1718 2220; baseline -0.003 -10"><span class='ocrx_word' id='word_1_251' title='bbox 329 2163 518 2210; x_wconf 88' lang='lat' dir='ltr'>amando</span> <span class='ocrx_word' id='word_1_252' title='bbox 541 2173 687 2207; x_wconf 86' lang='lat' dir='ltr'>autem</span> <span class='ocrx_word' id='word_1_253' title='bbox 710 2162 792 2205; x_wconf 88' lang='lat' dir='ltr'>hoc</span> <span class='ocrx_word' id='word_1_254' title='bbox 815 2160 1021 2220; x_wconf 82' lang='lat' dir='ltr'>appellari</span> <span class='ocrx_word' id='word_1_255' title='bbox 1034 2171 1304 2216; x_wconf 85' lang='lat' dir='ltr'>meruerunt,</span> <span class='ocrx_word' id='word_1_256' title='bbox 1324 2162 1444 2220; x_wconf 83' lang='lat' dir='ltr'>quod</span> <span class='ocrx_word' id='word_1_257' title='bbox 1462 2162 1534 2205; x_wconf 83' lang='lat' dir='ltr'>illc</span> <span class='ocrx_word' id='word_1_258' title='bbox 1551 2163 1626 2206; x_wconf 91' lang='lat' dir='ltr'>ubi</span> <span class='ocrx_word' id='word_1_259' title='bbox 1646 2163 1718 2207; x_wconf 87' lang='lat' dir='ltr'>ha-</span> 
     </span>
     <span class='ocr_line' id='line_1_30' title="bbox 327 2219 1713 2290; baseline -0.001 -10"><span class='ocrx_word' id='word_1_260' title='bbox 327 2236 543 2280; x_wconf 87' lang='lat' dir='ltr'>bitabant.</span> <span class='ocrx_word' id='word_1_261' title='bbox 569 2232 802 2286; x_wconf 87' lang='lat' dir='ltr'>Quomodo</span> <span class='ocrx_word' id='word_1_262' title='bbox 831 2231 1014 2276; x_wconf 85' lang='lat' dir='ltr'>dicimus</span> <span class='ocrx_word' id='word_1_263' title='bbox 1040 2251 1047 2275; x_wconf 88' lang='lat'>:</span> <span class='ocrx_word' id='word_1_264' title='bbox 1076 2232 1190 2275; x_wconf 87' lang='lat' dir='ltr'>Mala</span> <span class='ocrx_word' id='word_1_265' title='bbox 1215 2241 1279 2276; x_wconf 85' lang='lat' dir='ltr'>est</span> <span class='ocrx_word' id='word_1_266' title='bbox 1305 2219 1378 2275; x_wconf 84' lang='lat' dir='ltr'>illa</span> <span class='ocrx_word' id='word_1_267' title='bbox 1407 2232 1589 2290; x_wconf 78' lang='lat' dir='ltr'>domus3</span> <span class='ocrx_word' id='word_1_268' title='bbox 1614 2244 1713 2289; x_wconf 90' lang='lat' dir='ltr'>aut,</span> 
     </span>
     <span class='ocr_line' id='line_1_31' title="bbox 326 2302 1711 2362; baseline -0.002 -10"><span class='ocrx_word' id='word_1_269' title='bbox 326 2311 447 2352; x_wconf 89' lang='lat' dir='ltr'>Bona</span> <span class='ocrx_word' id='word_1_270' title='bbox 475 2315 539 2350; x_wconf 87' lang='lat' dir='ltr'>est</span> <span class='ocrx_word' id='word_1_271' title='bbox 563 2304 636 2348; x_wconf 89' lang='lat' dir='ltr'>illa</span> <span class='ocrx_word' id='word_1_272' title='bbox 659 2303 813 2347; x_wconf 91' lang='lat' dir='ltr'>domus</span> <span class='ocrx_word' id='word_1_273' title='bbox 839 2322 846 2348; x_wconf 82' lang='lat' dir='ltr'><strong><em>z</em></strong></span> <span class='ocrx_word' id='word_1_274' title='bbox 874 2319 962 2347; x_wconf 91' lang='lat' dir='ltr'>non</span> <span class='ocrx_word' id='word_1_275' title='bbox 985 2303 1030 2346; x_wconf 89' lang='lat' dir='ltr'>in</span> <span class='ocrx_word' id='word_1_276' title='bbox 1058 2302 1130 2346; x_wconf 82' lang='lat' dir='ltr'>illa</span> <span class='ocrx_word' id='word_1_277' title='bbox 1161 2318 1291 2362; x_wconf 87' lang='lat' dir='ltr'>quam</span> <span class='ocrx_word' id='word_1_278' title='bbox 1326 2303 1508 2347; x_wconf 87' lang='lat' dir='ltr'>dicimus</span> <span class='ocrx_word' id='word_1_279' title='bbox 1531 2305 1711 2360; x_wconf 84' lang='lat' dir='ltr'>malam,</span> 
     </span>
     <span class='ocr_line' id='line_1_32' title="bbox 324 2373 1712 2437; baseline -0.002 -15"><span class='ocrx_word' id='word_1_280' title='bbox 324 2379 507 2437; x_wconf 88' lang='lat' dir='ltr'>parietes</span> <span class='ocrx_word' id='word_1_281' title='bbox 530 2376 897 2432; x_wconf 63' lang='lat' dir='ltr'>accusamus&#39;3aut</span> <span class='ocrx_word' id='word_1_282' title='bbox 918 2375 962 2417; x_wconf 88' lang='lat' dir='ltr'>in</span> <span class='ocrx_word' id='word_1_283' title='bbox 982 2373 1055 2417; x_wconf 85' lang='lat' dir='ltr'>illa</span> <span class='ocrx_word' id='word_1_284' title='bbox 1075 2389 1208 2432; x_wconf 78' lang='lat' dir='ltr'>quam</span> <span class='ocrx_word' id='word_1_285' title='bbox 1229 2373 1412 2417; x_wconf 84' lang='lat' dir='ltr'>dicimus</span> <span class='ocrx_word' id='word_1_286' title='bbox 1429 2375 1604 2428; x_wconf 70' lang='lat' dir='ltr'>bonam,</span> <span class='ocrx_word' id='word_1_287' title='bbox 1630 2392 1712 2435; x_wconf 86' lang='lat' dir='ltr'>pa·-</span> 
     </span>
     <span class='ocr_line' id='line_1_33' title="bbox 322 2441 1709 2503; baseline -0.002 -12"><span class='ocrx_word' id='word_1_288' title='bbox 322 2448 448 2491; x_wconf 85' lang='lat' dir='ltr'>rietes</span> <span class='ocrx_word' id='word_1_289' title='bbox 468 2445 721 2489; x_wconf 85' lang='lat' dir='ltr'>laudamus:</span> <span class='ocrx_word' id='word_1_290' title='bbox 745 2443 821 2488; x_wconf 82' lang='lat' dir='ltr'>sed</span> <span class='ocrx_word' id='word_1_291' title='bbox 840 2442 993 2487; x_wconf 89' lang='lat' dir='ltr'>malam</span> <span class='ocrx_word' id='word_1_292' title='bbox 1014 2441 1209 2497; x_wconf 77' lang='lat' dir='ltr'>domum,</span> <span class='ocrx_word' id='word_1_293' title='bbox 1228 2443 1520 2487; x_wconf 77' lang='lat' dir='ltr'>inhabitantes</span> <span class='ocrx_word' id='word_1_294' title='bbox 1541 2444 1676 2488; x_wconf 87' lang='lat' dir='ltr'>malos</span> <span class='ocrx_word' id='word_1_295' title='bbox 1698 2466 1709 2503; x_wconf 80' lang='lat'><em>3</em></span> 
     </span>
     <span class='ocr_line' id='line_1_34' title="bbox 321 2514 1706 2569; baseline -0.001 -8"><span class='ocrx_word' id='word_1_296' title='bbox 321 2526 365 2561; x_wconf 89' lang='lat' dir='ltr'>et</span> <span class='ocrx_word' id='word_1_297' title='bbox 384 2517 548 2560; x_wconf 86' lang='lat' dir='ltr'>bonam</span> <span class='ocrx_word' id='word_1_298' title='bbox 570 2516 751 2560; x_wconf 90' lang='lat' dir='ltr'>domum</span> <span class='ocrx_word' id='word_1_299' title='bbox 770 2550 780 2569; x_wconf 83' lang='lat'><strong><em>,</em></strong></span> <span class='ocrx_word' id='word_1_300' title='bbox 805 2514 1096 2559; x_wconf 86' lang='lat' dir='ltr'>inhabitantes</span> <span class='ocrx_word' id='word_1_301' title='bbox 1118 2514 1270 2559; x_wconf 87' lang='lat' dir='ltr'>bonos.</span> <span class='ocrx_word' id='word_1_302' title='bbox 1301 2514 1369 2559; x_wconf 85' lang='lat' dir='ltr'>Sic</span> <span class='ocrx_word' id='word_1_303' title='bbox 1393 2524 1434 2558; x_wconf 84' lang='lat' dir='ltr'>et</span> <span class='ocrx_word' id='word_1_304' title='bbox 1458 2514 1675 2559; x_wconf 87' lang='lat' dir='ltr'>mundum</span> <span class='ocrx_word' id='word_1_305' title='bbox 1696 2550 1706 2568; x_wconf 81' lang='grc'><em>,</em></span> 
     </span>
    </p>
   </div>
   <div class='ocr_carea' id='block_1_5' title="bbox 374 2602 606 2640">
    <p class='ocr_par' dir='ltr' id='par_1_6' title="bbox 374 2602 606 2640">
     <span class='ocr_line' id='line_1_35' title="bbox 374 2602 606 2640; baseline 0 -9"><span class='ocrx_word' id='word_1_306' title='bbox 374 2602 485 2633; x_wconf 86' lang='lat' dir='ltr'>¹Joan.</span> <span class='ocrx_word' id='word_1_307' title='bbox 506 2611 531 2640; x_wconf 87' lang='lat'>1,</span> <span class='ocrx_word' id='word_1_308' title='bbox 555 2609 606 2632; x_wconf 83' lang='lat' dir='ltr'>lo.</span> 
     </span>
    </p>
   </div>
   <div class='ocr_carea' id='block_1_6' title="bbox 1805 26 1819 1466">
    <p class='ocr_par' dir='ltr' id='par_1_7' title="bbox 1805 26 1819 1466">
     <span class='ocr_line' id='line_1_36' title="bbox 1805 26 1819 1466; baseline 0 0"><span class='ocrx_word' id='word_1_309' title='bbox 1805 26 1819 1466; x_wconf 95' lang='lat' dir='ltr'> </span> 
     </span>
    </p>
   </div>
   <div class='ocr_carea' id='block_1_7' title="bbox 1812 2146 1819 2831">
    <p class='ocr_par' dir='ltr' id='par_1_8' title="bbox 1812 2146 1819 2831">
     <span class='ocr_line' id='line_1_37' title="bbox 1812 2146 1819 2831; baseline 0 0"><span class='ocrx_word' id='word_1_310' title='bbox 1812 2146 1819 2831; x_wconf 95' lang='lat' dir='ltr'> </span> 
     </span>
    </p>
   </div>
  </div>
 </body>
</html>
