1819 3301
371 258 415 284 m
447 255 620 285 JOANNIS
655 255 968 296 ΕνΑΝοΕιΙυΜ,
1008 258 1153 286 TRACT.
1190 262 1230 287 v.
1402 250 1485 288 447

105 320 236 365 modo
250 322 411 366 creavit
427 323 622 378 Mariam,
640 332 683 366 et
695 332 862 367 creatus
885 331 948 367 est
970 338 1046 382 per
1063 324 1243 368 Mariam
1261 339 1270 365 t
1289 325 1346 369 sic
1368 325 1489 370 dedit

104 392 369 450 baptismum
391 393 550 437 Joanni
567 428 578 447 ,
605 403 647 438 et
670 394 913 452 baptizatus
937 403 999 437 est
1023 410 1045 438 a
1069 397 1252 438 Joanne.

164 464 216 505 V.
253 461 321 506 Ad
343 464 425 506 hoc
446 478 547 520 ergo
568 465 733 523 accepit
755 464 1016 523 baptismum
1040 480 1063 508 a
1086 467 1253 509 Joanne
1267 500 1278 519 ‚
1306 474 1356 508 ut
1376 467 1490 510 acci-

105 532 226 590 piens
240 532 360 591 quod
382 531 560 578 inferius
582 543 673 577 erat
689 534 743 578 ab
766 533 989 589 inferiore,
1016 535 1070 578 ad
1091 535 1133 578 id
1155 535 1275 595 quod
1297 537 1491 595 superius

106 612 197 646 erat
218 603 466 647 hortaretur
486 603 723 648 inferiores.
763 604 845 649 Sed
868 621 1002 665 quare
1024 621 1111 649 non
1133 605 1247 649 solus
1268 606 1358 665 ipse
1379 607 1491 666 bap-

106 673 260 716 tizatus
292 683 355 717 est
377 690 400 717 a
422 677 610 729 Joanne‚
649 675 683 718 si
712 675 765 718 ad
800 676 881 719 hoc
908 676 1059 719 missus
1079 685 1169 719 erat
1189 679 1390 732 Joannes,
1415 693 1492 737 per

107 758 238 802 quem
265 744 556 802 baptizaretur
577 745 795 798 Christus,
831 755 880 789 ut
904 755 1074 804 pararet
1096 747 1209 790 viam
1230 748 1431 803 Domino,
1447 748 1492 792 id

107 822 170 857 est
183 814 262 872 ipsi
277 815 474 859 Christo?
492 818 546 858 Et
564 816 645 859 hoc
660 816 748 875 jam
763 815 946 860 diximus
965 836 973 860 :
992 815 1066 860 sed
1084 833 1489 873 commemoramus,

107 885 207 944 quia
225 886 511 929 necessarium
527 896 590 930 est
607 887 805 945 praesenti
824 887 1067 946 quaestioni.
1096 889 1138 932 Si
1157 889 1271 932 solus
1285 890 1492 933 Dominus

109 965 253 1000 noster
274 959 397 1000 Jesus
420 958 616 1002 Christus
635 958 875 1016 baptizatus
896 968 1004 1002 esset
1026 959 1281 1018 baptismate
1296 962 1491 1006 Joannis:

108 1036 251 1070 tenete
272 1027 392 1086 quod
414 1027 618 1085 dicimus3
644 1044 731 1072 non
754 1038 921 1072 tantum
947 1028 1086 1073 valeat
1109 1029 1333 1084 saeculum,
1354 1041 1403 1074 ut
1417 1033 1494 1074 de-

108 1095 194 1140 leat
216 1112 239 1139 e
261 1096 464 1141 cordibus
482 1099 652 1151 vestris,
678 1099 796 1158 quod
820 1099 877 1141 ibi
900 1099 1066 1158 scripsit
1087 1100 1267 1158 Spiritus
1292 1101 1387 1158 Dei3
1405 1117 1495 1145 non

111 1175 280 1209 tantum
303 1166 476 1210 valeant
504 1167 637 1225 spinae
671 1184 896 1221 curarum,
923 1177 971 1210 ut
992 1169 1180 1212 effocent
1205 1185 1348 1213 semen
1373 1170 1494 1229 quod

109 1237 345 1280 seminatur
365 1236 410 1280 in
427 1237 551 1281 vobis
573 1256 581 1281 ι
601 1253 735 1296 quare
757 1240 870 1280 enim
894 1238 1088 1296 cogimus
1111 1239 1259 1282 eadem
1284 1250 1491 1298 repetere,

111 1307 191 1350 nisi
220 1307 322 1366 quia
345 1306 400 1350 de
421 1308 629 1351 memoria
650 1307 789 1351 cordis
812 1309 939 1351 vestri
961 1309 1098 1352 securi
1122 1325 1210 1352 non
1233 1313 1416 1354 sumus?
1453 1311 1495 1356 Si

112 1393 213 1434 ergo
241 1376 357 1422 solus
386 1378 596 1421 Dominus
630 1379 868 1437 baptizatus
898 1389 1007 1422 esset
1032 1379 1246 1438 baptismo
1284 1382 1461 1425 Joannis
1481 1416 1492 1436 ,

111 1463 200 1492 non
227 1448 424 1492 deessent
447 1448 523 1508 qui
545 1448 603 1492 sic
626 1464 725 1492 eum.
746 1449 980 1503 haberent,
1012 1459 1060 1492 ut
1095 1459 1296 1509 putarent
1330 1451 1495 1510 baptis-

113 1533 232 1562 mum
256 1519 434 1562 Joannis
460 1520 664 1577 majorem
690 1535 799 1573 esse,
825 1535 955 1578 quam
979 1529 1042 1563 est
1062 1520 1299 1579 baptismus
1317 1523 1490 1566 Christi.

114 1590 312 1632 Dicerent
336 1590 449 1632 enim
469 1610 477 1633 :
502 1592 646 1649 Usque
674 1590 781 1634 adeo
799 1589 909 1633 illud
929 1590 1138 1649 baptisma
1167 1593 1301 1651 majus
1324 1602 1406 1647 est,
1446 1603 1496 1637 ut

112 1659 227 1703 solus
243 1660 441 1704 Christus
458 1675 509 1704 eo
532 1660 738 1719 baptizari
763 1660 997 1703 meruisset.
1025 1663 1140 1718 Ergo
1154 1671 1201 1704 ut
1219 1661 1395 1705 daretur
1417 1679 1498 1707 no-

114 1730 177 1773 bis
214 1746 237 1774 a
272 1731 457 1774 Domino
487 1731 732 1789 exemplum
768 1729 1047 1787 humilitatis,
1082 1731 1136 1774 ad
1176 1732 1496 1790 percipiendam

113 1800 294 1844 salutem
321 1801 612 1859 baptismatis,
645 1802 840 1845 Christus
868 1801 1054 1859 suscepit
1075 1801 1193 1860 quod
1218 1802 1255 1845 ei
1278 1818 1385 1860 opus
1408 1819 1497 1846 non

116 1880 223 1925 erat,
244 1871 319 1914 sed
341 1881 521 1930 propter
540 1887 617 1916 nos
640 1887 747 1930 opus
771 1881 874 1914 erat.
902 1874 958 1914 Et
980 1887 1125 1915 rursus
1140 1907 1150 1926 ‚
1176 1888 1229 1914 ne
1255 1873 1338 1916 hoc
1357 1874 1498 1932 ipsum
1548 1874 1557 1887 “

116 1942 235 2002 quod
257 1942 420 2000 accepit
440 1960 461 1986 a
480 1945 648 1985 Joannc
670 1943 879 1996 Christus,
905 1952 1230 2000 praeponeretur
1252 1943 1498 2002 baptismati

118 2013 303 2066 Christi,
328 2013 521 2070 permissi
544 2022 645 2056 sunt
667 2022 710 2056 et
732 2013 803 2056 alii
827 2013 1033 2071 baptizari
1063 2029 1085 2056 a
1101 2015 1282 2056 Joanne.
1321 2013 1403 2057 Scd
1423 2014 1499 2072 qui

118 2084 324 2142 baptizati
349 2094 450 2127 sunt
472 2100 494 2127 a
520 2087 709 2137 Joanne,
737 2100 821 2127 non
846 2085 904 2127 eis
933 2084 1104 2127 suffecit
1134 2103 1142 2126 :
1174 2084 1377 2142 baptizati
1401 2093 1504 2128 sunt

121 2154 474 2213 enim-baptismo
494 2155 675 2211 Christi3
700 2154 802 2213 quia
832 2170 919 2198 non
947 2154 1185 2212 baptismus
1217 2154 1375 2198 Christi
1412 2163 1504 2198 erat

123 2225 360 2283 baptismus
376 2225 568 2268 Joannis.
591 2225 675 2278 Qui
698 2225 916 2284 accipiunt
938 2225 1197 2283 baptismum
1210 2225 1383 2274 Christi,
1398 2225 1508 2284 bap-

122 2294 298 2338 tismum
320 2296 498 2338 Joannis
520 2311 609 2339 non
631 2305 834 2354 quaerunt
854 2314 862 2338 z
881 2295 956 2354 qui
973 2305 1231 2354 acceperunt
1244 2294 1507 2353 baptismum

124 2365 319 2419 Joannis,
344 2365 608 2424 baptismum
620 2366 779 2410 Christi
797 2366 1075 2425 quaesierunt.
1102 2368 1217 2423 Ergo
1234 2365 1405 2409 Christo
1418 2365 1510 2409 suf-

126 2434 227 2479 fecit
248 2435 488 2495 baptismus
503 2437 693 2480 Joannis.
723 2435 950 2488 Quomodo
971 2451 1058 2479 non
1082 2435 1313 2489 sufficeret,
1335 2436 1511 2494 quando

127 2506 311 2564 necipse
331 2515 422 2549 erat
443 2507 734 2549 necessarius?
764 2505 830 2549 Illi
857 2506 971 2549 enim
1004 2504 1150 2548 nullus
1172 2505 1408 2564 baptismus
1424 2515 1515 2550 erat

130 2574 394 2620 necessarius
415 2610 426 2630 ‚
459 2576 533 2619 sed
556 2576 610 2619 ad
633 2574 869 2619 hortandos
896 2590 973 2619 nos
995 2573 1049 2619 ad
1071 2574 1334 2634 baptismum
1354 2590 1482 2620 suum
1499 2609 1510 2631 ‚
