1819 3301
380 288 426 313 IN
458 284 631 314 JoAivms
662 285 972 327 EvANGELmM,
1007 287 1153 317 TaAc'r.
1188 292 1247 318 vr.
1422 280 1504 318 473

132 368 221 397 non
241 350 356 397 valet
382 351 564 396 :falsum
589 361 678 407 est,
709 372 729 394 «
751 356 830 398 Hic
853 364 917 399 est
948 356 1023 415 qui
1052 356 1283 415 baptizat1.
1312 374 1332 397 »
1361 357 1401 400 Si
1428 372 1506 400 au-

133 432 220 467 tem
242 437 392 467 verum
417 430 479 464 est
498 441 505 465 :
536 440 553 461 «
580 422 660 466 Hic
681 432 743 466 est
758 424 833 482 qni
856 424 1045 483 baptizat
1071 445 1078 470 :
1109 444 1127 467 »
1154 435 1196 469 et
1218 425 1337 485 quod
1360 422 1413 468 ab
1433 426 1506 470 illo

131 493 260 536 datur
277 527 287 547 ‚
311 493 453 548 valet,
478 501 520 535 et
542 493 763 551 quomodo
784 493 1008 549 columba,
1046 496 1249 554 baptizat.
1275 498 1371 540 Non
1393 496 1507 538 enim

130 563 268 606 malus
288 562 361 605 ille
375 562 578 606 columba
599 571 677 617 est,
695 572 768 606 aut
780 563 834 607 ad
851 566 1044 609 membra
1062 566 1277 610 columbae
1294 566 1504 625 pertinet:

131 648 211 677 nec
232 634 301 677 hic
319 642 461 692 potest
483 633 569 677 dici
585 635 630 676 in
649 634 892 686 Catholica,
913 651 992 679 nec
1011 637 1127 694 apud
1148 636 1242 680 illos
1259 671 1269 691 ,
1300 636 1333 680 si
1354 636 1416 679 illi
1439 635 1508 679 di-

131 712 260 758 cunt,
285 703 533 747 columbam
556 718 644 747 esse
666 704 900 747 Ecclesiam
923 720 1058 748 suam.
1085 707 1201 758 Quid
1227 721 1326 763 ergo
1347 705 1510 749 intelli-

132 774 271 832 gimus
288 808 298 828 ,
332 771 513 817 fratres?
550 775 765 827 Quoniam
801 774 1074 819 manifestum
1109 785 1197 830 est,
1238 786 1280 820 et
1308 776 1508 820 omnibus

131 853 306 898 notum,
332 845 410 887 etsi
430 843 573 888 nolint
593 844 914 889 convincuntur
935 847 1057 905 :quia
1078 847 1189 890 etibi
1212 846 1386 907 quando
1404 847 1509 890 dant

130 915 232 958 mali
249 930 337 958 non
360 925 457 974 post
478 915 573 959 illos
596 916 866 975 baptizatur3
892 926 933 960 et
954 918 1023 961 hic
1044 919 1219 977 quando
1241 917 1347 961 dant
1374 918 1474 961 mali
1495 953 1506 972 ,

131 1001 220 1029 non
243 995 339 1045 post
361 985 455 1030 illos
471 986 732 1045 baptizatur.
759 987 973 1032 Columba
994 1005 1081 1032 non
1098 989 1287 1048 baptizat
1305 998 1400 1047 post
1421 1004 1511 1032 cor-

134 1072 237 1100 vum
264 1076 272 1100 z
292 1071 446 1100 corvus
467 1072 601 1115 quare
622 1056 717 1101 vult
739 1058 954 1117 baptizare
966 1068 1062 1118 post
1086 1058 1365 1103 columbam?

189 1128 313 1170 XIII.
333 1127 538 1171 Intendat
549 1128 744 1172 Charitas
757 1131 907 1173 Vestra
926 1149 934 1173 :
952 1133 1007 1173 Et
1022 1145 1154 1189 quare
1163 1130 1434 1187 designatum
1449 1138 1511 1171 est

131 1197 277 1241 nescio
309 1196 415 1257 quid
442 1213 519 1256 per
541 1197 805 1252 columbam,
831 1208 882 1242 ut
904 1200 1120 1257 baptizato
1146 1200 1326 1243 Domino
1348 1198 1512 1242 veniret

132 1266 356 1322 columba,
380 1267 426 1311 id
447 1277 536 1322 est,
577 1269 757 1326 Spiritus
784 1278 955 1312 sanctus
978 1270 1023 1311 in
1045 1269 1184 1328 specie
1205 1268 1444 1323 columbae,
1471 1277 1512 1312 et

131 1347 325 1381 maneret
342 1353 470 1396 super
491 1353 607 1392 eum,
623 1339 781 1382 cumin
797 1338 988 1383 adventu
1003 1339 1217 1383 columbae
1235 1340 1317 1383 hoc
1334 1354 1513 1396 cognosa

131 1416 248 1451 ccret
264 1410 468 1463 Joannes,
492 1409 710 1467 propriam
734 1407 967 1468 quamdam
986 1418 1240 1468 potestatem
1261 1411 1305 1452 in
1328 1410 1512 1453 Domino

132 1478 187 1522 ad
202 1479 531 1538 baptizandum?
545 1480 645 1538 quia
659 1496 734 1538 per
751 1481 863 1524 ¹hanc
879 1481 1095 1539 propriam
1113 1489 1383 1539 potestatem,
1404 1481 1513 1524 sicut

131 1548 242 1603 dixi,
269 1565 351 1608 pax
378 1549 581 1593 Ecclesiae
615 1550 781 1593 firmata
815 1559 892 1594 est.
924 1554 979 1594 Et
1007 1560 1147 1609 potest
1176 1551 1266 1593 fieri
1288 1559 1337 1593 ut
1359 1551 1514 1594 habeat

84 1654 89 1657 .
132 1619 283 1678 aliquis
299 1620 557 1678 baptismum
572 1629 727 1678 praeter
744 1620 989 1665 columbam
1004 1640 1010 1664 :
1024 1631 1071 1665 ut
1085 1621 1218 1680 prosit
1228 1621 1265 1663 ei
1277 1620 1513 1678 baptismus

131 1699 288 1748 praeter
308 1689 578 1744 columbam,
609 1705 694 1733 non
722 1699 879 1748 potest.
902 1690 1102 1734 Intendat
1124 1690 1318 1734 Charitas
1334 1692 1509 1744 Vestra,

132 1769 175 1804 et
195 1760 412 1819 intelligat
433 1761 553 1820 quod
576 1760 671 1804 dico
693 1780 700 1805 :
724 1776 823 1803 nam
842 1770 884 1804 et
908 1761 986 1804 ista
1009 1761 1378 1805 circumventione
1401 1776 1513 1818 saepe

132 1830 348 1874 seducunt
368 1830 520 1876 fratres
550 1840 732 1885 nostrOS,
758 1831 833 1890 qui
860 1831 970 1889 pigri
1001 1840 1042 1875 et
1065 1830 1211 1889 frigidi
1232 1839 1346 1874 sunt.
1374 1831 1513 1875 Simus

133 1902 410 1961 simpliciores
433 1912 476 1946 et
498 1902 790 1945 ferventiores.
829 1905 961 1955 Ecce,
984 1902 1216 1961 inquiunt,
1240 1917 1317 1959 ego
1340 1903 1509 1960 accepi,

133 1987 280 2016 annon
301 1972 447 2031 accepi
458 1974 483 2018 ‘?.
497 1971 754 2031 Respondeo
775 1991 783 2015 ε
803 1972 1028 2030 Accepisti.
1058 1972 1099 2016 Si
1118 1986 1217 2028 ergo
1241 1971 1406 2029 accepi,
1426 1986 1513 2014 non

134 2052 197 2087 est
224 2042 340 2103 quod
366 2041 474 2086 mihi
496 2042 597 2100 des3
622 2058 794 2086 securus
823 2058 916 2086 sum
932 2077 942 2097 ,
973 2042 1102 2086 etiam
1138 2042 1382 2085 testimonio
1407 2050 1480 2084 tuo
1502 2061 1510 2085 2

133 2122 176 2157 et
198 2128 278 2171 ego
301 2113 415 2156 enim
439 2128 508 2156 me
530 2112 627 2157 dico
650 2113 876 2172 accepisse,
902 2121 944 2156 et
961 2121 1008 2155 tu
1031 2128 1099 2155 me
1120 2112 1263 2155 fateris
1285 2112 1510 2170 accepisse:

134 2184 359 2243 utriusque
380 2183 530 2242 lingua
551 2199 752 2228 securum
780 2199 849 2227 me
872 2182 973 2226 facit
999 2202 1007 2227 ;
1032 2182 1138 2242 quid
1161 2197 1260 2240 ergo
1280 2183 1386 2225 mihi
1411 2198 1512 2241 pro-

133 2255 298 2298 mittis?
320 2269 454 2314 quare
477 2270 544 2298 me
562 2255 624 2299 vis
642 2253 906 2299 catholicum
921 2252 1076 2307 facere⁹
1102 2252 1279 2313 quando
1301 2269 1390 2297 non
1408 2254 1513 2297 mihi

135 2324 301 2386 aliquid
335 2324 515 2369 daturus
548 2335 611 2369 est
643 2325 843 2385 amplius,
875 2334 917 2368 et
942 2339 1009 2368 me
1025 2326 1114 2384 jam
1138 2325 1347 2382 accepisse
1370 2323 1513 2368 fateris

133 2396 254 2457 quod
266 2405 308 2440 te
326 2397 486 2440 habere
501 2396 631 2440 dicis?
646 2412 726 2456 ego
742 2405 885 2440 antem
904 2395 1080 2456 quando
1094 2395 1191 2439 dico
1210 2415 1218 2439 ;
1236 2395 1344 2438 Veni
1359 2395 1413 2439 ad
1426 2411 1510 2450 me,

133 2469 231 2513 dico
254 2468 355 2528 quia
372 2483 461 2512 non
478 2468 610 2512 habes
632 2477 695 2523 tu,
720 2469 794 2528 qui
816 2467 959 2511 fateris
975 2467 1076 2526 quia
1097 2467 1237 2511 habeo
1264 2485 1271 2509 :
1295 2481 1428 2526 quare
1444 2466 1513 2510 di-

133 2541 191 2584 cis
213 2559 222 2584 ;
240 2538 350 2582 Veni
371 2538 426 2582 ad
447 2540 545 2582 me?

182 2631 191 2646 ¹
213 2626 306 2657 Joan.
328 2634 351 2664 1,
371 2623 423 2655 33.
