1819 3301
343 235 396 273 50
701 271 706 276 ,
786 247 817 271 s.
855 243 1084 271 Aucus'rnu
1118 243 1298 271 EPISCOPI

338 311 526 354 Marcus.
550 311 665 353 Hora
684 317 775 352 erat
789 307 913 367 quasi
930 315 1046 350 sexta
1064 320 1164 350 cum
1185 303 1368 349 traditus
1388 311 1450 346 est
1471 301 1729 359 crucifigen-
1791 315 1798 323 “

337 380 418 424 dus
443 396 467 424 a
490 379 628 436 Pilato
657 378 856 433 sedente,
882 385 932 420 ut
959 375 1129 420 dictum
1152 383 1238 430 est,
1264 390 1343 434 pro
1374 371 1596 418 tribunali.
1633 373 1732 417 Non

336 452 451 495 enim
459 452 550 511 jam
572 450 700 510 plena
718 459 834 493 sexta
851 457 959 503 erat,
984 446 1061 492 sed
1080 449 1204 507 quasi
1225 455 1342 490 sexta
1361 465 1370 490 ι
1390 444 1435 489 id
1452 453 1535 499 est,
1560 452 1732 502 peracta

338 522 491 582 quinta
534 519 699 581 aliquid
734 520 863 563 etiam
896 518 951 562 de
978 527 1096 563 sexta
1126 532 1217 561 esse
1247 525 1455 575 coeperat.
1499 516 1735 573 Nunquam

339 602 485 637 autem
516 592 585 635 isti
617 591 813 635 dicerent
853 588 1006 649 quinta
1042 597 1086 632 et
1119 586 1361 648 quadrans,
1400 594 1476 630 aut
1507 584 1661 644 quinta
1693 592 1738 626 et

345 663 493 717 triens,
513 670 589 706 aut
605 660 759 721 quinta
777 669 820 703 et
832 659 974 714 semis,
994 667 1070 702 aut
1091 657 1259 717 aliquid
1276 655 1541 717 hujusmodi.
1563 654 1739 699 Habent

339 733 455 777 enim
480 732 614 776 istum
638 745 805 791 morem
830 730 1093 789 Scripturae,
1118 737 1169 771 ut
1191 743 1214 771 a
1236 736 1359 786 parte
1380 735 1522 771 totum
1547 732 1736 784 ponant,

346 802 532 846 maxime
563 802 609 844 in
637 799 908 860 temporibus
933 818 942 842 :
966 799 1078 842 sicut
1106 799 1161 842 de
1184 806 1284 843 octo
1313 797 1397 841 illis
1433 796 1607 850 diebus,
1642 802 1741 854 post

346 889 455 934 quos
476 887 577 916 eum
608 870 761 915 dicunt
791 868 1030 914 ascendisse
1045 870 1090 911 in
1107 877 1302 913 montem
1320 870 1353 923 1,
1372 882 1559 928 quorum
1578 864 1744 910 medios

348 946 568 988 intuentes
583 943 818 988 Matthaeus
836 950 879 985 et
896 943 1070 985 Marcus
1088 938 1313 994 dixerunt,
1335 958 1351 979 «
1371 942 1474 983 Post
1488 937 1578 982 dies
1593 937 1702 983 sex2.
1723 955 1741 976 »

357 1014 600 1060 Praesertim
625 1014 726 1074 quia
755 1023 843 1057 tam
867 1010 1091 1056 moderate
1113 1010 1229 1054 idem
1252 1012 1441 1054 Joannes
1463 1008 1637 1053 locutus
1658 1015 1744 1061 est,
1787 1054 1799 1071 ι

353 1095 510 1130 utnon
528 1084 692 1129 diceret
713 1091 848 1137 sexta,
874 1081 950 1126 sed
972 1100 991 1123 «
1017 1081 1143 1134 Quasi
1166 1089 1283 1124 sexta
1303 1099 1312 1125 :
1340 1099 1360 1121 n
1387 1078 1508 1140 quod
1527 1079 1561 1123 si
1582 1078 1642 1123 ita
1658 1093 1748 1134 non

356 1155 542 1209 diceret,
569 1153 644 1198 sed
666 1152 975 1197 tantummodo
1004 1161 1169 1195 sextam
1201 1149 1390 1207 diceret3
1423 1163 1646 1210 possemus
1671 1163 1750 1192 nos

352 1227 411 1269 ita
441 1223 706 1283 intelligere,
743 1221 1123 1283 quemadmodum
1157 1219 1281 1280 loqui
1314 1219 1457 1265 solent
1490 1219 1748 1278 scripturae,

354 1296 465 1339 sicut
491 1295 601 1349 dixi,
628 1311 650 1338 a
672 1302 795 1353 parte
819 1302 984 1347 totum,
1015 1300 1066 1335 ut
1096 1299 1265 1348 peracta
1294 1291 1449 1349 quinta
1479 1298 1522 1334 et
1549 1289 1753 1333 inchoata

355 1375 471 1410 sexta
503 1356 886 1425 gererentur-brec
925 1379 1024 1423 quae
1060 1371 1232 1405 narrata
1266 1370 1369 1405 sunt
1397 1361 1442 1404 in
1471 1360 1753 1405 crucifixione

361 1437 530 1482 Domini
551 1437 702 1491 nostri,
724 1435 863 1480 donec
887 1432 1103 1493 completa
1124 1443 1242 1477 sexta
1259 1432 1335 1488 iilo
1358 1432 1579 1491 pendente
1601 1432 1756 1475 fierent

363 1508 573 1563 tenebrae,
596 1507 757 1567 quibus
770 1515 856 1549 tres
874 1504 1162 1562 Evangelistae
1186 1511 1468 1558 attestantur,
1497 1503 1752 1556 Matthaeus,

366 1582 538 1624 Marcus
560 1586 603 1621 et
626 1579 799 1621 Lucasss.

422 1650 562 1692 XLII.
589 1651 842 1700 Quaeramus
881 1646 971 1705 jam
1005 1653 1343 1704 consequenter,
1368 1659 1447 1689 cur
1466 1642 1622 1687 dixerit
1638 1645 1758 1687 Mar-

367 1733 463 1773 cus,
500 1733 601 1763 cum
643 1724 1020 1761 commemorasset
1064 1715 1185 1776 quod
1226 1715 1528 1773 crucifigentes
1558 1728 1657 1758 eum
1690 1713 1759 1757 di-

369 1790 563 1834 viserunt
582 1789 840 1842 vestimenta
870 1788 983 1847 ejus,
1014 1787 1235 1831 mittentes
1257 1795 1393 1831 sortes
1424 1800 1555 1845 super
1582 1785 1642 1829 eis
1664 1784 1762 1844 quis

369 1859 477 1920 quid
500 1858 694 1912 tolleret,
719 1867 763 1901 et
792 1866 966 1901 secutus
988 1855 1259 1916 adjunxerit,
1294 1875 1314 1897 (t
1348 1859 1455 1898 Erat
1483 1863 1627 1898 autem
1654 1854 1762 1898 hora

374 1949 394 1971 »
430 1930 555 1974 tertia
572 1964 582 1984 ,
609 1938 651 1973 et
671 1928 981 1972 crucifixerunt
1003 1939 1120 1969 eum.
1149 1942 1168 1965 n
1195 1926 1293 1968 Jam
1316 1932 1429 1968 certe
1452 1924 1640 1979 dixerat,
1668 1943 1685 1964 «
1708 1926 1766 1969 Et

377 2020 396 2042 »
432 2000 734 2058 crucifigentes
769 2013 869 2040 cum
903 1996 1143 2039 diviserunt
1176 1995 1434 2039 vestimenta
1465 1996 1595 2055 ejus4.
1634 2014 1657 2036 η
1696 1995 1766 2041 Sic

354 2072 505 2115 ¹etiam
536 2069 680 2114 caeteri
711 2076 989 2121 attestantur,
1032 2066 1153 2126 quod
1187 2081 1239 2110 eo
1272 2067 1478 2112 crucifixo
1509 2067 1767 2112 vestimenta
1818 2120 1819 2125 ¹

375 2141 510 2186 divisa
530 2149 645 2184 sunt.
678 2140 719 2185 Si
739 2141 830 2199 ejus
849 2139 910 2182 rei
930 2146 1059 2198 gestae
1074 2147 1247 2197 tempus
1263 2136 1404 2183 voluit
1423 2153 1769 2184 commemorare
1818 2132 1819 2136 ¹

378 2215 572 2265 Marcus,
608 2211 827 2254 sufficeret
852 2209 997 2253 dicere
1023 2227 1031 2253 ;
1061 2227 1077 2248 «
1108 2211 1214 2252 Erat
1238 2217 1384 2253 autem
1413 2209 1520 2253 hora
1553 2209 1680 2255 tertia
1706 2228 1715 2254 :
1743 2226 1765 2250 »

377 2281 547 2342 utquid
570 2281 790 2340 adjunxit,
819 2298 837 2319 «
864 2282 920 2323 Et
944 2279 1253 2323 crucifixerunt
1274 2294 1402 2335 eum,
1430 2297 1450 2320 >¹
1475 2280 1557 2325 nisi
1573 2280 1676 2340 quia
1688 2295 1789 2331 νοτ

379 2353 459 2396 luit
496 2350 661 2411 aliquid
699 2348 1025 2408 recapitulando
1062 2348 1331 2406 significare,
1373 2349 1494 2410 quod
1535 2351 1770 2410 quaesitum

379 2422 668 2474 inveniretur,
686 2435 786 2464 cum
805 2420 1026 2478 Scriptura
1045 2419 1134 2478 ipsa
1148 2417 1230 2463 illis
1246 2420 1514 2480 temporibus
1529 2419 1766 2480 legeretur,

429 2523 437 2538 ¹
462 2518 538 2549 Luc.
556 2529 599 2558 lx,
616 2516 669 2548 28.
685 2533 725 2539 —
745 2521 758 2537 ²
781 2515 901 2546 Mattlr.
921 2525 998 2555 xvn,
1022 2525 1052 2555 1,
1072 2519 1104 2546 et
1122 2515 1225 2547 Marc.
1245 2525 1290 2557 rx,
1314 2526 1343 2547 1.
1365 2532 1405 2537 —
1427 2513 1440 2538 3
1459 2516 1578 2550 Mauh.
1597 2526 1696 2558 xxvu,
1711 2513 1766 2558 45,

383 2574 487 2603 Marc.
514 2582 567 2612 xv,
586 2571 639 2613 33,
663 2574 696 2603 ct
710 2572 784 2603 Luc.
806 2580 896 2611 xxm,
916 2568 970 2611 44.
993 2585 1033 2592 —
1052 2567 1067 2599 4
1086 2569 1190 2602 Marc.
1212 2580 1265 2611 xv,
1285 2569 1342 2602 25.
