1819 3301
360 225 406 251 ιΝ
437 222 612 251 JoAmus
644 221 952 259 ΕνΑΝρΕιΙυΜ,
987 220 1133 249 ΤιιΑοΤ.
1169 224 1199 249 1.
1387 213 1471 251 399

90 297 232 348 potest
263 307 272 332 ε
310 297 354 332 et
386 288 461 348 qui
499 303 589 332 non
616 296 757 347 potest
785 287 950 331 nutriat
982 302 1078 341 cor,
1102 295 1153 330 ut
1173 287 1322 345 possit.
1349 289 1472 332 Unde

90 360 280 403 nutriat?
313 362 374 403 De
413 359 524 403 lacte
558 359 750 413 nutriat,
793 367 843 402 ut
886 359 941 402 ad
981 358 1130 402 cibum
1163 361 1399 416 perveniat.
1436 362 1474 402 A

86 430 260 474 Christo
282 444 359 488 per
386 444 562 472 carnem
585 437 688 472 nato
710 443 800 472 non
834 427 1009 471 recedat
1035 446 1044 471 :
1078 426 1217 471 donec
1250 428 1475 486 perveniat

90 500 145 543 ad
165 500 386 544 Christum
409 498 463 543 ab
492 514 581 542 uno
618 501 743 542 Patre
764 509 917 542 natum
955 498 1151 541 Verbum
1184 501 1322 541 Deum
1347 496 1475 556 ‘apud

91 573 250 618 Deum,
284 584 362 628 per
389 568 510 628 quod
538 568 651 612 facta
686 578 788 613 sunt
820 569 965 613 omnia
998 587 1008 614 ;
1046 570 1148 628 quia
1182 568 1255 612 illa
1276 569 1364 613 vita
1387 577 1471 623 est,

89 656 189 700 quae
211 640 257 682 in
275 638 351 683 illo
372 648 436 682 est
455 638 530 682 lux
551 639 794 683 hominum.

148 711 313 754 XVIII.
347 711 439 752 Hoc
461 709 578 752 enim
606 709 802 769 sequitur
828 727 837 752 ε
869 727 888 750 «
916 711 972 752 Et
994 709 1080 752 vita
1114 718 1206 752 erat
1236 708 1309 751 lux
1331 708 1476 752 homi—

95 798 115 821 »
149 795 254 823 num
276 782 287 803 ¹
316 797 326 823 z
351 788 394 822 et
421 794 474 822 ex
507 779 599 837 ipsa
628 779 717 822 vita
742 778 941 822 homines
972 778 1291 822 illuminantur.
1318 782 1477 822 Pccora

92 864 181 894 non
217 847 548 903 illuminantur,
588 848 689 908 quia
729 863 882 907 pecora
924 864 1013 892 non
1047 849 1211 892 habent
1248 848 1476 892 rationales

91 928 285 974 mentes,
322 934 421 978 quae
459 918 623 977 possint
660 917 808 962 videre
836 918 1106 977 sapientiam.
1149 921 1290 962 Homo
1332 927 1476 961 autem

92 989 232 1033 factus
262 989 317 1032 ad
340 988 572 1046 imaginem
594 988 692 1041 Dei,
721 989 854 1032 habet
871 988 1126 1032 rationalem
1158 998 1346 1032 mentem
1365 1023 1375 1042 ,
1401 1003 1478 1046 per

92 1074 222 1119 quam
245 1059 377 1118 possit
393 1059 614 1118 percipere
632 1059 899 1117 sapientiam.
921 1061 1037 1117 Ergo
1054 1058 1127 1102 illa
1149 1060 1234 1102 vita
1257 1075 1332 1117 per
1347 1074 1478 1118 quam

92 1128 205 1173 facta
227 1139 329 1173 sunt
359 1129 528 1182 omnia,
555 1130 645 1187 ipsa
672 1129 757 1171 vita
792 1128 866 1171 lux
893 1138 957 1171 est
985 1148 993 1171 ;
1019 1138 1062 1171 et
1092 1144 1181 1171 non
1203 1143 1479 1187 quorumque

89 1202 372 1255 animalium,
408 1201 484 1244 sed
517 1199 591 1243 lux
614 1200 857 1243 hominum.
898 1199 1022 1242 Unde
1054 1199 1185 1257 paulo
1211 1209 1308 1257 post
1338 1199 1442 1242 dicit
1469 1218 1476 1242 :

97 1291 118 1313 «
153 1275 257 1315 Erat
288 1271 439 1314 lumen
468 1285 643 1324 verum,
680 1269 800 1329 quod
822 1268 1041 1312 illuminat
1063 1285 1237 1313 omnem
1259 1269 1480 1312 hominem

98 1360 117 1383 »
152 1343 398 1385 venientem
423 1341 469 1383 in
485 1341 603 1383 hunc
627 1340 842 1383 mundum
858 1343 890 1383 ².
916 1358 934 1380 υ
959 1340 1025 1383 Ab
1044 1339 1118 1383 illo
1138 1338 1303 1382 lumine
1324 1338 1482 1382 illumi-

13 1440 16 1469 ³
93 1421 221 1455 natus
241 1420 306 1455 est
327 1413 516 1454 ¹Ioannes
529 1410 718 1468 Baptista
736 1429 746 1465 3
767 1409 822 1452 ab
846 1410 940 1468 ipso
962 1419 1005 1453 et
1024 1410 1111 1468 ipse
1130 1412 1318 1453 Joannes
1337 1411 1482 1452 Evan-

96 1481 260 1539 gelista.
282 1484 347 1524 Ex
369 1481 463 1538 ipso
494 1479 660 1526 lumine
682 1478 837 1538 plenus
864 1488 953 1522 erat
970 1479 1047 1538 qui
1064 1479 1171 1522 dixit
1197 1498 1205 1522 :
1231 1498 1251 1520 «
1272 1481 1369 1523 Non
1386 1494 1479 1522 sum

100 1570 120 1592 »
155 1567 236 1610 ego
254 1551 472 1604 Christus,
501 1549 576 1593 sed
598 1550 674 1608 qui
705 1558 801 1608 post
827 1564 896 1592 me
931 1549 1075 1603 venit,
1107 1550 1228 1608 cujus
1265 1564 1355 1593 non
1386 1564 1482 1592 sum

101 1640 120 1662 »
156 1637 237 1680 ego
273 1620 431 1678 dignus
460 1620 689 1678 corrigiam
717 1619 997 1662 calceamenti
1022 1618 1227 1663 solvere?
1256 1637 1274 1659 »
1308 1619 1375 1662 Ab
1406 1617 1481 1662 illo

98 1692 264 1736 lumine
297 1691 569 1735 illuminatus
601 1699 693 1734 erat
724 1690 801 1750 qui
830 1690 938 1733 dixit
975 1709 984 1734 ε
1016 1709 1035 1731 «
1067 1693 1117 1733 In
1152 1689 1365 1749 principio
1393 1698 1484 1732 erat

101 1782 122 1805 »
157 1762 351 1806 Verbum
370 1797 381 1817 ,
413 1772 461 1805 et
494 1761 689 1805 Verbum
723 1770 813 1804 erat
842 1759 960 1819 apud
982 1763 1150 1815 Deum,
1180 1769 1224 1803 et
1254 1763 1366 1803 Deus
1394 1770 1485 1803 erat

103 1852 123 1875 »
158 1833 369 1876 Verbum.
398 1849 418 1872 »
440 1834 556 1890 Ergo
572 1831 645 1874 illa
668 1832 752 1874 vita
774 1829 847 1873 lux
869 1839 932 1873 est
952 1830 1196 1873 hominum.

135 1915 137 1917 ’
159 1905 282 1946 XIX.
311 1901 395 1946 Sed
417 1900 529 1945 forte
552 1900 683 1944 stulta
712 1901 843 1944 corda
866 1899 1010 1943 adhuc
1027 1915 1180 1958 capere
1202 1900 1325 1943 istam
1341 1899 1484 1943 lucem

102 1988 191 2016 non
212 1980 422 2032 possunt,
450 1972 551 2030 quia
582 1971 766 2029 peccatis
789 1970 874 2014 suis
897 1979 1209 2027 aggravantur,
1234 1978 1283 2012 ut
1305 1985 1400 2012 eam
1422 1970 1486 2013 vi-

103 2043 204 2086 dere
227 2057 316 2086 non
344 2041 523 2100 possint.
550 2043 644 2085 Non
669 2040 766 2083 ideo
796 2040 989 2097 cogitent
1009 2039 1131 2099 quasi
1153 2040 1374 2082 absentem
1397 2054 1486 2082 esse

102 2113 245 2157 lucem
264 2147 274 2166 ,
307 2112 409 2171 quia
431 2126 526 2154 eam
555 2110 700 2154 videre
721 2126 809 2154 non
832 2119 1012 2168 possunt
1038 2128 1047 2154 :
1074 2110 1153 2167 ipsi
1175 2110 1288 2152 enim
1311 2119 1488 2168 propter

103 2191 279 2242 peccata
306 2182 497 2225 tenebrae
519 2190 635 2224 sunt.
673 2200 694 2222 «
719 2183 777 2223 Et
799 2179 872 2222 lux
896 2180 940 2222 in
964 2179 1153 2222 tenebris
1174 2179 1291 2222 lucet
1309 2213 1320 2233 ,
1356 2189 1398 2222 et
1420 2189 1487 2222 te-

107 2271 127 2294 »
163 2253 311 2296 nebrae
335 2267 429 2295 eam
459 2266 548 2295 non
582 2250 1010 2310 comprehenderunt
1024 2250 1054 2291 4.
1084 2267 1104 2290 »
1140 2251 1277 2307 Ergo,
1307 2249 1486 2304 tratres,

106 2322 328 2383 quomodo
350 2323 482 2366 homo
505 2321 670 2380 positus
690 2321 734 2364 in
758 2320 846 2364 sole
867 2334 1028 2373 caecus,
1046 2333 1233 2377 praesens
1251 2328 1313 2362 est
1329 2319 1391 2362 illi
1406 2319 1486 2373 sol,

106 2393 182 2438 sed
216 2393 306 2453 ipse
339 2392 418 2436 soli
453 2391 609 2435 absens
637 2400 701 2435 est
728 2411 736 2435 z
763 2391 822 2434 sic
854 2389 994 2434 omnis
1026 2389 1210 2443 stultus,
1244 2389 1382 2433 omnis
1405 2390 1491 2432 ini-

107 2480 248 2524 quus,
289 2462 428 2508 omnis
456 2461 637 2520 impius,
672 2476 812 2505 caecus
849 2469 913 2503 est
947 2459 1091 2503 corde.
1120 2462 1312 2503 Praesens
1333 2468 1397 2503 est
1423 2475 1491 2504 sa-

158 2555 165 2570 ¹
186 2550 279 2580 Joan.
302 2558 325 2588 ι,
345 2546 377 2586 4.
402 2563 440 2568 -
460 2553 469 2568 ²
492 2545 571 2578 lbid.
588 2557 619 2588 9.
645 2562 684 2568 —
707 2543 814 2576 3Ibid.
841 2555 880 2576 20
899 2548 933 2575 ct
952 2554 1004 2585 27.
1034 2559 1072 2567 ——
1094 2542 1209 2575 41bid.
1231 2544 1261 2575 5.
