1819 3301
324 260 409 297 200
748 266 781 295 s.
819 265 1049 293 Aucus'nm
1083 264 1265 292 Emscom

320 335 420 379 culo
444 334 603 379 dimitti
636 333 781 378 dicit¹.
822 332 947 377 Unde
975 331 1113 391 quaeri
1140 340 1306 390 potest,
1331 340 1482 376 utrum
1503 332 1549 375 in
1575 333 1707 392 Spiri-

320 416 412 450 tum
432 414 626 449 sanctum
652 403 794 447 Judaei
818 401 1119 461 peccaverint,
1141 402 1318 461 quando
1340 401 1562 457 dixerunt,
1588 402 1707 462 quod

317 478 364 521 in
394 475 637 519 Beelzebub
672 473 867 532 principe
896 472 1214 516 daemoniorum
1252 471 1466 516 daemonia
1497 473 1707 519 Dominus

317 547 578 607 expelleret²
603 566 611 590 :
636 554 783 588 utrum
806 544 890 588 hoc
912 544 957 586 in
979 544 1120 603 ipsum
1144 544 1378 588 Dominum
1404 543 1569 588 dictum
1592 545 1707 589 acci-

316 619 485 678 piamus
501 652 511 670 ,
533 615 634 675 quia
652 615 705 658 de
727 630 770 658 se
792 613 896 658 dicit
918 614 1001 658 alio
1020 613 1118 659 loco
1137 633 1145 658 :
1162 633 1181 656 «
1210 614 1252 658 Si
1271 614 1387 657 enim
1407 612 1706 673 patremfami-

319 708 339 731 »
374 689 452 731 lias
486 685 732 730 Beelzebub
763 695 1057 740 vocaverunt,
1095 694 1261 745 quanto
1293 685 1427 744 magis
1451 686 1707 732 domesticos

317 777 337 800 ι»
374 759 515 818 θ]ι133ἑ)
543 775 563 797 ι)
595 759 662 800 An
695 756 905 816 quoniam
936 756 991 799 de
1024 771 1180 814 magna
1213 755 1453 799 invidentia
1483 755 1704 813 dixerant,

312 828 470 887 ingrati
508 836 597 871 tam
638 826 925 885 praesentibus
967 825 1188 869 beneficiis
1207 859 1219 880 ,
1261 826 1460 885 quamvis
1506 827 1707 870 nondum

311 899 545 944 Christiani
564 897 750 952 fuerint,
775 907 920 941 tamen
943 899 1121 956 propter
1143 897 1279 956 ipsam
1306 896 1557 941 invidentiae
1580 913 1705 956 mag-

313 968 559 1014 nitudinem
588 969 635 1011 in
659 968 866 1027 Spiritum
889 975 1089 1011 sanctum
1111 979 1311 1026 peccasse
1334 966 1542 1011 credendi
1570 970 1707 1012 sunt?

315 1043 414 1085 Non
436 1039 550 1082 enim
572 1039 656 1083 hoc
678 1038 896 1097 colligitur
919 1038 974 1081 de
995 1038 1139 1081 verbis
1159 1038 1347 1081 Domini.
1364 1038 1570 1091 Quamvis
1591 1039 1708 1083 enim

317 1109 472 1155 eodem
495 1108 593 1154 loco
624 1108 813 1153 dixerit:
855 1128 874 1150 (ι
903 1109 1180 1168 Quicumque
1204 1108 1318 1152 enim
1351 1108 1505 1152 dixerit
1523 1109 1708 1153 verbum

319 1200 339 1223 »
375 1195 564 1240 nequam
588 1178 792 1223 adversus
810 1178 969 1223 Filium
1003 1179 1212 1233 hominis,
1253 1179 1498 1223 remittetur
1527 1179 1566 1222 ei
1597 1199 1607 1225 2
1631 1180 1708 1240 qui

316 1271 337 1294 »
373 1261 517 1296 autem
537 1251 692 1295 dixerit
709 1252 892 1295 verbum
917 1250 1122 1294 adversus
1147 1251 1353 1309 Spiritum
1371 1260 1568 1295 sanctum
1585 1286 1596 1303 ,
1617 1267 1707 1296 non

317 1341 337 1364 »
373 1322 618 1365 remittetur
641 1321 679 1364 ei
701 1336 844 1380 neque
866 1321 911 1364 in
928 1321 1011 1365 hoc
1033 1320 1213 1376 sacculo,
1239 1336 1382 1381 neque
1400 1321 1446 1364 in
1462 1321 1639 1365 futuro⁴
1660 1340 1703 1366 z»

314 1402 462 1436 tamen
483 1391 620 1435 videri
643 1400 785 1450 potest
805 1391 859 1435 ad
881 1392 964 1435 hoc
988 1407 1059 1436 eos
1082 1391 1323 1446 monuisse,
1350 1400 1400 1435 ut
1422 1390 1632 1436 accedant
1653 1392 1708 1436 ad

318 1463 523 1522 gratiam,
559 1472 602 1507 et
623 1471 722 1522 post
744 1472 964 1522 acceptam
987 1462 1170 1521 gratiam
1207 1478 1296 1506 non
1328 1462 1388 1506 ita
1411 1474 1620 1521 peccent,
1658 1472 1709 1507 ut

318 1550 436 1579 nunc
458 1543 765 1593 peccaverunt.
783 1536 910 1578 Nunc
925 1533 1041 1577 enim
1061 1533 1106 1576 in
1124 1533 1283 1577 Filium
1299 1534 1486 1577 hominis
1504 1533 1709 1579 dixerunt

317 1605 503 1650 verbum
533 1620 746 1663 nequam,
773 1613 816 1648 et
845 1613 987 1664 potest
1004 1604 1063 1647 eis
1082 1603 1259 1659 dimitti,
1283 1604 1316 1647 si
1333 1604 1528 1648 conversi
1546 1603 1710 1649 suerint

315 1685 358 1720 et
381 1676 419 1719 ei
455 1674 742 1729 crediderint,
770 1683 814 1718 et
846 1675 1054 1733 Spiritum
1079 1683 1278 1718 sanctum
1307 1674 1552 1734 acceperint
1578 1694 1586 1720 ε
1618 1691 1707 1735 quo

312 1755 490 1805 accepto
513 1746 547 1789 si
569 1744 827 1789 fraternitati
850 1744 1066 1798 invidere,
1102 1753 1145 1789 et
1169 1745 1349 1803 gratiam
1370 1759 1503 1804 quam
1525 1760 1707 1804 accepe-

311 1825 413 1860 runt
437 1830 691 1875 oppugnare
714 1809 958 1868 voluerint,
982 1830 1071 1858 non
1094 1814 1153 1858 eis
1174 1813 1358 1869 dimitti,
1383 1831 1526 1876 neque
1547 1816 1593 1859 in
1615 1817 1698 1860 hoc

311 1885 494 1941 saeculo,
520 1900 662 1945 neque
685 1885 729 1928 in
747 1883 911 1929 futuro.
933 1887 1043 1929 Nam
1065 1885 1098 1928 si
1116 1900 1186 1928 eos
1204 1885 1263 1929 sic
1285 1885 1467 1929 haberet
1490 1885 1703 1930 condem—

313 1966 436 2000 natos
454 1991 465 2011 ‚
491 1965 542 1999 ut
569 1954 689 1999 nulla
723 1970 817 2014 spes
839 1955 921 1998 illis
949 1954 1115 2014 reliqua
1143 1964 1282 2010 esset,
1321 1971 1411 1999 non
1439 1955 1584 2000 adhuc
1607 1971 1705 2000 mo·-
1748 1981 1756 1985 —

314 2026 482 2070 nendos
496 2024 713 2084 judicaret
727 2059 737 2079 ,
759 2040 861 2068 cum
879 2023 1047 2068 addidit
1064 2023 1211 2068 dicens
1234 2043 1242 2069 :
1273 2043 1293 2066 «
1318 2027 1408 2069 Aut
1428 2024 1557 2069 facite
1575 2026 1707 2070 arbo-

317 2115 337 2138 »
374 2111 464 2139 rem
488 2097 665 2149 bonam,
682 2104 725 2139 et
742 2093 934 2139 fructum
959 2095 1049 2154 ejus
1064 2094 1254 2139 bonum:
1271 2103 1345 2138 aut
1363 2093 1491 2139 facite
1506 2096 1704 2140 arborem

316 2185 336 2208 »
373 2167 531 2210 malam
550 2202 560 2220 ,
583 2175 626 2210 et
644 2165 837 2210 fructum
861 2170 950 2220 eJus
973 2165 1137 2208 malum
1152 2167 1182 2208 ⁵.
1215 2184 1234 2205 »

377 2239 573 2280 LXXVI.
602 2236 669 2281 Sic
690 2236 838 2295 itaque
860 2235 1097 2295 accipiatur
1118 2234 1359 2292 diligendos
1379 2236 1576 2281 inimicos
1595 2252 1701 2292 esse,

318 2316 362 2351 et
387 2306 754 2350 benefaciendum
777 2306 843 2350 his
868 2306 944 2366 qui
968 2320 1045 2349 nos
1074 2304 1262 2349 oderunt
1283 2340 1293 2360 ,
1319 2314 1362 2349 et
1383 2305 1599 2350 orandum
1625 2321 1704 2365 pro

315 2378 382 2421 his
415 2376 491 2437 qui
514 2392 591 2421 nos
613 2386 935 2436 persequuntur
950 2412 960 2431 ,
986 2385 1036 2420 ut
1056 2390 1135 2435 pro
1157 2366 1435 2435 quibusdam
1455 2377 1584 2420 etiam
1614 2375 1703 2420 fra-

318 2456 436 2491 trum
468 2449 654 2507 peccatis
690 2447 958 2507 intelligatur
987 2463 1076 2491 non
1107 2456 1376 2506 praeceptum
1399 2463 1488 2492 esse
1505 2483 1516 2505 ,
1541 2456 1589 2491 ut
1611 2462 1708 2492 ore-

365 2549 373 2565 ι
396 2543 515 2574 Matth.
535 2555 590 2585 ιιι,
608 2542 662 2584 24.
686 2560 727 2566 --
748 2550 760 2566 ²
785 2545 887 2575 Mai-e.
907 2554 952 2584 in,
977 2552 1030 2576 22.
1052 2559 1092 2567 —-
1122 2540 1273 2576 3Μτιωι.
1293 2553 1326 2584 x,
1346 2542 1400 2575 25.
1419 2542 1620 2583 —41‹1.xu‚
1640 2543 1696 2574 32.

323 2615 363 2620 ——
379 2596 393 2620 5
412 2598 493 2630 ibid.
517 2599 567 2630 33.
