1819 3301
387 243 468 283 162
819 252 853 282 s.
890 252 1123 282 Auousnm
1155 253 1338 281 Enscom

1633 436 1773 452 mm

383 437 920 457 1151meme

894 582 1109 631 CAPUT
1144 584 1261 630 XII.

437 741 646 783 XXXIII.
668 757 687 781 α
706 742 906 783 Aulus-ris
923 738 1027 798 quia
1049 737 1217 782 dictum
1232 744 1296 779 est
1313 735 1501 795 antiquis
1520 737 1642 779 :Non
1654 749 1769 778 moe-

381 828 402 851 »
436 809 649 854 chaberis.
676 812 769 867 Ego
787 820 935 853 autem
952 808 1050 852 dico
1072 808 1213 861 vobis,
1238 806 1338 866 quia
1357 806 1496 849 omnis
1517 806 1593 865 qui
1615 805 1774 849 viderit

383 899 404 922 »
439 880 668 924 mulierem
692 880 747 924 ad
769 877 1170 938 concupiscendum
1192 892 1287 920 eam
1306 912 1320 932 ,
1335 878 1426 936 jam
1448 877 1694 920 moechatus
1709 884 1773 919 est

381 969 402 992 »
437 966 533 994 eam
555 951 602 994 in
619 950 750 994 corde
773 965 851 994 suo
866 952 896 993 ¹.
927 967 946 989 »
968 951 991 992 J
998 947 1140 992 ustitia
1159 962 1263 1006 ergo
1279 946 1422 991 minor
1435 955 1499 990 est
1516 981 1528 999 ,
1554 961 1644 990 non
1658 961 1771 989 moe-

377 1021 495 1064 chari
519 1035 752 1079 corporum
780 1019 1088 1079 conjunctione
1115 1037 1123 1062 :
1142 1017 1310 1077 justitia
1341 1032 1445 1060 vero
1478 1017 1614 1076 major
1649 1016 1771 1074 regni

376 1091 480 1146 Dei,
501 1107 590 1134 non
608 1090 819 1134 moechari
840 1090 885 1133 in
908 1088 1054 1133 corde.
1082 1088 1283 1147 Quisquis
1306 1096 1452 1130 autem
1468 1100 1559 1129 non
1581 1086 1773 1130 moeeha-
1792 1127 1800 1137 ,

376 1171 448 1206 tur
469 1162 515 1205 in
536 1161 689 1215 corde,
717 1160 856 1216 multo
876 1159 1050 1204 facilius
1072 1159 1263 1202 custodit
1276 1173 1330 1201 ne
1350 1158 1597 1200 moechetur
1613 1156 1659 1200 in
1681 1171 1770 1200 cor-

374 1247 494 1291 pore.
518 1231 635 1275 Illud
658 1246 761 1289 ergo
778 1229 1052 1275 confirmavit
1069 1229 1145 1288 qui
1168 1229 1251 1272 hoc
1275 1227 1482 1286 praecepit
1501 1245 1510 1271 ε
1536 1242 1626 1270 non
1653 1227 1770 1270 enim

373 1303 494 1346 venit
516 1305 676 1361 Legem
716 1301 904 1356 solvere,
927 1299 1003 1344 sed
1035 1299 1229 1358 implere.
1271 1301 1382 1343 Sane
1403 1296 1769 1341 considerandum

372 1381 435 1416 est
469 1371 589 1431 quod
624 1387 713 1416 non
751 1371 857 1415 dixit
883 1390 893 1416 ι
924 1389 944 1411 «
966 1369 1117 1414 Omnis
1165 1369 1240 1428 qui
1269 1367 1570 1426 concupiverit
1606 1366 1768 1411 mulie-

375 1459 396 1482 »
432 1457 523 1485 rem
542 1463 553 1497 3
586 1441 661 1485 sed
678 1477 688 1496 ,
719 1442 796 1500 qui
833 1440 990 1485 viderit
1019 1438 1245 1482 mulierem
1278 1437 1333 1481 ad
1367 1436 1767 1496 concupiscendum

376 1529 396 1552 »
432 1527 550 1566 eam,
579 1529 598 1553 n
624 1510 670 1554 id
693 1520 755 1554 est
773 1546 784 1565 ,
804 1511 888 1554 hoc
904 1511 990 1554 fine
1012 1518 1055 1553 et
1074 1510 1158 1552 hoc
1177 1508 1322 1551 animo
1348 1507 1585 1562 attenderit
1602 1516 1652 1551 ut
1672 1522 1767 1551 eam

369 1582 675 1641 concupiscat:
694 1581 815 1641 quod
833 1583 924 1641 jam
938 1596 1027 1624 non
1040 1589 1103 1624 est
1119 1579 1285 1623 titillari
1305 1578 1594 1622 delectatione
1609 1578 1764 1632 carnis,

371 1729 438 1764 tus
462 1722 695 1778 appetituS,
713 1721 788 1763 sed
802 1721 835 1763 si
862 1719 1044 1763 facultas
1062 1718 1163 1761 data
1186 1715 1334 1771 suerit,
1355 1717 1554 1761 satietur.

431 1792 638 1834 XXXIV.
673 1792 783 1835 Nam
815 1789 897 1832 tria
935 1798 1035 1832 sunt
1062 1787 1224 1847 quibus
1265 1787 1473 1846 impletur
1511 1796 1761 1846 peccatum,

371 1861 644 1919 suggestione
660 1895 671 1915 ,
692 1860 981 1904 delectatione
1003 1868 1046 1902 et
1069 1857 1367 1902 consentione.
1397 1858 1624 1916 Suggestio
1638 1893 1649 1912 ,
1676 1858 1765 1902 sive

374 1946 450 1991 per
473 1931 726 1975 memoriam
751 1932 798 1974 fit
819 1966 830 1984 ,
851 1931 938 1974 sive
957 1945 1033 1989 per
1056 1930 1249 1988 corporis
1266 1944 1415 1972 sensus
1435 1964 1446 1983 ,
1468 1944 1570 1972 cum
1600 1929 1766 1988 aliquid

371 2001 591 2055 videmus,
616 2001 685 2045 vel
707 2001 933 2050 audimus,
953 2000 1022 2043 vel
1045 1999 1272 2044 olfacimus
1293 2034 1303 2052 ‚
1330 1999 1400 2042 vel
1435 2009 1676 2058 gustamus,
1698 1998 1768 2043 vel

372 2072 606 2130 tangimus.
633 2075 731 2124 Quo
745 2071 779 2114 si
802 2072 889 2115 frui
913 2070 1220 2123 delectaverit,
1247 2068 1481 2113 delectatio
1515 2069 1664 2114 illicita
1697 2085 1766 2113 re—

374 2139 584 2183 frenanda
604 2150 682 2184 est.
710 2140 842 2184 Velut
853 2155 954 2183 cum
971 2141 1216 2199 jejunamus
1237 2148 1280 2182 et
1302 2139 1401 2182 visis
1419 2139 1525 2182 cibis
1541 2138 1672 2197 palati
1687 2154 1766 2198 ap-

371 2212 531 2270 petitus
555 2211 739 2269 assurgit
758 2246 768 2265 ,
788 2227 877 2254 non
896 2211 945 2253 fit
969 2210 1049 2253 nisi
1062 2209 1352 2253 delectatione
1376 2229 1384 2252 :
1403 2209 1479 2252 sed
1496 2210 1598 2253 huic
1621 2219 1766 2253 tamen

374 2295 464 2324 non
485 2281 797 2334 consentimus,
818 2289 861 2323 et
882 2295 974 2323 eam
997 2278 1260 2323 dominantis
1284 2279 1459 2322 rationis
1475 2280 1574 2338 jure
1591 2279 1766 2323 cohibe-

374 2366 486 2394 mus.
516 2351 559 2394 Si
580 2360 725 2393 autem
750 2351 975 2393 consensio
999 2348 1108 2392 facta
1132 2348 1291 2404 fuerit,
1323 2350 1501 2408 plenum
1538 2359 1764 2408 peccatum

374 2421 475 2474 erit,
502 2430 656 2464 notum
677 2423 761 2463 Deo
783 2420 828 2462 in
852 2419 980 2463 corde
1004 2428 1166 2472 nostro,
1182 2419 1310 2462 etiam
1337 2420 1368 2462 si
1385 2419 1499 2463 sacto
1521 2435 1610 2463 non
1633 2420 1763 2463 inno-

376 2499 508 2535 tescat
527 2491 793 2535 hominibus.
821 2493 884 2534 Ita
915 2505 1017 2548 ergo
1036 2499 1139 2533 sunt
1168 2489 1238 2534 isti
1261 2490 1418 2548 gradus
1445 2525 1455 2544 ,
1487 2491 1609 2550 quasi
1631 2506 1654 2534 a
1671 2506 1762 2534 ser-

427 2593 432 2607 ¹
456 2587 568 2618 Matth.
585 2598 616 2626 v,
635 2596 689 2627 27,
711 2587 764 2618 28.
