1819 3301
295 306 348 331 De
379 302 586 331 cousmvsu
619 300 1026 338 nvANGELtsTARUM,
1062 301 1142 326 Lm.
1179 301 1238 325 1v.
1378 287 1460 325 123

87 370 228 430 aquila
248 370 294 413 in
315 371 381 413 his
402 385 500 428 quae
516 369 710 413 Christus
727 367 952 411 sublimius
974 366 1145 409 locutus
1167 373 1244 417 est,
1265 364 1464 407 immora-

89 449 170 493 tur,
197 440 333 483 necin
356 448 513 481 terram
536 437 725 497 quodam
743 436 873 480 modo
895 436 973 479 nisi
996 451 1091 478 raro
1114 432 1350 478 descendit.
1378 436 1464 476 De-

85 511 216 568 nique
252 508 446 568 quamvis
476 516 657 550 matrem
687 507 846 550 Christi
875 522 918 549 se
951 520 1074 549 nosse
1103 504 1231 563 plane
1257 511 1461 557 testetur,

85 588 230 622 tamen
256 593 335 621 nec
354 579 445 637 ejus
479 577 702 620 nativitate
731 591 831 619 cum
854 576 1061 619 Matthaeo
1084 583 1126 617 et
1152 577 1269 617 Luca
1302 571 1466 631 aliquid

86 648 216 703 dicit,
238 648 372 691 necin
388 650 476 707 ejus
496 647 759 705 baptismum
777 661 876 689 cum
894 646 1030 688 tribus
1041 652 1371 697 commemorat,
1391 643 1466 687 sed

86 718 391 762 tantummodo
423 718 483 760 ibi
506 716 799 760 testimonium
830 715 1007 758 ,loannis
1030 714 1114 758 alte
1136 713 1467 771 sublimiterque

86 787 420 842 commendans,
453 786 610 830 relictis
645 786 704 829 eis
732 785 874 845 pergit
901 799 1002 828 cum
1034 783 1108 828 illo
1137 783 1191 827 ad
1224 783 1395 842 nuptias
1422 784 1468 826 in

86 859 204 901 Cana
232 856 421 900 Galilaeae
446 859 457 881 ¹
490 876 498 899 ;
526 856 602 898 ubi
630 856 827 914 quamvis
856 855 945 913 ipse
980 853 1252 912 Evangelista
1286 863 1467 896 matrem

85 929 175 986 ejus
204 926 334 970 fuisse
362 935 693 980 commemoret,
719 925 792 968 ille
819 936 964 968 tamen
998 924 1103 968 dicit
1131 943 1138 967 :
1170 943 1188 965 «
1215 923 1328 976 Quid
1361 923 1467 965 mihi

91 1016 110 1038 »
145 1006 187 1039 et
209 996 288 1039 tibi
311 1005 372 1039 est
391 995 576 1038 mulier?
599 1014 618 1035 »
640 1011 728 1038 non
751 993 961 1053 repellens
984 993 1037 1037 de
1059 1009 1145 1053 qua
1167 993 1353 1050 suscepit
1375 1007 1468 1035 car-

87 1082 186 1110 nem
206 1101 216 1120 ,
257 1064 331 1109 sed
374 1080 495 1108 suam
536 1074 640 1108 tunc
679 1065 865 1107 maxime
904 1064 1125 1107 insinuans
1162 1062 1433 1106 divinitatem
1454 1096 1465 1116 ,

89 1151 244 1195 aquam
268 1149 552 1178 conversurus
574 1135 617 1177 in
641 1134 791 1177 vinum
815 1152 822 1176 :
847 1149 946 1192 quae
970 1133 1170 1176 divinitas
1199 1132 1317 1174 illam
1340 1131 1467 1174 etiam

90 1205 317 1248 foeminam
333 1203 508 1257 fecerat,
530 1204 676 1247 nonin
699 1202 771 1247 illa
787 1204 899 1246 facta
922 1211 1027 1245 erat.

143 1277 244 1318 XII.
263 1273 369 1317 Inde
386 1283 482 1332 post
506 1289 663 1332 paucos
685 1273 775 1316 dies
794 1271 928 1315 factos
943 1273 987 1314 in
1011 1271 1335 1329 Capharnaum,
1357 1269 1469 1313 redit

89 1343 144 1386 ad
167 1343 394 1402 templum,
414 1344 490 1387 ubi
507 1359 605 1386 eum
625 1351 933 1386 commemorat
950 1340 1100 1384 dixisse
1123 1340 1176 1383 de
1195 1340 1358 1398 templo
1379 1354 1471 1382 cor-

88 1413 202 1471 poris
225 1413 291 1456 sui
309 1417 339 1455 ².
371 1432 389 1453 «
415 1413 573 1457 Solvite
591 1412 800 1470 templum
820 1413 917 1463 hoc,
950 1420 992 1453 et
1010 1411 1054 1453 in
1072 1410 1210 1452 tribus
1233 1409 1386 1452 diebus
1404 1424 1470 1451 ex-

91 1500 112 1522 »
148 1482 291 1525 citabo
312 1482 422 1525 illud
440 1485 454 1507 3
478 1503 486 1526 ;
516 1501 534 1522 »
561 1483 636 1525 ubi
658 1482 839 1524 maxime
863 1480 1068 1533 insinuat,
1102 1495 1190 1523 non
1212 1478 1352 1522 solum
1370 1479 1470 1537 quia

90 1554 202 1594 Deus
235 1560 325 1594 erat
356 1552 400 1594 in
430 1552 593 1610 templo
626 1551 819 1594 Verbum
851 1565 949 1593 caro
978 1548 1165 1606 factum,
1188 1549 1470 1591 verumetiam

91 1620 193 1679 quia
226 1622 421 1664 eamdem
455 1637 625 1664 carnem
655 1621 744 1679 ipse
769 1619 1059 1671 resuscitavit,
1092 1634 1178 1661 non
1212 1619 1363 1675 utique
1393 1618 1472 1659 nisi

90 1689 330 1734 secundum
351 1690 395 1733 id
412 1690 531 1749 quod
556 1706 689 1732 unum
710 1699 772 1732 est
793 1705 891 1732 cum
913 1692 1053 1739 Patre,
1080 1704 1158 1730 nec
1182 1686 1473 1745 separabiliter

92 1770 294 1818 operatur
326 1779 332 1802 :
370 1776 469 1803 cum
493 1761 655 1803 caeteris
678 1759 781 1802 locis
806 1758 992 1801 fortassis
1021 1758 1223 1800 omnibus
1257 1757 1472 1814 Scriptura

92 1846 180 1873 non
210 1829 345 1883 dicat,
367 1830 446 1872 nisi
469 1830 585 1888 quod
623 1833 731 1873 Deus
754 1828 875 1871 illum
900 1828 1195 1883 suscitaverit3
1221 1843 1299 1870 nec
1318 1826 1475 1869 alicubi

92 1900 150 1943 sic
170 1914 415 1956 expressum
439 1908 501 1941 est
531 1899 650 1957 quod
673 1913 773 1942 cum
799 1902 911 1941 Deus
941 1897 1200 1940 resuscitarit
1226 1898 1444 1940 Christum
1463 1931 1472 1948 ,

93 1969 222 2011 etiam
245 1969 334 2026 ipse
357 1984 399 2011 se
422 1969 711 2021 resuscitavit,
737 1968 836 2026 quia
855 1983 953 2010 cum
983 1970 1105 2009 Patre
1128 1982 1240 2009 unus
1260 1969 1370 2008 Deus
1387 1974 1473 2018 est,

95 2038 204 2080 sicut
228 2038 308 2080 hoc
329 2037 426 2080 loco
450 2038 524 2080 ubi
548 2038 606 2080 ait
633 2057 641 2081 ·.
672 2057 690 2078 «
721 2036 880 2080 Solvite
905 2036 1114 2095 templum.
1136 2037 1241 2089 hoc,
1269 2045 1312 2078 et
1329 2036 1373 2078 in
1401 2035 1477 2077 tri-

100 2126 118 2147 »
153 2108 234 2150 bus
256 2107 410 2151 diebus
432 2108 650 2151 suscitabo
673 2107 799 2150 illud.
830 2126 848 2147 »
1095 2158 1098 2160 Α

153 2180 278 2220 XIII.
316 2178 424 2220 Inde
457 2194 557 2221 cum
588 2178 664 2221 illo
693 2178 930 2221 Nicodemo
964 2192 1095 2235 quam
1132 2191 1308 2233 magna,
1350 2191 1480 2234 quam

98 2245 243 2289 divina
270 2246 440 2294 locutus
468 2255 530 2288 est
554 2247 595 2286 ⁴?
623 2246 730 2289 Inde
757 2262 901 2289 rursus
930 2246 1067 2304 pergit
1099 2244 1152 2288 ad
1186 2244 1478 2287 testimonium

97 2316 276 2359 Joannis
292 2351 302 2369 ,
328 2325 370 2358 et
392 2315 669 2359 commendat
689 2317 882 2363 ,amicum
907 2316 1050 2373 sponsi
1074 2331 1161 2358 non
1187 2314 1375 2372 gaudere
1404 2313 1485 2356 nisi

98 2394 274 2443 propter
307 2400 457 2428 vocem
490 2385 647 2443 sponsi.
683 2385 763 2428 Ubi
792 2386 998 2428 admonet
1027 2386 1213 2426 animam
1249 2384 1483 2426 humanam

100 2470 188 2497 non
207 2454 260 2496 de
283 2454 429 2512 seipsa
447 2454 527 2497 sibi
552 2453 719 2508 lucere,
745 2470 825 2497 nec
850 2455 990 2507 beari,
1012 2454 1091 2497 nisi
1117 2451 1482 2496 incommutabilis

98 2523 425 2581 participatione
447 2525 678 2582 sapientiae.
698 2522 806 2567 Inde
824 2523 879 2566 ad
901 2523 1127 2566 mulierem
1145 2522 1474 2575 Samaritanam,

149 2614 154 2629 ¹
175 2610 265 2639 Joan.
287 2619 367 2648 11,1.
390 2614 455 2629 -²
475 2608 556 2639 Ibid.
582 2618 630 2639 12.
652 2625 693 2629 --
711 2607 723 2630 3
744 2609 788 2640 Id.
814 2619 847 2647 11,
874 2619 922 2648 ¹9-
946 2625 987 2629 —
1005 2605 1078 2638 41d.
1099 2618 1145 2647 ιιι,
1177 2615 1269 2638 1-22.
