1819 3301
355 214 437 254 400
785 225 817 253 s.
856 227 1085 253 AUGUSTINI
1119 226 1298 252 EPISCOPI

352 293 531 351 pientia,
557 291 632 336 sed
648 306 748 336 cum
770 306 884 335 caeco
908 305 1096 350 proesens
1119 298 1198 344 est,
1213 288 1350 334 oeulis
1373 291 1464 349 ejus
1485 291 1638 334 absens
1656 300 1738 334 est:

352 378 442 407 non
468 363 570 423 quia
592 363 682 422 ipsa
704 362 766 404 illi
790 361 943 404 absens
965 369 1054 415 est,
1081 358 1155 404 sed
1180 359 1283 420 quia
1313 360 1403 419 ipse
1419 360 1474 404 ab
1497 359 1569 404 illa
1592 361 1746 405 absens

351 444 429 479 est.
465 433 581 487 Quid
622 448 724 491 ergo
753 431 884 475 faciat
921 431 1033 475 iste?
1064 430 1251 475 Mundet
1285 430 1404 475 unde
1443 432 1577 491 possit
1609 430 1746 475 videri

351 507 480 548 Deus
508 502 741 556 Quomodo
763 502 796 546 si
816 510 1045 561 propterea
1062 499 1209 545 videre
1241 516 1330 545 non
1350 511 1514 560 posset,
1536 501 1639 562 quia
1659 517 1746 546 sor-

350 574 474 618 didos
497 583 539 617 et
562 573 728 617 saucios
751 571 899 616 oculos
921 572 1103 616 haberet
1123 607 1134 627 ,
1166 571 1360 616 irruente
1381 571 1562 632 pulvere
1583 571 1653 616 vel
1676 571 1745 631 pi-

352 645 459 688 tuita
476 644 544 688 vel
573 643 695 688 fumo
714 678 725 699 ‚
751 643 914 688 diceret
935 642 999 686 illi
1021 643 1216 687 medicus
1243 662 1251 688 z
1279 646 1421 702 Purga
1439 643 1494 686 de
1515 642 1644 687 oculo
1666 651 1744 687 tuo

349 713 569 775 quidquid
589 714 693 759 mali
715 724 780 759 est
799 750 809 770 ,
836 723 886 758 ut
908 715 1041 774 possis
1059 714 1206 759 videre
1226 714 1372 758 lucem
1395 713 1626 759 oculorum
1648 723 1746 759 tuo-

350 802 460 830 rum.
484 784 653 841 Pulvis‚
678 786 835 846 pituita
855 821 866 841 ‚
887 786 1034 830 fumus
1050 821 1060 841 ,
1087 795 1264 845 peecata
1287 795 1330 830 et
1346 786 1597 846 iniquitates
1612 794 1713 830 sunt
1733 804 1741 830 ε

350 857 454 902 tolle
476 856 577 901 inde
606 857 684 901 ista
711 857 854 902 omnia
869 892 879 912 ,
906 866 948 901 et
968 856 1138 901 videbis
1160 857 1414 917 sapientiam
1438 873 1538 917 quae
1557 872 1745 917 praesens

349 938 414 973 est
432 964 442 983 ‚
468 930 571 988 quia
594 932 707 973 Deus
729 938 793 973 est
819 929 909 988 ipsa
931 929 1140 988 sapientia
1169 948 1176 973 :
1203 938 1246 972 et
1267 928 1433 972 dictum
1456 938 1519 973 est
1545 948 1554 973 ε
1582 947 1601 970 «
1623 927 1745 973 Beati

358 1017 376 1040 »
410 998 578 1043 mundo
602 998 734 1044 corde
749 1034 760 1054 ‚
783 999 993 1060 quoniam
1016 999 1096 1059 ipsi
1118 1001 1258 1043 Deum
1279 998 1536 1044 videbunt1.
1566 1017 1586 1040 »

349 1159 417 1174 ΛΑΜ
424 1159 488 1174 mx
492 1158 560 1173 ΝἌΜ
564 1158 626 1173 xvv!
631 1157 834 1174 wmwmmm
838 1156 1313 1173 wmmmmwmhmss
1317 1156 1672 1173 ΛΛΑΝΝΙΜΜΜΜΜΜΜ
1677 1156 1742 1172 MN!

788 1274 1194 1322 TRACTATUS
1229 1275 1312 1319 112.

348 1426 409 1467 De
440 1438 490 1467 eo
525 1422 645 1483 quod
680 1423 889 1482 scriptum
925 1432 990 1468 est
1016 1443 1024 1468 :
1050 1423 1103 1467 F
1102 1423 1169 1467 m't
1204 1421 1345 1467 lzomo
1378 1423 1547 1467 missus
1580 1438 1613 1466 α
1633 1422 1741 1468 Deo

405 1495 484 1538 cui
504 1510 674 1539 nomen
700 1504 807 1538 erat
821 1492 1064 1549 JoczmzeS,
1086 1504 1191 1550 ete.,
1215 1510 1354 1555 usque
1373 1495 1428 1539 ad
1445 1494 1512 1539 id:
1530 1492 1741 1540 Plenum

402 1566 579 1628 gratiae
602 1576 647 1610 et
668 1566 899 1610 veritatis.

1000 1656 1017 1671 0

406 1705 439 1745 I.
461 1705 622 1747 BONUM
646 1712 734 1757 est,
761 1701 914 1746 fratres
932 1736 943 1756 ‚
968 1710 1019 1745 ut
1037 1710 1202 1745 textum
1224 1699 1471 1745 divinarum
1492 1700 1738 1760 Scriptura-

344 1789 440 1816 rum
458 1808 468 1827 ‚
493 1782 536 1816 et
551 1772 734 1816 maxime
757 1772 894 1816 saneti
916 1770 1169 1829 Evangelii,
1192 1771 1363 1815 nullum
1386 1770 1532 1816 locum
1557 1780 1737 1831 praeter-

345 1844 563 1887 mittentes
583 1852 921 1902 pertractemus,
955 1852 1006 1887 ut
1040 1857 1269 1902 possumus
1293 1863 1304 1900 3
1331 1852 1374 1887 et
1396 1858 1474 1902 pro
1496 1851 1642 1888 nostra
1665 1858 1738 1886 ca-

344 1915 530 1974 pacitate
564 1930 795 1974 poscamur
816 1950 826 1969 ‚
865 1924 909 1958 et
946 1914 1240 1958 ministremus
1269 1915 1392 1959 vobis
1428 1915 1547 1959 unde
1579 1923 1622 1958 et
1658 1929 1737 1958 nos

342 1986 573 2045 pascimur.
620 1986 872 2045 Capitulum
917 1986 1107 2045 primum
1145 1986 1366 2045 praeterito
1400 1985 1470 2029 die
1509 1985 1735 2029 Dominico

341 2067 573 2102 tractatum
603 2073 690 2101 esse
733 2057 1012 2101 meminimus
1031 2093 1041 2112 ‚
1073 2056 1119 2100 id
1142 2066 1204 2100 est
1231 2076 1239 2102 :
1271 2076 1290 2098 «
1317 2060 1368 2100 In
1398 2056 1610 2116 principio
1643 2065 1735 2100 erat

341 2146 360 2169 »
398 2129 621 2183 Verbum,
657 2137 701 2171 et
732 2128 926 2171 Verbum
968 2136 1060 2171 erat
1093 2128 1210 2186 apud
1236 2130 1372 2171 Deum
1392 2162 1402 2181 ,
1437 2136 1479 2170 et
1508 2130 1622 2171 Deus
1643 2135 1734 2171 erat

342 2218 361 2240 »
399 2200 592 2244 Verbum
612 2219 619 2243 :
636 2200 720 2243 hoc
743 2208 836 2243 erat
856 2200 898 2242 in
922 2198 1138 2258 principio
1156 2198 1273 2258 apud
1298 2201 1452 2242 Deum.
1479 2199 1635 2242 Omnia
1659 2213 1734 2257 per

342 2289 360 2310 »
397 2271 540 2328 ipsum
565 2268 676 2315 faeta
700 2279 801 2314 sunt
820 2305 830 2324 ,
857 2278 899 2313 et
927 2269 1017 2313 sine
1052 2269 1146 2328 ipso
1172 2269 1334 2312 factum
1359 2277 1422 2312 est
1444 2267 1570 2311 nihil.
1603 2267 1733 2320 Quod

341 2360 359 2381 »
395 2342 561 2385 factum
585 2350 674 2395 est,
696 2341 740 2384 in
759 2340 833 2385 illo
858 2340 944 2384 vita
967 2349 1056 2397 est3
1082 2350 1124 2383 et
1146 2340 1233 2384 vita
1257 2349 1348 2383 erat
1373 2339 1447 2383 lux
1470 2339 1697 2383 hominum
1719 2359 1730 2396 3

341 2431 359 2451 »
396 2422 437 2455 et
460 2413 532 2455 lux
555 2412 598 2454 in
624 2411 812 2455 tenebris
840 2410 984 2465 lucet,
1010 2420 1053 2454 et
1083 2411 1274 2453 tenebrae
1301 2426 1393 2453 eam
1420 2426 1508 2453 non
1530 2424 1731 2468 compre-

341 2501 349 2522 >
395 2482 688 2526 henderunffi.
711 2501 729 2522 n
760 2485 855 2525 Huc
874 2497 1011 2541 usque
1035 2489 1268 2525 tractatum
1293 2496 1383 2524 esse
1405 2480 1535 2525 credo
1557 2499 1564 2524 ε
1593 2495 1732 2524 recor-

351 2502 358 2522 ν

385 2573 391 2589 ¹
410 2567 530 2598 Manli.
553 2578 582 2608 v,
603 2567 633 2598 8.
653 2582 694 2588 -
715 2573 727 2588 ²
748 2566 881 2598 Habitus
900 2566 981 2598 seria
998 2566 1150 2598 secunda.
1174 2582 1214 2587 —
1241 2564 1254 2587 3
1269 2567 1357 2597 Joan.
1381 2576 1404 2604 ι,
1424 2565 1499 2597 2-5.
