1819 3301
393 268 439 295 IN
470 265 645 296 JoAums
676 266 984 306 EVANGEMUM,
1019 268 1164 295 TRACT.
1202 272 1242 296 v.
1432 260 1513 299 455

137 331 221 377 beo
242 366 252 387 ,
277 331 433 376 habeo.
459 335 555 378 Non
591 333 723 377 habes
744 369 754 385 ,
788 334 942 393 inquit.
970 337 1084 379 Doce
1116 335 1216 394 quia
1244 351 1330 379 non
1358 338 1511 381 habeo.

137 403 278 448 Malus
299 403 377 445 tibi
409 402 544 447 dedit.
580 405 621 448 Si
654 403 792 448 malus
824 405 1047 459 Christus,
1079 405 1215 448 malus
1243 406 1348 448 mihi
1379 407 1514 452 dedit.

138 476 251 528 Non,
276 473 435 532 inquit,
455 473 593 517 malus
609 474 803 518 Christus
829 493 838 519 :
863 475 937 518 sed
960 491 1048 519 non
1065 475 1143 519 tibi
1165 476 1360 520 Christus
1381 476 1516 523 dedit.

138 543 245 596 Quis
273 557 375 600 ergo
409 543 516 586 mihi
537 542 689 587 dedit?
715 544 928 603 responde
954 559 963 586 :
989 560 1069 603 ego
1096 561 1165 589 me
1187 562 1210 589 a
1232 546 1403 591 Christo
1434 548 1520 592 scio

142 613 368 672 accepisse.
407 613 534 658 Dedit
565 614 673 667 tibi,
711 615 876 673 inquit,
911 614 985 658 sed
1008 616 1192 659 traditor
1218 616 1361 660 nescio
1395 618 1518 676 quis,

141 698 231 726 non
264 684 473 727 Christus.
510 683 671 727 Videro
703 683 800 743 quis
830 684 962 728 tuerit
993 685 1208 739 minister,
1245 685 1393 730 videro
1426 688 1523 746 quis

98 779 106 783 -
141 751 274 799 fuerit
295 768 438 811 praeco
459 773 469 810 3
493 752 547 796 de
567 752 740 797 officiali
759 769 847 798 non
866 754 1041 812 disputo
1058 789 1069 808 ,
1092 755 1283 813 judicem
1307 756 1485 800 attendo
1512 777 1521 801 ε

143 832 187 867 et
207 822 320 867 forte
354 824 471 882 quod
497 822 649 881 objicis
672 822 874 878 officiali,
900 824 1093 868 mentiris
1119 844 1126 869 ε
1153 825 1227 868 sed
1250 825 1352 870 nolo
1379 826 1524 870 discu-

143 902 234 937 tere
249 927 260 947 ,
281 908 452 937 causam
474 892 666 936 officialis
689 893 755 936 sui
777 903 1010 952 cognoscat
1034 896 1241 939 Dominus
1264 896 1492 940 amborum
1515 916 1523 941 :

144 962 256 1008 forte
293 964 326 1007 si
348 963 518 1021 exigam
540 972 590 1005 ut
621 963 802 1021 probes,
842 979 932 1008 non
963 965 1149 1023 probas,
1182 966 1269 1009 imo
1297 963 1488 1010 mentir’is
1515 986 1524 1011 ε

144 1033 378 1093 probatum
400 1042 463 1076 est
481 1041 524 1076 te
546 1032 729 1091 probare
752 1048 841 1077 non
860 1034 1051 1092 potuisse
1066 1037 1079 1060 1
1103 1053 1113 1080 ι
1135 1034 1209 1078 sed
1223 1051 1311 1079 non
1333 1037 1391 1080 ibi
1412 1052 1529 1095 pono

144 1117 320 1147 causam
355 1117 519 1156 meam,
557 1117 613 1145 ne
645 1117 746 1147 cum
769 1102 959 1147 studiose
981 1118 1154 1162 coepero
1181 1104 1416 1149 defendere
1446 1108 1529 1150 ho-

144 1174 283 1218 mines
300 1175 574 1227 innocentes,
599 1182 725 1232 putes
748 1188 817 1219 me
838 1189 957 1232 spem
984 1189 1123 1217 meam
1142 1174 1266 1219 velin
1284 1176 1532 1221 hominibus

145 1245 450 1289 innocentibus
479 1244 672 1303 posuisse
696 1262 705 1288 2
732 1243 894 1288 fuerint
916 1245 1112 1308 nomines
1148 1244 1427 1304 qualeslibet,
1455 1262 1533 1305 ego

148 1332 172 1360 a
195 1315 370 1365 Christo
406 1316 582 1374 accepi,
624 1329 704 1372 ego
735 1330 758 1360 a
787 1315 960 1361 Christo
988 1315 1230 1373 baptizatus
1263 1331 1374 1359 sum.
1407 1319 1531 1369 Non,

147 1388 291 1446 inquit
307 1422 318 1442 ,
343 1386 418 1430 sed
436 1385 509 1429 ille
532 1386 760 1444 episcopus
790 1394 832 1428 te
854 1385 1112 1444 baptizavit,
1139 1396 1182 1430 et
1209 1385 1282 1430 ille
1309 1387 1534 1447 episcopus

148 1457 212 1501 illi
226 1456 556 1502 scommunicat.
572 1459 607 1499 A
621 1455 795 1500 Christo
808 1469 904 1499 sum
921 1455 1177 1514 baptizatus,
1196 1471 1275 1513 ego
1287 1457 1535 1502 novi.Unde

150 1528 297 1572 nosti?
318 1527 473 1571 Docuit
490 1541 559 1569 me
581 1525 784 1571 columba
801 1560 811 1580 ,
838 1541 968 1584 quam
990 1525 1097 1570 vidit
1118 1529 1320 1570 Joannes.
1347 1529 1384 1572 O
1405 1528 1536 1572 milve

150 1597 280 1652 male,
297 1613 386 1641 non
409 1612 478 1640 me
499 1596 679 1640 dilanias
701 1612 723 1639 a
745 1596 982 1641 visceribus
996 1596 1212 1640 columbae
1234 1616 1243 1641 :
1264 1598 1308 1640 in
1323 1597 1538 1642 columbae

151 1669 354 1713 membris
371 1683 600 1724 numeror,
625 1667 727 1726 quia
749 1666 869 1726 quod
887 1667 1091 1711 columba
1115 1668 1284 1722 docuit,
1313 1669 1394 1713 hoc
1417 1671 1534 1725 novi,

151 1750 202 1785 tu
221 1740 326 1783 mihi
349 1739 454 1783 dicis
473 1774 483 1793 ,
512 1738 590 1782 Ille
612 1748 654 1782 te
688 1738 949 1797 baptizavit,
985 1747 1061 1782 aut
1092 1738 1164 1782 ille
1200 1748 1243 1783 te
1274 1740 1506 1798 baptizavit
1528 1761 1536 1786 ε

151 1826 228 1870 per
250 1809 499 1854 columbam
518 1808 624 1851 mihi
641 1818 683 1851 et
702 1808 779 1850 tibi
794 1807 966 1852 dicitur.
984 1827 1002 1849 «
1022 1809 1100 1852 Hic
1112 1818 1175 1852 est
1193 1809 1269 1868 qui
1282 1809 1494 1868 baptizat:
1517 1830 1536 1853 »

152 1880 223 1925 cui
245 1878 375 1923 credo
393 1914 404 1933 ,
431 1877 562 1922 milvo
585 1893 636 1920 an
662 1876 895 1923 columbae.

212 1953 331 1994 XIV.
359 1951 485 1994 Certe
512 1958 556 1992 tu
582 1948 685 1992 mihi
703 1948 796 2001 dic,
815 1956 953 2005 utper
975 1946 1093 1990 illam
1117 1947 1340 1991 lucernam
1361 1948 1542 1994 confun-

155 2020 291 2071 daris,
316 2035 401 2079 qua
424 2018 593 2063 confusi
616 2027 717 2061 sunt
739 2026 780 2060 et
804 2018 967 2075 priores
985 2017 1171 2072 inimici,
1198 2033 1319 2076 pares
1342 2020 1405 2062 tui
1430 2021 1543 2063 Pha-

156 2089 284 2144 risaei,
310 2090 501 2149 quicum
523 2089 841 2144 interrogarent
866 2087 1097 2131 Dominum
1123 2106 1132 2131 2
1159 2091 1208 2130 In
1227 2104 1312 2147 qua
1334 2098 1545 2147 potestate

154 2161 233 2206 ista
257 2159 414 2203 faceret
441 2178 449 2203 :
480 2178 499 2200 «
514 2157 797 2216 Interrogabo
821 2166 863 2201 et
887 2173 967 2215 ego
989 2173 1085 2211 vos,
1111 2158 1275 2217 inquit,
1302 2159 1430 2202 istum
1454 2175 1543 2204 ser-

161 2250 181 2273 »
216 2245 420 2275 monem:
448 2230 584 2273 Dicite
606 2229 712 2272 mihi
730 2263 740 2282 ,
773 2228 985 2286 Baptisma
1016 2229 1193 2272 Joannis
1222 2228 1339 2272 unde
1367 2239 1430 2273 est
1449 2265 1460 2285 ,
1491 2230 1546 2275 de

162 2322 182 2344 »
219 2300 332 2346 coelo
348 2317 402 2344 an
419 2316 468 2343 ex
484 2300 791 2344 hominibus²P
812 2301 864 2342 Et
881 2298 941 2342 illi
959 2299 1034 2358 qui
1053 2300 1351 2358 praeparabant
1365 2301 1547 2360 jaculari

161 2372 311 2427 dolos,
347 2371 500 2415 irretiti
530 2379 632 2415 sunt
666 2370 931 2430 quaestione,
963 2380 1193 2433 coeperunt
1219 2370 1393 2415 volvere
1431 2373 1549 2431 apud

161 2444 437 2502 semetipsos,
463 2450 506 2486 et
527 2441 671 2485 dicere
698 2460 706 2486 ;
735 2440 812 2485 «Si
834 2439 1065 2484 dixerimus
1087 2441 1187 2500 quia
1216 2441 1270 2485 de
1303 2441 1416 2487 coelo
1454 2453 1546 2499 est,

211 2547 221 2564 ¹
242 2541 356 2582 Tangit
379 2549 504 2572 causam
524 2538 695 2570 Caeciliani.
715 2537 831 2569 Confer
847 2536 998 2578 epistolas
1014 2537 1069 2578 43,
1086 2537 1141 2577 88,
1165 2537 1237 2579 ι857
1258 2542 1322 2570 etc.
1347 2556 1388 2561 —
1405 2547 1416 2562 ²
1433 2541 1547 2573 Matth.

165 2608 210 2635 ιι,
233 2598 348 2637 '23-27,
364 2597 468 2626 Marc.
492 2605 535 2635 xi,
552 2596 608 2633 28,
634 2598 665 2624 et
683 2595 758 2624 Luc.
783 2604 813 2632 x,
833 2600 863 2622 2.
