1819 3301
338 239 421 277 312
782 247 818 276 s.
855 231 1085 274 Aucus'rml
1118 245 1298 272 Emscol’l

337 324 483 360 autem
501 314 547 358 in
564 313 806 358 undenario
828 322 871 356 et
892 311 1136 370 septenario
1158 308 1522 355 considerandum
1538 318 1627 371 est:
1647 309 1725 370 qui

336 386 506 431 numeri
529 400 604 444 per
626 400 669 428 se
692 381 999 441 multiplicati,
1033 379 1088 424 ad
1108 389 1278 424 tantum
1300 381 1562 440 perveniunt
1588 399 1596 425 z
1623 396 1725 425 nam

337 456 542 501 undecies
565 463 725 513 septem
751 452 818 496 vel
836 452 991 511 septies
1016 451 1246 507 undecim,
1273 452 1546 511 septuaginta
1569 460 1612 495 et
1626 466 1725 511 sep-

337 538 424 571 tem
444 561 454 580 ,
480 527 607 569 fiunt.
644 522 851 566 Undecim
876 531 1022 566 autem
1048 522 1429 581 transgressionem
1449 521 1615 566 denarii
1636 522 1725 581 sig-

338 598 517 641 nificant
542 614 550 639 2
573 610 620 638 ac
643 595 676 636 si
705 593 749 636 in
773 593 951 637 denario
980 592 1188 653 perfectio
1208 591 1489 636 beatitudinis
1511 592 1726 650 significa-

338 679 425 722 tur,
437 666 555 710 unde
569 674 633 709 est
649 665 776 709 etiam
791 664 918 720 illud,
931 664 1049 724 quod
1064 680 1214 708 omnes
1228 665 1435 709 conducti
1450 665 1506 708 ad
1517 665 1724 720 vineam1‚

339 738 516 783 denario
537 744 861 789 remuneratur,
895 735 1016 795 quod
1047 736 1096 778 fit
1122 751 1224 780 cum
1259 736 1499 795 septenaria
1533 744 1728 780 creatura

342 808 540 853 {trinitati
563 807 765 851 creatoris
785 805 1061 866 adjungitur,
1079 804 1357 850 manifestum
1375 815 1437 850 est
1459 804 1579 866 quod
1598 814 1729 850 trans-

341 880 498 938 gressio
533 877 698 921 denarii
731 886 960 936 peccatum
991 877 1205 936 siguificat
1244 893 1322 937 per
1356 877 1600 936 superbiam
1633 876 1731 936 plus

340 949 505 1010 aliquid
520 949 679 992 habere
698 948 927 1007 cupientis,
955 957 998 992 et
1015 948 1308 1005 integritatem
1333 947 1732 1008 perfectionemque

340 1021 591 1066 amittentis.
615 1022 708 1063 Hoc
725 1028 868 1063 autem
889 1019 1044 1078 septies
1066 1028 1296 1078 propterea
1313 1018 1487 1063 ducitur
1502 1054 1512 1073 ,
1539 1028 1588 1062 ut
1608 1028 1733 1063 motu

341 1091 530 1136 hominis
559 1091 671 1134 sacta
696 1090 963 1147 significetur
986 1089 1057 1132 illa
1076 1090 1371 1148 transgressio.
1390 1089 1595 1133 Ternario
1617 1089 1735 1133 enim

341 1177 525 1206 numero
562 1161 817 1220 incorporea
851 1176 948 1220 pars
980 1160 1167 1204 hominis
1202 1160 1499 1218 significatur,
1531 1159 1649 1204 unde
1671 1169 1735 1204 est

343 1233 464 1293 quod
493 1249 543 1276 ex
566 1241 658 1277 toto
691 1232 822 1277 corde
838 1267 849 1287 ,
872 1241 915 1276 et
937 1248 989 1276 ex
1010 1241 1102 1276 tota
1131 1232 1274 1275 anima
1292 1267 1302 1286 ,
1328 1241 1371 1276 et
1395 1247 1446 1275 ex
1475 1241 1565 1277 tota
1588 1241 1735 1276 mente

338 1306 547 1365 jubemur
568 1304 748 1363 diligere
772 1307 939 1348 Deum²
960 1323 968 1348 ε
995 1304 1273 1363 quaternario
1294 1319 1397 1348 vero
1420 1319 1600 1362 corpus,
1621 1303 1737 1348 mul-

344 1376 397 1419 tis
435 1376 551 1418 enim
584 1375 724 1418 modis
752 1375 1068 1434 quadripertita
1098 1375 1321 1419 invenitur
1348 1384 1500 1419 natura
1525 1375 1732 1434 corporis.

345 1448 409 1489 Ex
432 1446 495 1489 his
514 1460 617 1503 ergo
637 1445 878 1504 conjunctis
900 1445 1032 1488 homo
1055 1453 1256 1488 constans
1275 1480 1285 1499 ,
1317 1460 1406 1488 non
1430 1444 1616 1488 absurde
1637 1460 1737 1504 sep-

346 1517 468 1560 nario
492 1531 675 1560 numero
698 1516 980 1573 significatur.
1015 1519 1161 1560 Motus
1183 1525 1329 1560 autem
1351 1516 1397 1559 in
1427 1516 1618 1559 numeris
1648 1531 1739 1560 non

347 1587 621 1647 exprimitur,
654 1602 754 1631 cum
791 1587 975 1631 dicimus
993 1621 1003 1640 ‚
1039 1601 1178 1629 unum
1197 1621 1207 1640 ,
1245 1586 1359 1640 duo,
1392 1586 1498 1640 tria,
1524 1595 1735 1646 quatuor,

348 1668 390 1702 et
412 1668 585 1713 caetera,
606 1659 681 1702 sed
704 1674 803 1702 cum
827 1657 1034 1711 dicimus,
1056 1656 1210 1711 semel,·
1228 1657 1309 1710 bis,
1333 1667 1412 1711 ter,
1438 1667 1613 1717 quater:
1630 1674 1740 1718 qua-

348 1739 552 1789 propter,
585 1738 634 1772 ut
663 1728 774 1782 dixi,
814 1744 902 1771 non
937 1737 1101 1786 septem
1136 1736 1179 1770 et
1213 1726 1444 1782 undecim,
1478 1727 1551 1771 scd
1583 1728 1739 1787 septies

348 1799 553 1844 undecim
573 1835 583 1854 ,
625 1800 893 1857 significatur
929 1798 1229 1856 transgressio,
1265 1814 1365 1858 quae
1388 1809 1513 1843 motu
1541 1798 1654 1843 facta
1676 1808 1741 1844 est

349 1871 537 1915 hominis
565 1871 783 1929 peccantis
801 1905 811 1924 ,
839 1871 922 1914 hoc
956 1879 1018 1913 est
1042 1868 1320 1928 perfectionis
1350 1885 1439 1913 suae
1462 1869 1740 1914 stabilitatem

351 1940 706 1998 transgredientis
739 1939 978 1998 cupiditate
1011 1938 1196 1998 amplius
1227 1938 1392 1998 aliquid
1428 1940 1617 1982 habendi
1653 1959 1661 1984 :
1690 1949 1742 1984 ut

356 2021 475 2056 tanto
498 2020 594 2070 post
616 2027 691 2070 per
724 2011 985 2069 Prophetam
1014 2010 1167 2052 animae
1191 2008 1407 2053 diceretur
1429 2029 1437 2053 ι
1472 2011 1682 2069 Sperabas
1707 2012 1741 2055 si

354 2099 377 2127 a
400 2098 467 2125 me
500 2081 779 2135 discessisses,
806 2079 969 2140 aliquid
995 2078 1181 2138 amplius
1208 2088 1251 2123 te
1268 2080 1548 2124 habituram?
1572 2084 1636 2124 Ex
1653 2096 1742 2141 quo

353 2154 459 2198 vitio
482 2153 697 2212 superbiae
720 2152 863 2196 omnia
887 2160 1062 2210 peccata
1085 2149 1334 2208 sylvescunt
1354 2170 1362 2195 ε
1384 2166 1483 2210 quae
1506 2159 1653 2195 tamen
1676 2152 1744 2195 di-

334 2224 616 2277 finduntur,
649 2238 751 2267 cum
778 2222 1020 2281 septuagies
1042 2221 1196 2280 septies
1230 2220 1522 2279 ignosendum
1545 2236 1632 2265 esse
1666 2221 1743 2266 ad-

355 2295 645 2348 monemur3,
681 2302 730 2337 ut
761 2292 1053 2351 intelligamus
1091 2291 1263 2334 nullum
1307 2301 1535 2350 peccatum
1570 2291 1738 2351 excipi,

355 2363 475 2423 quod
498 2364 730 2422 poenitenti
752 2373 795 2407 et
815 2363 986 2408 veniam
1008 2362 1258 2421 deprecanti
1280 2377 1355 2421 per
1377 2361 1614 2406 Ecclesiam
1630 2396 1641 2414 ,
1666 2376 1744 2406 cu·

351 2435 422 2493 jus
444 2449 672 2492 personam
696 2438 846 2478 Petrus
868 2441 1033 2492 gestat,
1055 2447 1144 2476 non
1162 2431 1422 2476 dimittatur.

406 2536 415 2552 ¹
435 2531 616 2572 Mattl1.xx,
631 2540 710 2564 2.-
730 2538 742 2555 ²
761 2533 853 2564 Deut.
870 2542 916 2573 vi,
937 2530 968 2572 5,
986 2535 1015 2563 et
1035 2530 1147 2563 Matth.
1168 2540 1251 2571 xxu,
1271 2530 1322 2571 37.
1336 2546 1377 2554 -
1397 2527 1409 2555 3
1431 2529 1544 2564 Matth,
1564 2539 1656 2571 xviii,
1679 2537 1736 2563 22.
