<?xml version="1.0" encoding="UTF-8"?>
<!DOCTYPE html PUBLIC "-//W3C//DTD XHTML 1.0 Transitional//EN"
    "http://www.w3.org/TR/xhtml1/DTD/xhtml1-transitional.dtd">
<html xmlns="http://www.w3.org/1999/xhtml" xml:lang="en" lang="en">
 <head>
  <title>
</title>
<meta http-equiv="Content-Type" content="text/html;charset=utf-8" />
  <meta name='ocr-system' content='tesseract 3.04.00' />
  <meta name='ocr-capabilities' content='ocr_page ocr_carea ocr_par ocr_line ocrx_word'/>
</head>
<body>
  <div class='ocr_page' id='page_1' title='image "./operaomniaaccura14auguuoft_0203.png"; bbox 0 0 1819 3301; ppageno 0'>
   <div class='ocr_carea' id='block_1_1' title="bbox 403 244 1489 289">
    <p class='ocr_par' dir='ltr' id='par_1_1' title="bbox 403 244 1489 289">
     <span class='ocr_line' id='line_1_1' title="bbox 403 244 1489 289; baseline 0.003 -10"><span class='ocrx_word' id='word_1_1' title='bbox 403 253 541 279; x_wconf 74' lang='lat' dir='ltr'><strong>sERMo</strong></span> <span class='ocrx_word' id='word_1_2' title='bbox 573 253 730 279; x_wconf 75' lang='lat' dir='ltr'><strong>nomm</strong></span> <span class='ocrx_word' id='word_1_3' title='bbox 762 253 808 279; x_wconf 75' lang='grc' dir='ltr'><strong>ΙΝ</strong></span> <span class='ocrx_word' id='word_1_4' title='bbox 836 252 1010 289; x_wconf 78' lang='lat' dir='ltr'>MONTE,</span> <span class='ocrx_word' id='word_1_5' title='bbox 1046 253 1128 278; x_wconf 72' lang='lat' dir='ltr'><strong>Lm.</strong></span> <span class='ocrx_word' id='word_1_6' title='bbox 1164 255 1194 278; x_wconf 89' lang='lat'><strong>1.</strong></span> <span class='ocrx_word' id='word_1_7' title='bbox 1406 244 1489 282; x_wconf 88' lang='lat'><strong>179</strong></span> 
     </span>
    </p>
   </div>
   <div class='ocr_carea' id='block_1_2' title="bbox 109 314 1507 2542">
    <p class='ocr_par' dir='ltr' id='par_1_2' title="bbox 109 314 1507 2475">
     <span class='ocr_line' id='line_1_2' title="bbox 109 314 1491 374; baseline 0.002 -16"><span class='ocrx_word' id='word_1_8' title='bbox 109 314 304 359; x_wconf 91' lang='lat' dir='ltr'><strong>diculum</strong></span> <span class='ocrx_word' id='word_1_9' title='bbox 325 323 390 358; x_wconf 89' lang='lat' dir='ltr'><strong>est</strong></span> <span class='ocrx_word' id='word_1_10' title='bbox 418 316 501 359; x_wconf 91' lang='lat' dir='ltr'><strong>hoc</strong></span> <span class='ocrx_word' id='word_1_11' title='bbox 523 324 678 374; x_wconf 86' lang='lat' dir='ltr'><strong>putare</strong></span> <span class='ocrx_word' id='word_1_12' title='bbox 701 333 710 359; x_wconf 77' lang='grc' dir='ltr'>ε</span> <span class='ocrx_word' id='word_1_13' title='bbox 736 324 880 358; x_wconf 88' lang='lat' dir='ltr'><strong>tamen</strong></span> <span class='ocrx_word' id='word_1_14' title='bbox 900 323 1078 374; x_wconf 88' lang='lat' dir='ltr'><strong>propter</strong></span> <span class='ocrx_word' id='word_1_15' title='bbox 1097 315 1388 360; x_wconf 89' lang='lat' dir='ltr'><strong>contentiosos</strong></span> <span class='ocrx_word' id='word_1_16' title='bbox 1415 326 1491 361; x_wconf 84' lang='lat' dir='ltr'><strong>aut</strong></span> 
     </span>
     <span class='ocr_line' id='line_1_3' title="bbox 109 384 1491 445; baseline 0.001 -17"><span class='ocrx_word' id='word_1_17' title='bbox 109 385 294 429; x_wconf 88' lang='lat' dir='ltr'><strong>multum</strong></span> <span class='ocrx_word' id='word_1_18' title='bbox 333 384 497 439; x_wconf 84' lang='lat' dir='ltr'><strong>tardos,</strong></span> <span class='ocrx_word' id='word_1_19' title='bbox 539 401 593 428; x_wconf 86' lang='lat' dir='ltr'><strong>ne</strong></span> <span class='ocrx_word' id='word_1_20' title='bbox 628 384 794 445; x_wconf 88' lang='lat' dir='ltr'><strong>aliquid</strong></span> <span class='ocrx_word' id='word_1_21' title='bbox 828 385 1033 428; x_wconf 83' lang='lat' dir='ltr'><strong>interesse</strong></span> <span class='ocrx_word' id='word_1_22' title='bbox 1064 384 1159 444; x_wconf 92' lang='lat' dir='ltr'><strong>quis</strong></span> <span class='ocrx_word' id='word_1_23' title='bbox 1194 394 1320 444; x_wconf 91' lang='lat' dir='ltr'><strong>putet</strong></span> <span class='ocrx_word' id='word_1_24' title='bbox 1336 420 1347 439; x_wconf 86' lang='lat'>‚</span> <span class='ocrx_word' id='word_1_25' title='bbox 1385 387 1491 430; x_wconf 90' lang='lat' dir='ltr'><strong>sciat</strong></span> 
     </span>
     <span class='ocr_line' id='line_1_4' title="bbox 111 454 1492 514; baseline 0.001 -16"><span class='ocrx_word' id='word_1_26' title='bbox 111 455 238 499; x_wconf 86' lang='lat' dir='ltr'><strong>etiam</strong></span> <span class='ocrx_word' id='word_1_27' title='bbox 262 456 344 499; x_wconf 94' lang='lat' dir='ltr'><strong>hoc</strong></span> <span class='ocrx_word' id='word_1_28' title='bbox 364 454 495 498; x_wconf 92' lang='lat' dir='ltr'><strong>modo</strong></span> <span class='ocrx_word' id='word_1_29' title='bbox 508 456 673 514; x_wconf 84' lang='lat' dir='ltr'><strong>jurasse</strong></span> <span class='ocrx_word' id='word_1_30' title='bbox 692 455 947 514; x_wconf 81' lang='lat' dir='ltr'>Apostolum</span> <span class='ocrx_word' id='word_1_31' title='bbox 969 454 1183 499; x_wconf 85' lang='lat' dir='ltr'><strong>dicentem</strong></span> <span class='ocrx_word' id='word_1_32' title='bbox 1213 474 1221 499; x_wconf 71' lang='grc' dir='ltr'>ε</span> <span class='ocrx_word' id='word_1_33' title='bbox 1247 474 1267 497; x_wconf 88' lang='lat'>«</span> <span class='ocrx_word' id='word_1_34' title='bbox 1286 456 1492 508; x_wconf 86' lang='lat' dir='ltr'><strong>Quotidie</strong></span> 
     </span>
     <span class='ocr_line' id='line_1_5' title="bbox 113 523 1490 585; baseline 0.003 -21"><span class='ocrx_word' id='word_1_35' title='bbox 113 542 133 565; x_wconf 86' lang='lat'>»</span> <span class='ocrx_word' id='word_1_36' title='bbox 168 525 352 578; x_wconf 86' lang='lat' dir='ltr'><strong>morior,</strong></span> <span class='ocrx_word' id='word_1_37' title='bbox 387 539 465 582; x_wconf 88' lang='lat' dir='ltr'><strong>per</strong></span> <span class='ocrx_word' id='word_1_38' title='bbox 486 533 671 567; x_wconf 88' lang='lat' dir='ltr'><strong>vestram</strong></span> <span class='ocrx_word' id='word_1_39' title='bbox 695 523 875 582; x_wconf 82' lang='lat' dir='ltr'>gloriam</span> <span class='ocrx_word' id='word_1_40' title='bbox 891 527 921 568; x_wconf 84' lang='lat'><strong>¹.</strong></span> <span class='ocrx_word' id='word_1_41' title='bbox 947 542 966 565; x_wconf 86' lang='lat'>»</span> <span class='ocrx_word' id='word_1_42' title='bbox 992 525 1122 577; x_wconf 86' lang='lat' dir='ltr'><strong>Quod</strong></span> <span class='ocrx_word' id='word_1_43' title='bbox 1149 539 1203 568; x_wconf 95' lang='lat' dir='ltr'><strong>ne</strong></span> <span class='ocrx_word' id='word_1_44' title='bbox 1225 525 1321 585; x_wconf 92' lang='lat' dir='ltr'><strong>quis</strong></span> <span class='ocrx_word' id='word_1_45' title='bbox 1343 524 1490 569; x_wconf 87' lang='lat' dir='ltr'><strong>existi-</strong></span> 
     </span>
     <span class='ocr_line' id='line_1_6' title="bbox 110 593 1493 654; baseline 0.001 -17"><span class='ocrx_word' id='word_1_46' title='bbox 110 603 200 637; x_wconf 92' lang='lat' dir='ltr'><strong>met</strong></span> <span class='ocrx_word' id='word_1_47' title='bbox 225 595 285 638; x_wconf 87' lang='lat' dir='ltr'><strong>ita</strong></span> <span class='ocrx_word' id='word_1_48' title='bbox 307 594 471 638; x_wconf 89' lang='lat' dir='ltr'><strong>dictum</strong></span> <span class='ocrx_word' id='word_1_49' title='bbox 489 628 500 648; x_wconf 85' lang='lat'>,</span> <span class='ocrx_word' id='word_1_50' title='bbox 525 603 733 653; x_wconf 81' lang='lat' dir='ltr'><strong>tanquam</strong></span> <span class='ocrx_word' id='word_1_51' title='bbox 752 593 786 637; x_wconf 91' lang='lat' dir='ltr'><strong>si</strong></span> <span class='ocrx_word' id='word_1_52' title='bbox 812 593 1030 639; x_wconf 86' lang='lat' dir='ltr'><strong>diceretur</strong></span> <span class='ocrx_word' id='word_1_53' title='bbox 1055 614 1064 638; x_wconf 74' lang='grc' dir='ltr'>ε</span> <span class='ocrx_word' id='word_1_54' title='bbox 1090 597 1242 639; x_wconf 85' lang='lat' dir='ltr'><strong>Vestra</strong></span> <span class='ocrx_word' id='word_1_55' title='bbox 1266 594 1401 654; x_wconf 81' lang='lat' dir='ltr'><strong>gloria</strong></span> <span class='ocrx_word' id='word_1_56' title='bbox 1422 610 1493 639; x_wconf 92' lang='lat' dir='ltr'><strong>me</strong></span> 
     </span>
     <span class='ocr_line' id='line_1_7' title="bbox 112 663 1494 723; baseline 0.001 -16"><span class='ocrx_word' id='word_1_57' title='bbox 112 663 215 708; x_wconf 86' lang='lat' dir='ltr'><strong>facit</strong></span> <span class='ocrx_word' id='word_1_58' title='bbox 233 663 427 723; x_wconf 84' lang='lat' dir='ltr'><strong>quotidie</strong></span> <span class='ocrx_word' id='word_1_59' title='bbox 450 664 559 708; x_wconf 90' lang='lat' dir='ltr'><strong>mori</strong></span> <span class='ocrx_word' id='word_1_60' title='bbox 577 682 586 708; x_wconf 73' lang='grc' dir='ltr'><em>ι</em></span> <span class='ocrx_word' id='word_1_61' title='bbox 611 663 722 707; x_wconf 84' lang='lat' dir='ltr'><strong>sicut</strong></span> <span class='ocrx_word' id='word_1_62' title='bbox 742 663 901 707; x_wconf 90' lang='lat' dir='ltr'><strong>dicitur</strong></span> <span class='ocrx_word' id='word_1_63' title='bbox 922 683 931 708; x_wconf 91' lang='lat'>:</span> <span class='ocrx_word' id='word_1_64' title='bbox 963 668 1043 708; x_wconf 83' lang='lat' dir='ltr'><strong>Per</strong></span> <span class='ocrx_word' id='word_1_65' title='bbox 1063 664 1177 708; x_wconf 89' lang='lat' dir='ltr'><strong>illius</strong></span> <span class='ocrx_word' id='word_1_66' title='bbox 1199 666 1494 723; x_wconf 86' lang='lat' dir='ltr'><strong>magisterium</strong></span> 
     </span>
     <span class='ocr_line' id='line_1_8' title="bbox 112 733 1495 792; baseline 0.002 -15"><span class='ocrx_word' id='word_1_67' title='bbox 112 734 266 778; x_wconf 82' lang='lat' dir='ltr'><strong>doctus</strong></span> <span class='ocrx_word' id='word_1_68' title='bbox 289 733 428 777; x_wconf 87' lang='lat' dir='ltr'><strong>factus</strong></span> <span class='ocrx_word' id='word_1_69' title='bbox 450 743 540 787; x_wconf 88' lang='lat' dir='ltr'><strong>est,</strong></span> <span class='ocrx_word' id='word_1_70' title='bbox 566 733 610 777; x_wconf 91' lang='lat' dir='ltr'><strong>id</strong></span> <span class='ocrx_word' id='word_1_71' title='bbox 640 743 704 777; x_wconf 88' lang='lat' dir='ltr'><strong>est</strong></span> <span class='ocrx_word' id='word_1_72' title='bbox 722 768 733 787; x_wconf 81' lang='grc'>,</span> <span class='ocrx_word' id='word_1_73' title='bbox 759 733 874 777; x_wconf 87' lang='lat' dir='ltr'><strong>illius</strong></span> <span class='ocrx_word' id='word_1_74' title='bbox 908 733 1152 792; x_wconf 83' lang='lat' dir='ltr'><strong>magisterio</strong></span> <span class='ocrx_word' id='word_1_75' title='bbox 1174 735 1339 780; x_wconf 87' lang='lat' dir='ltr'><strong>factum</strong></span> <span class='ocrx_word' id='word_1_76' title='bbox 1361 746 1423 780; x_wconf 91' lang='grc' dir='ltr'><strong>θεῖ</strong></span> <span class='ocrx_word' id='word_1_77' title='bbox 1445 745 1495 780; x_wconf 88' lang='lat' dir='ltr'><strong>ut</strong></span> 
     </span>
     <span class='ocr_line' id='line_1_9' title="bbox 112 803 1495 867; baseline 0.002 -20"><span class='ocrx_word' id='word_1_78' title='bbox 112 803 303 863; x_wconf 82' lang='lat' dir='ltr'><strong>perfecte</strong></span> <span class='ocrx_word' id='word_1_79' title='bbox 325 803 554 847; x_wconf 85' lang='lat' dir='ltr'><strong>doceretur</strong></span> <span class='ocrx_word' id='word_1_80' title='bbox 572 823 580 847; x_wconf 92' lang='grc'>;</span> <span class='ocrx_word' id='word_1_81' title='bbox 606 818 742 861; x_wconf 82' lang='lat' dir='ltr'><strong>graeca</strong></span> <span class='ocrx_word' id='word_1_82' title='bbox 763 804 1023 863; x_wconf 83' lang='lat' dir='ltr'><strong>exemplaria</strong></span> <span class='ocrx_word' id='word_1_83' title='bbox 1045 803 1302 864; x_wconf 81' lang='lat' dir='ltr'><strong>dijudicant,</strong></span> <span class='ocrx_word' id='word_1_84' title='bbox 1326 807 1371 850; x_wconf 93' lang='lat' dir='ltr'><strong>in</strong></span> <span class='ocrx_word' id='word_1_85' title='bbox 1394 807 1495 867; x_wconf 90' lang='lat' dir='ltr'><strong>qui-</strong></span> 
     </span>
     <span class='ocr_line' id='line_1_10' title="bbox 113 874 1495 936; baseline 0.004 -19"><span class='ocrx_word' id='word_1_86' title='bbox 113 874 195 918; x_wconf 89' lang='lat' dir='ltr'><strong>bus</strong></span> <span class='ocrx_word' id='word_1_87' title='bbox 216 874 425 932; x_wconf 88' lang='lat' dir='ltr'><strong>scriptum</strong></span> <span class='ocrx_word' id='word_1_88' title='bbox 443 883 506 917; x_wconf 92' lang='lat' dir='ltr'><strong>est</strong></span> <span class='ocrx_word' id='word_1_89' title='bbox 530 893 539 918; x_wconf 88' lang='lat'>:</span> <span class='ocrx_word' id='word_1_90' title='bbox 566 882 614 916; x_wconf 78' lang='grc' dir='ltr'><strong>Νὴ</strong></span> <span class='ocrx_word' id='word_1_91' title='bbox 628 881 681 917; x_wconf 66' lang='grc' dir='ltr'><strong>τὴν</strong></span> <span class='ocrx_word' id='word_1_92' title='bbox 695 882 844 924; x_wconf 72' lang='grc' dir='ltr'>καύχησιν</span> <span class='ocrx_word' id='word_1_93' title='bbox 859 880 1032 930; x_wconf 71' lang='grc' dir='ltr'>ὑμετέραν,</span> <span class='ocrx_word' id='word_1_94' title='bbox 1056 875 1176 934; x_wconf 89' lang='lat' dir='ltr'><strong>quod</strong></span> <span class='ocrx_word' id='word_1_95' title='bbox 1199 876 1369 920; x_wconf 89' lang='lat' dir='ltr'><strong>nonnisi</strong></span> <span class='ocrx_word' id='word_1_96' title='bbox 1386 893 1409 921; x_wconf 91' lang='lat' dir='ltr'><strong>a</strong></span> <span class='ocrx_word' id='word_1_97' title='bbox 1426 878 1495 936; x_wconf 83' lang='lat' dir='ltr'><strong>ju-</strong></span> 
     </span>
     <span class='ocr_line' id='line_1_11' title="bbox 114 943 1496 1003; baseline 0.004 -15"><span class='ocrx_word' id='word_1_98' title='bbox 114 953 235 988; x_wconf 84' lang='lat' dir='ltr'><strong>rante</strong></span> <span class='ocrx_word' id='word_1_99' title='bbox 248 943 421 988; x_wconf 81' lang='lat' dir='ltr'><strong>dicitur.</strong></span> <span class='ocrx_word' id='word_1_100' title='bbox 445 947 508 988; x_wconf 87' lang='lat' dir='ltr'><strong>Ita</strong></span> <span class='ocrx_word' id='word_1_101' title='bbox 524 959 624 1001; x_wconf 87' lang='lat' dir='ltr'><strong>ergo</strong></span> <span class='ocrx_word' id='word_1_102' title='bbox 643 943 901 1002; x_wconf 85' lang='lat' dir='ltr'><strong>intelligitur</strong></span> <span class='ocrx_word' id='word_1_103' title='bbox 917 946 1168 1003; x_wconf 68' lang='lat' dir='ltr'><strong>praecepisse</strong></span> <span class='ocrx_word' id='word_1_104' title='bbox 1184 948 1417 992; x_wconf 90' lang='lat' dir='ltr'><strong>Dominum</strong></span> <span class='ocrx_word' id='word_1_105' title='bbox 1441 964 1496 993; x_wconf 90' lang='lat' dir='ltr'><strong>ne</strong></span> 
     </span>
     <span class='ocr_line' id='line_1_12' title="bbox 110 1014 1494 1076; baseline 0.004 -19"><span class='ocrx_word' id='word_1_106' title='bbox 110 1016 281 1074; x_wconf 86' lang='lat' dir='ltr'><strong>juretur</strong></span> <span class='ocrx_word' id='word_1_107' title='bbox 294 1049 305 1069; x_wconf 82' lang='lat'>,</span> <span class='ocrx_word' id='word_1_108' title='bbox 331 1029 385 1057; x_wconf 92' lang='lat' dir='ltr'><strong>ne</strong></span> <span class='ocrx_word' id='word_1_109' title='bbox 406 1014 637 1073; x_wconf 87' lang='lat' dir='ltr'><strong>quisquam</strong></span> <span class='ocrx_word' id='word_1_110' title='bbox 654 1014 764 1057; x_wconf 89' lang='lat' dir='ltr'><strong>sicut</strong></span> <span class='ocrx_word' id='word_1_111' title='bbox 780 1014 948 1058; x_wconf 86' lang='lat' dir='ltr'><strong>bonum</strong></span> <span class='ocrx_word' id='word_1_112' title='bbox 965 1024 1140 1073; x_wconf 83' lang='lat' dir='ltr'><strong>appetat</strong></span> <span class='ocrx_word' id='word_1_113' title='bbox 1158 1017 1461 1076; x_wconf 82' lang='lat' dir='ltr'><strong>jusjurandum</strong></span> <span class='ocrx_word' id='word_1_114' title='bbox 1478 1054 1494 1074; x_wconf 85' lang='lat'><em>,</em></span> 
     </span>
     <span class='ocr_line' id='line_1_13' title="bbox 115 1083 1497 1143; baseline 0.004 -16"><span class='ocrx_word' id='word_1_115' title='bbox 115 1093 158 1127; x_wconf 91' lang='lat' dir='ltr'><strong>et</strong></span> <span class='ocrx_word' id='word_1_116' title='bbox 187 1084 435 1127; x_wconf 82' lang='lat' dir='ltr'><strong>assiduitate</strong></span> <span class='ocrx_word' id='word_1_117' title='bbox 460 1083 637 1143; x_wconf 87' lang='lat' dir='ltr'><strong>jurandi</strong></span> <span class='ocrx_word' id='word_1_118' title='bbox 664 1083 718 1127; x_wconf 88' lang='lat' dir='ltr'><strong>ad</strong></span> <span class='ocrx_word' id='word_1_119' title='bbox 752 1085 990 1143; x_wconf 85' lang='lat' dir='ltr'><strong>perjurium</strong></span> <span class='ocrx_word' id='word_1_120' title='bbox 1024 1100 1101 1143; x_wconf 87' lang='lat' dir='ltr'><strong>per</strong></span> <span class='ocrx_word' id='word_1_121' title='bbox 1136 1087 1497 1132; x_wconf 89' lang='lat' dir='ltr'><strong>consuetudinem</strong></span> 
     </span>
     <span class='ocr_line' id='line_1_14' title="bbox 115 1153 1496 1213; baseline 0.004 -16"><span class='ocrx_word' id='word_1_122' title='bbox 115 1154 356 1198; x_wconf 83' lang='lat' dir='ltr'><strong>delabatur.</strong></span> <span class='ocrx_word' id='word_1_123' title='bbox 384 1158 654 1212; x_wconf 82' lang='lat' dir='ltr'><strong>Quapropter</strong></span> <span class='ocrx_word' id='word_1_124' title='bbox 675 1154 751 1213; x_wconf 86' lang='lat' dir='ltr'><strong>qui</strong></span> <span class='ocrx_word' id='word_1_125' title='bbox 772 1153 988 1211; x_wconf 82' lang='lat' dir='ltr'><strong>intelligit,</strong></span> <span class='ocrx_word' id='word_1_126' title='bbox 1009 1169 1097 1197; x_wconf 90' lang='lat' dir='ltr'><strong>non</strong></span> <span class='ocrx_word' id='word_1_127' title='bbox 1114 1155 1159 1198; x_wconf 92' lang='lat' dir='ltr'><strong>in</strong></span> <span class='ocrx_word' id='word_1_128' title='bbox 1182 1155 1306 1200; x_wconf 88' lang='lat' dir='ltr'><strong>bonis</strong></span> <span class='ocrx_word' id='word_1_129' title='bbox 1322 1192 1333 1212; x_wconf 87' lang='lat'>,</span> <span class='ocrx_word' id='word_1_130' title='bbox 1359 1158 1434 1202; x_wconf 91' lang='lat' dir='ltr'><strong>sed</strong></span> <span class='ocrx_word' id='word_1_131' title='bbox 1450 1159 1496 1203; x_wconf 91' lang='lat' dir='ltr'><strong>in</strong></span> 
     </span>
     <span class='ocr_line' id='line_1_15' title="bbox 109 1214 1496 1287; baseline 0.004 -19"><span class='ocrx_word' id='word_1_132' title='bbox 109 1214 360 1269; x_wconf 55' lang='lat' dir='ltr'><strong>Recessariis</strong></span> <span class='ocrx_word' id='word_1_133' title='bbox 386 1224 649 1283; x_wconf 82' lang='lat' dir='ltr'><strong>jurationem</strong></span> <span class='ocrx_word' id='word_1_134' title='bbox 678 1223 948 1278; x_wconf 82' lang='lat' dir='ltr'><strong>habendam,</strong></span> <span class='ocrx_word' id='word_1_135' title='bbox 984 1225 1173 1268; x_wconf 81' lang='lat' dir='ltr'><strong>refrenet</strong></span> <span class='ocrx_word' id='word_1_136' title='bbox 1201 1241 1245 1269; x_wconf 89' lang='lat' dir='ltr'><strong>se</strong></span> <span class='ocrx_word' id='word_1_137' title='bbox 1280 1238 1496 1287; x_wconf 88' lang='lat' dir='ltr'><strong>quantum</strong></span> 
     </span>
     <span class='ocr_line' id='line_1_16' title="bbox 116 1294 1498 1357; baseline 0.004 -19"><span class='ocrx_word' id='word_1_138' title='bbox 116 1303 273 1354; x_wconf 84' lang='lat' dir='ltr'><strong>potest,</strong></span> <span class='ocrx_word' id='word_1_139' title='bbox 294 1304 344 1338; x_wconf 92' lang='lat' dir='ltr'><strong>ut</strong></span> <span class='ocrx_word' id='word_1_140' title='bbox 361 1309 450 1338; x_wconf 93' lang='lat' dir='ltr'><strong>non</strong></span> <span class='ocrx_word' id='word_1_141' title='bbox 473 1309 520 1337; x_wconf 88' lang='lat' dir='ltr'><strong>ea</strong></span> <span class='ocrx_word' id='word_1_142' title='bbox 539 1302 704 1348; x_wconf 88' lang='lat' dir='ltr'><strong>utatur,</strong></span> <span class='ocrx_word' id='word_1_143' title='bbox 719 1294 799 1337; x_wconf 90' lang='lat' dir='ltr'><strong>nisi</strong></span> <span class='ocrx_word' id='word_1_144' title='bbox 817 1294 1083 1347; x_wconf 82' lang='lat' dir='ltr'><strong>necessitate,</strong></span> <span class='ocrx_word' id='word_1_145' title='bbox 1100 1310 1200 1338; x_wconf 91' lang='lat' dir='ltr'><strong>cum</strong></span> <span class='ocrx_word' id='word_1_146' title='bbox 1222 1295 1340 1341; x_wconf 90' lang='lat' dir='ltr'><strong>videt</strong></span> <span class='ocrx_word' id='word_1_147' title='bbox 1357 1300 1498 1357; x_wconf 87' lang='lat' dir='ltr'><strong>pigros</strong></span> 
     </span>
     <span class='ocr_line' id='line_1_17' title="bbox 118 1364 1495 1424; baseline 0.003 -15"><span class='ocrx_word' id='word_1_148' title='bbox 118 1380 207 1409; x_wconf 89' lang='lat' dir='ltr'><strong>esse</strong></span> <span class='ocrx_word' id='word_1_149' title='bbox 229 1366 424 1409; x_wconf 90' lang='lat' dir='ltr'><strong>homines</strong></span> <span class='ocrx_word' id='word_1_150' title='bbox 447 1364 501 1408; x_wconf 90' lang='lat' dir='ltr'><strong>ad</strong></span> <span class='ocrx_word' id='word_1_151' title='bbox 532 1364 799 1408; x_wconf 87' lang='lat' dir='ltr'><strong>credendum</strong></span> <span class='ocrx_word' id='word_1_152' title='bbox 814 1399 825 1419; x_wconf 83' lang='lat'>‚</span> <span class='ocrx_word' id='word_1_153' title='bbox 857 1365 976 1423; x_wconf 89' lang='lat' dir='ltr'><strong>quod</strong></span> <span class='ocrx_word' id='word_1_154' title='bbox 998 1364 1056 1407; x_wconf 87' lang='lat' dir='ltr'><strong>eis</strong></span> <span class='ocrx_word' id='word_1_155' title='bbox 1083 1365 1190 1408; x_wconf 89' lang='lat' dir='ltr'><strong>utile</strong></span> <span class='ocrx_word' id='word_1_156' title='bbox 1208 1375 1270 1410; x_wconf 91' lang='lat' dir='ltr'><strong>est</strong></span> <span class='ocrx_word' id='word_1_157' title='bbox 1292 1368 1467 1412; x_wconf 90' lang='lat' dir='ltr'><strong>credere</strong></span> <span class='ocrx_word' id='word_1_158' title='bbox 1483 1403 1495 1424; x_wconf 84' lang='lat'>‚</span> 
     </span>
     <span class='ocr_line' id='line_1_18' title="bbox 117 1435 1497 1497; baseline 0.004 -18"><span class='ocrx_word' id='word_1_159' title='bbox 117 1435 197 1479; x_wconf 89' lang='lat' dir='ltr'><strong>nisi</strong></span> <span class='ocrx_word' id='word_1_160' title='bbox 214 1436 431 1495; x_wconf 86' lang='lat' dir='ltr'><strong>juratione</strong></span> <span class='ocrx_word' id='word_1_161' title='bbox 453 1436 695 1478; x_wconf 88' lang='lat' dir='ltr'><strong>firmentur.</strong></span> <span class='ocrx_word' id='word_1_162' title='bbox 716 1435 785 1478; x_wconf 87' lang='lat' dir='ltr'><strong>Ad</strong></span> <span class='ocrx_word' id='word_1_163' title='bbox 806 1435 890 1478; x_wconf 86' lang='lat' dir='ltr'><strong>hoc</strong></span> <span class='ocrx_word' id='word_1_164' title='bbox 912 1435 1059 1493; x_wconf 86' lang='lat' dir='ltr'><strong>itaque</strong></span> <span class='ocrx_word' id='word_1_165' title='bbox 1082 1436 1270 1493; x_wconf 90' lang='lat' dir='ltr'><strong>pertinet</strong></span> <span class='ocrx_word' id='word_1_166' title='bbox 1295 1438 1416 1497; x_wconf 90' lang='lat' dir='ltr'><strong>quod</strong></span> <span class='ocrx_word' id='word_1_167' title='bbox 1438 1440 1497 1484; x_wconf 90' lang='lat' dir='ltr'><strong>sic</strong></span> 
     </span>
     <span class='ocr_line' id='line_1_19' title="bbox 118 1507 1495 1562; baseline 0 -12"><span class='ocrx_word' id='word_1_168' title='bbox 118 1507 300 1550; x_wconf 89' lang='lat' dir='ltr'><strong>dicitur:</strong></span> <span class='ocrx_word' id='word_1_169' title='bbox 326 1526 345 1548; x_wconf 94' lang='lat'>«</span> <span class='ocrx_word' id='word_1_170' title='bbox 366 1507 429 1550; x_wconf 91' lang='lat' dir='ltr'><strong>Sit</strong></span> <span class='ocrx_word' id='word_1_171' title='bbox 451 1515 595 1550; x_wconf 90' lang='lat' dir='ltr'><strong>autem</strong></span> <span class='ocrx_word' id='word_1_172' title='bbox 613 1520 752 1550; x_wconf 88' lang='lat' dir='ltr'><strong>sermo</strong></span> <span class='ocrx_word' id='word_1_173' title='bbox 772 1514 912 1549; x_wconf 90' lang='lat' dir='ltr'><strong>vester</strong></span> <span class='ocrx_word' id='word_1_174' title='bbox 928 1540 938 1560; x_wconf 84' lang='lat'>‚</span> <span class='ocrx_word' id='word_1_175' title='bbox 959 1508 1050 1559; x_wconf 75' lang='lat' dir='ltr'><strong>Est,</strong></span> <span class='ocrx_word' id='word_1_176' title='bbox 1072 1515 1160 1562; x_wconf 67' lang='grc' dir='ltr'>θεῖς</span> <span class='ocrx_word' id='word_1_177' title='bbox 1185 1509 1279 1551; x_wconf 92' lang='lat' dir='ltr'><strong>Non</strong></span> <span class='ocrx_word' id='word_1_178' title='bbox 1298 1542 1309 1561; x_wconf 87' lang='lat'><strong>,</strong></span> <span class='ocrx_word' id='word_1_179' title='bbox 1333 1525 1422 1553; x_wconf 93' lang='lat' dir='ltr'><strong>non</strong></span> <span class='ocrx_word' id='word_1_180' title='bbox 1443 1528 1453 1555; x_wconf 71' lang='grc' dir='ltr'>ε</span> <span class='ocrx_word' id='word_1_181' title='bbox 1474 1528 1495 1551; x_wconf 84' lang='lat'>»</span> 
     </span>
     <span class='ocr_line' id='line_1_20' title="bbox 117 1575 1500 1637; baseline 0.002 -17"><span class='ocrx_word' id='word_1_182' title='bbox 117 1576 202 1620; x_wconf 91' lang='lat' dir='ltr'><strong>hoc</strong></span> <span class='ocrx_word' id='word_1_183' title='bbox 224 1577 388 1620; x_wconf 87' lang='lat' dir='ltr'><strong>bonum</strong></span> <span class='ocrx_word' id='word_1_184' title='bbox 413 1585 475 1620; x_wconf 90' lang='lat' dir='ltr'><strong>est</strong></span> <span class='ocrx_word' id='word_1_185' title='bbox 491 1611 501 1630; x_wconf 92' lang='lat'><strong>‚</strong></span> <span class='ocrx_word' id='word_1_186' title='bbox 527 1585 570 1619; x_wconf 94' lang='lat' dir='ltr'><strong>et</strong></span> <span class='ocrx_word' id='word_1_187' title='bbox 597 1575 908 1634; x_wconf 88' lang='lat' dir='ltr'><strong>appetendum.</strong></span> <span class='ocrx_word' id='word_1_188' title='bbox 945 1594 965 1616; x_wconf 90' lang='lat'>«</span> <span class='ocrx_word' id='word_1_189' title='bbox 994 1575 1118 1627; x_wconf 83' lang='lat' dir='ltr'><strong>Quod</strong></span> <span class='ocrx_word' id='word_1_190' title='bbox 1147 1585 1291 1619; x_wconf 86' lang='lat' dir='ltr'><strong>autem</strong></span> <span class='ocrx_word' id='word_1_191' title='bbox 1314 1578 1500 1637; x_wconf 89' lang='lat' dir='ltr'><strong>amplius</strong></span> 
     </span>
     <span class='ocr_line' id='line_1_21' title="bbox 122 1645 1500 1704; baseline 0.002 -17"><span class='ocrx_word' id='word_1_192' title='bbox 122 1665 143 1688; x_wconf 90' lang='lat'>»</span> <span class='ocrx_word' id='word_1_193' title='bbox 177 1655 240 1690; x_wconf 89' lang='lat' dir='ltr'><strong>est</strong></span> <span class='ocrx_word' id='word_1_194' title='bbox 257 1681 268 1700; x_wconf 86' lang='lat'>‚</span> <span class='ocrx_word' id='word_1_195' title='bbox 295 1663 319 1690; x_wconf 87' lang='lat' dir='ltr'><strong>a</strong></span> <span class='ocrx_word' id='word_1_196' title='bbox 345 1646 460 1690; x_wconf 87' lang='lat' dir='ltr'><strong>malo</strong></span> <span class='ocrx_word' id='word_1_197' title='bbox 487 1654 550 1689; x_wconf 88' lang='lat' dir='ltr'><strong>est</strong></span> <span class='ocrx_word' id='word_1_198' title='bbox 571 1664 579 1690; x_wconf 74' lang='grc' dir='ltr'><strong>ε</strong></span> <span class='ocrx_word' id='word_1_199' title='bbox 607 1664 627 1686; x_wconf 83' lang='lat'>»</span> <span class='ocrx_word' id='word_1_200' title='bbox 653 1645 698 1688; x_wconf 90' lang='lat' dir='ltr'><strong>id</strong></span> <span class='ocrx_word' id='word_1_201' title='bbox 727 1654 791 1688; x_wconf 91' lang='lat' dir='ltr'><strong>est</strong></span> <span class='ocrx_word' id='word_1_202' title='bbox 807 1679 818 1699; x_wconf 80' lang='lat'>,</span> <span class='ocrx_word' id='word_1_203' title='bbox 858 1645 891 1688; x_wconf 92' lang='lat' dir='ltr'><strong>si</strong></span> <span class='ocrx_word' id='word_1_204' title='bbox 917 1646 1062 1704; x_wconf 85' lang='lat' dir='ltr'><strong>jurare</strong></span> <span class='ocrx_word' id='word_1_205' title='bbox 1084 1646 1248 1703; x_wconf 85' lang='lat' dir='ltr'><strong>cogeris</strong></span> <span class='ocrx_word' id='word_1_206' title='bbox 1267 1681 1277 1700; x_wconf 84' lang='lat'>‚</span> <span class='ocrx_word' id='word_1_207' title='bbox 1303 1648 1409 1691; x_wconf 88' lang='lat' dir='ltr'><strong>scias</strong></span> <span class='ocrx_word' id='word_1_208' title='bbox 1445 1648 1500 1692; x_wconf 94' lang='lat' dir='ltr'><strong>de</strong></span> 
     </span>
     <span class='ocr_line' id='line_1_22' title="bbox 118 1715 1501 1776; baseline 0.001 -15"><span class='ocrx_word' id='word_1_209' title='bbox 118 1717 370 1761; x_wconf 85' lang='lat' dir='ltr'><strong>necessitate</strong></span> <span class='ocrx_word' id='word_1_210' title='bbox 391 1717 537 1760; x_wconf 88' lang='lat' dir='ltr'><strong>venire</strong></span> <span class='ocrx_word' id='word_1_211' title='bbox 557 1716 814 1758; x_wconf 81' lang='lat' dir='ltr'><strong>infirmitatis</strong></span> <span class='ocrx_word' id='word_1_212' title='bbox 835 1730 985 1757; x_wconf 87' lang='lat' dir='ltr'><strong>eorum</strong></span> <span class='ocrx_word' id='word_1_213' title='bbox 1004 1749 1014 1767; x_wconf 80' lang='lat'>,</span> <span class='ocrx_word' id='word_1_214' title='bbox 1035 1715 1195 1773; x_wconf 90' lang='lat' dir='ltr'><strong>quibus</strong></span> <span class='ocrx_word' id='word_1_215' title='bbox 1216 1716 1380 1776; x_wconf 86' lang='lat' dir='ltr'><strong>aliquid</strong></span> <span class='ocrx_word' id='word_1_216' title='bbox 1402 1734 1501 1762; x_wconf 85' lang='lat' dir='ltr'><strong>sua-</strong></span> 
     </span>
     <span class='ocr_line' id='line_1_23' title="bbox 119 1783 1500 1845; baseline -0.001 -14"><span class='ocrx_word' id='word_1_217' title='bbox 119 1786 195 1831; x_wconf 90' lang='lat' dir='ltr'><strong>des</strong></span> <span class='ocrx_word' id='word_1_218' title='bbox 217 1806 225 1831; x_wconf 89' lang='lat'><strong>:</strong></span> <span class='ocrx_word' id='word_1_219' title='bbox 250 1802 350 1845; x_wconf 84' lang='lat' dir='ltr'><strong>quae</strong></span> <span class='ocrx_word' id='word_1_220' title='bbox 371 1786 598 1828; x_wconf 88' lang='lat' dir='ltr'><strong>infirmitas</strong></span> <span class='ocrx_word' id='word_1_221' title='bbox 629 1784 782 1843; x_wconf 87' lang='lat' dir='ltr'><strong>utique</strong></span> <span class='ocrx_word' id='word_1_222' title='bbox 808 1783 970 1827; x_wconf 83' lang='lat' dir='ltr'><strong>malum</strong></span> <span class='ocrx_word' id='word_1_223' title='bbox 993 1792 1056 1827; x_wconf 87' lang='lat' dir='ltr'><strong>est</strong></span> <span class='ocrx_word' id='word_1_224' title='bbox 1074 1818 1084 1837; x_wconf 87' lang='lat'>‚</span> <span class='ocrx_word' id='word_1_225' title='bbox 1107 1785 1227 1829; x_wconf 87' lang='lat' dir='ltr'><strong>unde</strong></span> <span class='ocrx_word' id='word_1_226' title='bbox 1249 1801 1327 1829; x_wconf 91' lang='lat' dir='ltr'><strong>nos</strong></span> <span class='ocrx_word' id='word_1_227' title='bbox 1351 1788 1500 1845; x_wconf 90' lang='lat' dir='ltr'><strong>quoti-</strong></span> 
     </span>
     <span class='ocr_line' id='line_1_24' title="bbox 121 1853 1503 1913; baseline 0.001 -14"><span class='ocrx_word' id='word_1_228' title='bbox 121 1856 191 1900; x_wconf 90' lang='lat' dir='ltr'><strong>die</strong></span> <span class='ocrx_word' id='word_1_229' title='bbox 217 1855 391 1899; x_wconf 80' lang='lat' dir='ltr'><strong>liberari</strong></span> <span class='ocrx_word' id='word_1_230' title='bbox 418 1854 728 1913; x_wconf 84' lang='lat' dir='ltr'><strong>deprecamur,</strong></span> <span class='ocrx_word' id='word_1_231' title='bbox 760 1867 860 1896; x_wconf 90' lang='lat' dir='ltr'><strong>cum</strong></span> <span class='ocrx_word' id='word_1_232' title='bbox 898 1853 1081 1896; x_wconf 87' lang='lat' dir='ltr'><strong>dicimus</strong></span> <span class='ocrx_word' id='word_1_233' title='bbox 1105 1870 1116 1897; x_wconf 89' lang='lat'><em>:</em></span> <span class='ocrx_word' id='word_1_234' title='bbox 1145 1872 1164 1895; x_wconf 91' lang='lat'>«</span> <span class='ocrx_word' id='word_1_235' title='bbox 1191 1855 1343 1898; x_wconf 89' lang='lat' dir='ltr'><strong>Libera</strong></span> <span class='ocrx_word' id='word_1_236' title='bbox 1374 1871 1451 1900; x_wconf 88' lang='lat' dir='ltr'><strong>nos</strong></span> <span class='ocrx_word' id='word_1_237' title='bbox 1479 1871 1503 1900; x_wconf 91' lang='lat' dir='ltr'><strong>a</strong></span> 
     </span>
     <span class='ocr_line' id='line_1_25' title="bbox 124 1921 1497 1983; baseline 0 -15"><span class='ocrx_word' id='word_1_238' title='bbox 124 1945 145 1968; x_wconf 86' lang='lat'>»</span> <span class='ocrx_word' id='word_1_239' title='bbox 181 1926 295 1970; x_wconf 89' lang='lat' dir='ltr'><strong>malo</strong></span> <span class='ocrx_word' id='word_1_240' title='bbox 312 1927 343 1968; x_wconf 82' lang='lat'><strong>².</strong></span> <span class='ocrx_word' id='word_1_241' title='bbox 368 1943 388 1966; x_wconf 90' lang='lat'>»</span> <span class='ocrx_word' id='word_1_242' title='bbox 415 1927 568 1983; x_wconf 85' lang='lat' dir='ltr'><strong>Itaque</strong></span> <span class='ocrx_word' id='word_1_243' title='bbox 589 1939 679 1967; x_wconf 91' lang='lat' dir='ltr'><strong>non</strong></span> <span class='ocrx_word' id='word_1_244' title='bbox 709 1922 816 1966; x_wconf 88' lang='lat' dir='ltr'><strong>dixit</strong></span> <span class='ocrx_word' id='word_1_245' title='bbox 850 1941 858 1965; x_wconf 71' lang='grc' dir='ltr'>ε</span> <span class='ocrx_word' id='word_1_246' title='bbox 888 1921 1014 1975; x_wconf 85' lang='lat' dir='ltr'><strong>Quod</strong></span> <span class='ocrx_word' id='word_1_247' title='bbox 1036 1932 1182 1966; x_wconf 86' lang='lat' dir='ltr'><strong>autem</strong></span> <span class='ocrx_word' id='word_1_248' title='bbox 1203 1924 1387 1983; x_wconf 88' lang='lat' dir='ltr'><strong>amplius</strong></span> <span class='ocrx_word' id='word_1_249' title='bbox 1408 1935 1471 1969; x_wconf 90' lang='lat' dir='ltr'><strong>est</strong></span> <span class='ocrx_word' id='word_1_250' title='bbox 1486 1960 1497 1980; x_wconf 85' lang='lat'>‚</span> 
     </span>
     <span class='ocr_line' id='line_1_26' title="bbox 122 1991 1503 2052; baseline -0.001 -12"><span class='ocrx_word' id='word_1_251' title='bbox 122 1996 285 2041; x_wconf 87' lang='lat' dir='ltr'><strong>malum</strong></span> <span class='ocrx_word' id='word_1_252' title='bbox 313 2004 409 2051; x_wconf 61' lang='grc' dir='ltr'>θεῖς</span> <span class='ocrx_word' id='word_1_253' title='bbox 434 2004 482 2038; x_wconf 87' lang='lat' dir='ltr'><strong>tu</strong></span> <span class='ocrx_word' id='word_1_254' title='bbox 506 1994 622 2037; x_wconf 88' lang='lat' dir='ltr'><strong>enim</strong></span> <span class='ocrx_word' id='word_1_255' title='bbox 656 2007 746 2037; x_wconf 91' lang='lat' dir='ltr'><strong>non</strong></span> <span class='ocrx_word' id='word_1_256' title='bbox 775 1991 938 2035; x_wconf 87' lang='lat' dir='ltr'><strong>malum</strong></span> <span class='ocrx_word' id='word_1_257' title='bbox 961 1991 1090 2046; x_wconf 83' lang='lat' dir='ltr'><strong>facis,</strong></span> <span class='ocrx_word' id='word_1_258' title='bbox 1125 1994 1201 2052; x_wconf 87' lang='lat' dir='ltr'><strong>qui</strong></span> <span class='ocrx_word' id='word_1_259' title='bbox 1226 1994 1338 2038; x_wconf 88' lang='lat' dir='ltr'><strong>bene</strong></span> <span class='ocrx_word' id='word_1_260' title='bbox 1372 1996 1503 2039; x_wconf 90' lang='lat' dir='ltr'><strong>uteris</strong></span> 
     </span>
     <span class='ocr_line' id='line_1_27' title="bbox 119 2062 1503 2127; baseline -0.001 -17"><span class='ocrx_word' id='word_1_261' title='bbox 119 2066 336 2127; x_wconf 84' lang='lat' dir='ltr'><strong>juratione</strong></span> <span class='ocrx_word' id='word_1_262' title='bbox 351 2100 361 2119; x_wconf 81' lang='grc'><strong><em>,</em></strong></span> <span class='ocrx_word' id='word_1_263' title='bbox 390 2080 489 2124; x_wconf 83' lang='lat' dir='ltr'><strong>quae</strong></span> <span class='ocrx_word' id='word_1_264' title='bbox 521 2063 599 2107; x_wconf 89' lang='lat' dir='ltr'><strong>etsi</strong></span> <span class='ocrx_word' id='word_1_265' title='bbox 627 2079 717 2107; x_wconf 86' lang='lat' dir='ltr'><strong>non</strong></span> <span class='ocrx_word' id='word_1_266' title='bbox 738 2062 875 2116; x_wconf 88' lang='lat' dir='ltr'><strong>bona,</strong></span> <span class='ocrx_word' id='word_1_267' title='bbox 902 2071 1048 2105; x_wconf 86' lang='lat' dir='ltr'><strong>tamen</strong></span> <span class='ocrx_word' id='word_1_268' title='bbox 1071 2064 1306 2107; x_wconf 86' lang='lat' dir='ltr'><strong>necessaria</strong></span> <span class='ocrx_word' id='word_1_269' title='bbox 1327 2073 1389 2107; x_wconf 90' lang='lat' dir='ltr'><strong>est</strong></span> <span class='ocrx_word' id='word_1_270' title='bbox 1408 2099 1419 2118; x_wconf 92' lang='lat'><strong>,</strong></span> <span class='ocrx_word' id='word_1_271' title='bbox 1452 2074 1503 2108; x_wconf 91' lang='lat' dir='ltr'><strong>ut</strong></span> 
     </span>
     <span class='ocr_line' id='line_1_28' title="bbox 125 2132 1501 2195; baseline -0.004 -14"><span class='ocrx_word' id='word_1_272' title='bbox 125 2137 247 2181; x_wconf 89' lang='lat' dir='ltr'><strong>alteri</strong></span> <span class='ocrx_word' id='word_1_273' title='bbox 268 2135 524 2195; x_wconf 88' lang='lat' dir='ltr'><strong>persuadeas</strong></span> <span class='ocrx_word' id='word_1_274' title='bbox 542 2134 661 2194; x_wconf 90' lang='lat' dir='ltr'><strong>quod</strong></span> <span class='ocrx_word' id='word_1_275' title='bbox 676 2133 840 2177; x_wconf 87' lang='lat' dir='ltr'><strong>utiliter</strong></span> <span class='ocrx_word' id='word_1_276' title='bbox 856 2132 1009 2176; x_wconf 87' lang='lat' dir='ltr'><strong>suades</strong></span> <span class='ocrx_word' id='word_1_277' title='bbox 1028 2151 1035 2176; x_wconf 91' lang='lat'>:</span> <span class='ocrx_word' id='word_1_278' title='bbox 1052 2132 1142 2185; x_wconf 86' lang='lat' dir='ltr'><strong>sed,</strong></span> <span class='ocrx_word' id='word_1_279' title='bbox 1163 2152 1182 2175; x_wconf 89' lang='lat'>«</span> <span class='ocrx_word' id='word_1_280' title='bbox 1202 2136 1237 2177; x_wconf 84' lang='lat' dir='ltr'>A</span> <span class='ocrx_word' id='word_1_281' title='bbox 1256 2135 1370 2178; x_wconf 90' lang='lat' dir='ltr'><strong>malo</strong></span> <span class='ocrx_word' id='word_1_282' title='bbox 1391 2143 1501 2188; x_wconf 84' lang='lat' dir='ltr'><strong>est‚»</strong></span> 
     </span>
     <span class='ocr_line' id='line_1_29' title="bbox 123 2201 1505 2265; baseline -0.003 -14"><span class='ocrx_word' id='word_1_283' title='bbox 123 2207 238 2251; x_wconf 91' lang='lat' dir='ltr'><strong>illius</strong></span> <span class='ocrx_word' id='word_1_284' title='bbox 260 2207 381 2265; x_wconf 86' lang='lat' dir='ltr'><strong>cujus</strong></span> <span class='ocrx_word' id='word_1_285' title='bbox 397 2205 648 2248; x_wconf 86' lang='lat' dir='ltr'><strong>infirmitate</strong></span> <span class='ocrx_word' id='word_1_286' title='bbox 663 2205 810 2263; x_wconf 88' lang='lat' dir='ltr'><strong>jurare</strong></span> <span class='ocrx_word' id='word_1_287' title='bbox 827 2203 1006 2259; x_wconf 78' lang='lat' dir='ltr'><strong>cogeris,</strong></span> <span class='ocrx_word' id='word_1_288' title='bbox 1026 2201 1109 2246; x_wconf 89' lang='lat' dir='ltr'><strong>Sed</strong></span> <span class='ocrx_word' id='word_1_289' title='bbox 1132 2218 1260 2246; x_wconf 91' lang='lat' dir='ltr'><strong>nemo</strong></span> <span class='ocrx_word' id='word_1_290' title='bbox 1282 2204 1402 2247; x_wconf 89' lang='lat' dir='ltr'><strong>novit</strong></span> <span class='ocrx_word' id='word_1_291' title='bbox 1424 2204 1505 2248; x_wconf 89' lang='lat' dir='ltr'><strong>nisi</strong></span> 
     </span>
     <span class='ocr_line' id='line_1_30' title="bbox 125 2271 1503 2336; baseline -0.002 -16"><span class='ocrx_word' id='word_1_292' title='bbox 125 2277 201 2336; x_wconf 91' lang='lat' dir='ltr'><strong>qui</strong></span> <span class='ocrx_word' id='word_1_293' title='bbox 220 2285 421 2335; x_wconf 86' lang='lat' dir='ltr'><strong>expertus</strong></span> <span class='ocrx_word' id='word_1_294' title='bbox 439 2284 526 2328; x_wconf 73' lang='grc' dir='ltr'>θεῖ,</span> <span class='ocrx_word' id='word_1_295' title='bbox 551 2288 682 2334; x_wconf 83' lang='lat' dir='ltr'><strong>quam</strong></span> <span class='ocrx_word' id='word_1_296' title='bbox 705 2273 756 2316; x_wconf 89' lang='lat' dir='ltr'><strong>sit</strong></span> <span class='ocrx_word' id='word_1_297' title='bbox 782 2271 959 2316; x_wconf 82' lang='lat' dir='ltr'><strong>difficile</strong></span> <span class='ocrx_word' id='word_1_298' title='bbox 981 2280 1024 2314; x_wconf 88' lang='lat' dir='ltr'><strong>et</strong></span> <span class='ocrx_word' id='word_1_299' title='bbox 1047 2273 1407 2316; x_wconf 87' lang='lat' dir='ltr'><strong>consuetudinem</strong></span> <span class='ocrx_word' id='word_1_300' title='bbox 1425 2275 1503 2333; x_wconf 88' lang='lat' dir='ltr'><strong>ju-</strong></span> 
     </span>
     <span class='ocr_line' id='line_1_31' title="bbox 126 2340 1507 2403; baseline -0.003 -12"><span class='ocrx_word' id='word_1_301' title='bbox 126 2347 251 2391; x_wconf 87' lang='lat' dir='ltr'><strong>randi</strong></span> <span class='ocrx_word' id='word_1_302' title='bbox 273 2346 523 2403; x_wconf 78' lang='lat' dir='ltr'><strong>extinguere</strong></span> <span class='ocrx_word' id='word_1_303' title='bbox 541 2379 551 2399; x_wconf 89' lang='lat'>‚</span> <span class='ocrx_word' id='word_1_304' title='bbox 576 2354 619 2388; x_wconf 88' lang='lat' dir='ltr'><strong>et</strong></span> <span class='ocrx_word' id='word_1_305' title='bbox 647 2357 874 2402; x_wconf 86' lang='lat' dir='ltr'><strong>nunquam</strong></span> <span class='ocrx_word' id='word_1_306' title='bbox 904 2351 1064 2385; x_wconf 89' lang='lat' dir='ltr'><strong>temere</strong></span> <span class='ocrx_word' id='word_1_307' title='bbox 1083 2340 1224 2386; x_wconf 86' lang='lat' dir='ltr'><strong>facere</strong></span> <span class='ocrx_word' id='word_1_308' title='bbox 1250 2342 1370 2401; x_wconf 90' lang='lat' dir='ltr'><strong>quod</strong></span> <span class='ocrx_word' id='word_1_309' title='bbox 1391 2358 1507 2388; x_wconf 88' lang='lat' dir='ltr'><strong>non-</strong></span> 
     </span>
     <span class='ocr_line' id='line_1_32' title="bbox 127 2412 909 2475; baseline -0.008 -15"><span class='ocrx_word' id='word_1_310' title='bbox 127 2430 354 2475; x_wconf 86' lang='lat' dir='ltr'><strong>nunquam</strong></span> <span class='ocrx_word' id='word_1_311' title='bbox 371 2414 511 2458; x_wconf 71' lang='lat' dir='ltr'><strong>facere</strong></span> <span class='ocrx_word' id='word_1_312' title='bbox 533 2413 758 2457; x_wconf 90' lang='lat' dir='ltr'><strong>necessitas</strong></span> <span class='ocrx_word' id='word_1_313' title='bbox 781 2412 909 2468; x_wconf 85' lang='lat' dir='ltr'><strong>cogit.</strong></span> 
     </span>
    </p>

    <p class='ocr_par' dir='ltr' id='par_1_3' title="bbox 186 2479 1503 2542">
     <span class='ocr_line' id='line_1_33' title="bbox 186 2479 1503 2542; baseline -0.001 -13"><span class='ocrx_word' id='word_1_314' title='bbox 186 2488 281 2530; x_wconf 87' lang='lat' dir='ltr'>LII.</span> <span class='ocrx_word' id='word_1_315' title='bbox 303 2484 450 2538; x_wconf 86' lang='lat' dir='ltr'><strong>Quaeri</strong></span> <span class='ocrx_word' id='word_1_316' title='bbox 461 2492 608 2528; x_wconf 88' lang='lat' dir='ltr'><strong>autem</strong></span> <span class='ocrx_word' id='word_1_317' title='bbox 628 2491 786 2542; x_wconf 88' lang='lat' dir='ltr'><strong>potest,</strong></span> <span class='ocrx_word' id='word_1_318' title='bbox 803 2496 903 2525; x_wconf 88' lang='lat' dir='ltr'><strong>cum</strong></span> <span class='ocrx_word' id='word_1_319' title='bbox 928 2479 1143 2524; x_wconf 86' lang='lat' dir='ltr'><strong>diceretur</strong></span> <span class='ocrx_word' id='word_1_320' title='bbox 1164 2499 1173 2524; x_wconf 87' lang='grc'>;</span> <span class='ocrx_word' id='word_1_321' title='bbox 1205 2498 1224 2521; x_wconf 90' lang='lat'>«</span> <span class='ocrx_word' id='word_1_322' title='bbox 1247 2483 1341 2539; x_wconf 88' lang='lat' dir='ltr'><strong>Ego</strong></span> <span class='ocrx_word' id='word_1_323' title='bbox 1358 2491 1503 2528; x_wconf 86' lang='lat' dir='ltr'><strong>autem</strong></span> 
     </span>
    </p>
   </div>
   <div class='ocr_carea' id='block_1_3' title="bbox 178 2566 816 2609">
    <p class='ocr_par' dir='ltr' id='par_1_4' title="bbox 178 2566 816 2609">
     <span class='ocr_line' id='line_1_34' title="bbox 178 2566 816 2609; baseline -0.006 -7"><span class='ocrx_word' id='word_1_324' title='bbox 178 2576 187 2593; x_wconf 92' lang='lat'>¹</span> <span class='ocrx_word' id='word_1_325' title='bbox 206 2581 218 2602; x_wconf 90' lang='lat'>1</span> <span class='ocrx_word' id='word_1_326' title='bbox 235 2572 307 2604; x_wconf 89' lang='lat' dir='ltr'><strong>Cor.</strong></span> <span class='ocrx_word' id='word_1_327' title='bbox 328 2580 385 2609; x_wconf 85' lang='lat' dir='ltr'><strong>xv,</strong></span> <span class='ocrx_word' id='word_1_328' title='bbox 404 2569 457 2601; x_wconf 83' lang='lat'><strong>31.</strong></span> <span class='ocrx_word' id='word_1_329' title='bbox 475 2585 516 2592; x_wconf 93' lang='lat'><strong>·-</strong></span> <span class='ocrx_word' id='word_1_330' title='bbox 537 2574 550 2591; x_wconf 79' lang='lat'>²</span> <span class='ocrx_word' id='word_1_331' title='bbox 564 2568 743 2608; x_wconf 80' lang='lat' dir='ltr'><strong>Matt11.v1,</strong></span> <span class='ocrx_word' id='word_1_332' title='bbox 766 2566 816 2599; x_wconf 82' lang='lat'><strong>15.</strong></span> 
     </span>
    </p>
   </div>
   <div class='ocr_carea' id='block_1_4' title="bbox 1268 2620 1330 2657">
    <p class='ocr_par' dir='ltr' id='par_1_5' title="bbox 1268 2620 1330 2657">
     <span class='ocr_line' id='line_1_35' title="bbox 1268 2620 1330 2657; baseline -0.016 0"><span class='ocrx_word' id='word_1_333' title='bbox 1268 2620 1330 2657; x_wconf 81' lang='lat'><strong>12.</strong></span> 
     </span>
    </p>
   </div>
  </div>
 </body>
</html>
