1819 3301
379 258 425 285 m
456 255 630 285 JOANNIS
663 256 970 294 affluentium,
1005 257 1151 301 rnAcr.
1190 261 1246 285 iv.
1408 249 1490 287 439

114 321 329 380 suscipere
351 321 615 380 baptismum
639 322 826 365 Domini.
857 322 1060 365 Intendat
1086 323 1282 366 Charitas
1309 325 1457 366 Vestra
1482 343 1490 368 :

114 395 147 436 F
155 392 271 436 uturi
292 401 413 435 erant
431 391 564 451 aliqui
586 393 630 435 in
648 392 837 436 Ecclesia
860 392 1096 438 excelsioris
1121 393 1264 451 gratiae
1287 394 1493 438 catechu-

114 463 246 506 meni.
273 463 344 506 Fit
365 463 476 505 enim
507 462 742 522 aliquando
764 473 814 507 ut
838 463 984 508 videas
1008 465 1370 508 catechumenum
1394 466 1494 508 abs-

114 533 325 577 tinentem
374 532 428 575 ab
473 533 591 576 omni
626 534 865 577 concubitu
882 569 893 588 ,
934 533 1260 578 valefacientem
1301 535 1459 579 saeculo
1483 570 1493 589 ,

114 603 438 647 renuntiantem
477 604 677 647 omnibus
720 621 817 664 quae
852 604 1119 664 possidebat,
1166 605 1497 649 distribuentem

117 673 402 733 pauperibus,
435 682 477 716 et
506 674 843 718 catechumenus
861 684 945 730 est,
969 675 1203 719 instructus
1225 676 1354 719 etiam
1387 675 1498 719 forte

115 743 311 787 doctrina
329 740 502 786 salutari
522 759 650 803 supra
672 744 832 788 multos
851 744 1012 789 fideles.
1036 746 1293 788 Timendum
1317 755 1379 788 est
1393 746 1496 789 huic

115 829 170 856 ne
191 812 306 861 dicat
329 813 446 871 apud
465 815 742 872 semetipsum
765 813 820 857 de
838 814 1094 873 baptismate
1111 824 1259 858 sancto
1284 831 1372 874 quo
1394 830 1496 874 pec-

115 892 210 927 cata
239 881 520 925 dimittuntur
547 903 555 927 :
580 882 692 936 Quid
715 883 811 943 plus
844 895 1100 944 accepturus
1127 887 1248 929 sum?
1276 888 1389 929 Ecce
1418 901 1498 944 ego

116 951 267 996 melior
289 967 385 995 sum
407 951 481 996 illo
513 952 632 1007 fideli
657 963 699 996 et
727 953 801 997 illo
831 953 950 997 fideli
989 974 997 999 :
1022 954 1216 1012 cogitans
1247 953 1396 998 fideles
1425 965 1500 998 aut

116 1023 384 1082 conjugatos,
409 1031 484 1066 aut
507 1021 619 1066 forte
641 1023 793 1068 idiotas
808 1059 818 1079 ,
843 1034 920 1068 aut
941 1025 1151 1069 habentes
1171 1035 1213 1069 et
1236 1025 1499 1084 possidentes

116 1107 181 1136 res
197 1087 310 1146 suas,
331 1107 437 1151 quas
455 1092 545 1150 ipse
566 1091 787 1137 distribuit
804 1095 896 1153 jam
913 1095 1192 1153 pauperibus,
1213 1104 1255 1138 et
1276 1094 1497 1138 meliorem

114 1179 159 1207 se
188 1179 276 1207 esse
299 1163 512 1207 arbitrans
527 1179 658 1223 quam
681 1163 753 1207 ille
775 1166 850 1224 qui
866 1166 956 1224 jam
973 1166 1213 1224 baptizatus
1233 1175 1318 1219 est,
1343 1165 1499 1223 dedig-

115 1241 244 1277 netur
276 1233 420 1276 venire
448 1232 502 1276 ad
529 1233 791 1291 baptismum
809 1267 820 1288 ,
841 1233 1017 1278 dicens:
1046 1237 1137 1279 Hoc
1170 1250 1265 1278 sum
1295 1243 1499 1293 acceptu-

116 1319 188 1346 rus
217 1304 339 1363 quod
361 1303 493 1346 habet
522 1302 595 1346 ille
618 1313 661 1347 et
688 1303 760 1346 ille
793 1322 801 1348 :
833 1313 874 1347 et
904 1314 1118 1363 proponat
1151 1305 1232 1348 sibi
1264 1304 1360 1348 illos
1391 1320 1500 1364 quos

116 1374 372 1427 contemnit,
394 1382 436 1416 et
457 1373 577 1432 quasi
598 1373 770 1417 sordeat
791 1374 853 1417 illi
875 1375 957 1418 hoc
982 1375 1173 1433 accipere
1194 1375 1313 1434 quod
1327 1390 1500 1434 accepe-

118 1454 222 1488 runt
249 1443 493 1498 inferiores,
534 1444 635 1503 quia
661 1445 751 1503 jam
789 1445 962 1489 videtur
991 1446 1080 1504 ipse
1114 1446 1194 1489 sibi
1229 1445 1380 1490 melior
1416 1465 1424 1490 z
1457 1455 1501 1490 et

117 1525 262 1560 tamen
284 1515 427 1559 omnia
450 1525 625 1573 peccata
645 1531 773 1574 super
802 1514 927 1559 illum
950 1525 1072 1570 sunt,
1096 1526 1139 1560 et
1161 1516 1242 1559 nisi
1263 1516 1429 1560 venerit
1445 1516 1499 1560 ad

116 1586 345 1630 salutarem
366 1586 630 1644 baptismum
649 1621 659 1641 ,
684 1586 760 1630 ubi
787 1596 961 1645 peccata
983 1586 1211 1631 solvuntur
1227 1621 1237 1641 ,
1264 1603 1363 1631 cum
1382 1588 1499 1631 omni

117 1655 367 1699 excellentia
397 1671 472 1699 sua
504 1671 592 1699 non
624 1665 766 1714 potest
793 1657 954 1700 intrare
979 1657 1023 1698 in
1057 1671 1236 1715 regnum
1269 1656 1496 1700 coelorum.

120 1725 204 1771 Sed
226 1735 276 1769 ut
300 1726 418 1769 illam
448 1725 746 1769 excellentiam
778 1727 982 1770 invitaret
1012 1729 1221 1771 Dominus
1250 1728 1304 1770 ad
1338 1727 1501 1786 baptis-

116 1811 234 1839 mum
260 1811 408 1849 suum,
446 1805 495 1838 ut
530 1806 702 1854 peccata
730 1795 791 1838 illi
818 1795 1163 1850 dimitterentur,
1189 1797 1306 1840 venit
1335 1797 1424 1854 ipse
1447 1796 1501 1840 ad

117 1866 378 1925 baptismum
408 1866 518 1909 servi
548 1867 613 1909 sui
646 1885 654 1910 z
689 1875 855 1910 etcum
883 1866 972 1925 ipse
1002 1882 1090 1910 non
1121 1866 1298 1909 haberet
1323 1865 1442 1925 quod
1464 1868 1501 1909 ei

117 1936 423 1989 dimitteretur,
449 1952 528 1979 nec
548 1934 668 1995 quod
690 1936 735 1978 in
766 1935 841 1979 illo
862 1935 1102 1989 lavaretur,
1130 1936 1316 1994 suscepit
1339 1953 1360 1979 a
1380 1952 1501 1980 servo

118 2007 381 2066 baptismum
413 2026 420 2050 :
451 2015 494 2049 et
517 2016 724 2065 tanquam
749 2005 962 2050 allocutus
993 2015 1057 2049 est
1079 2005 1215 2049 filium
1244 2007 1500 2064 superbien-

120 2087 204 2120 tem
234 2086 276 2119 et
311 2075 588 2120 extollentem
627 2091 697 2129 se,
737 2091 786 2118 ac
821 2075 1130 2130 dedignantem
1165 2074 1275 2118 sorte
1307 2075 1500 2134 accipere

117 2162 218 2190 cum
240 2146 384 2190 idiotis
407 2145 524 2188 unde
552 2145 590 2188 ei
615 2146 748 2204 possit
768 2144 880 2188 salus
909 2145 1079 2197 venire,
1102 2153 1145 2187 et
1164 2144 1284 2203 quasi
1314 2143 1460 2187 dicens
1487 2163 1495 2188 :

118 2219 342 2270 Quantum
366 2225 407 2259 tc
429 2214 648 2258 extendis?
672 2224 884 2275 quantum
922 2214 1119 2257 extollis?
1139 2223 1301 2272 quanta
1333 2223 1395 2257 est
1428 2229 1500 2257 ex-

118 2286 317 2330 cellentia
338 2287 438 2329 tua?
460 2294 622 2343 quanta
646 2285 780 2343 gratia
800 2285 904 2327 tua?
934 2284 1067 2342 major
1092 2292 1232 2341 potest
1254 2299 1342 2326 esse
1367 2298 1498 2342 quam

120 2358 239 2401 mea‘?
262 2356 296 2399 si
315 2371 393 2413 ego
414 2356 513 2399 veni
537 2355 591 2398 ad
608 2370 796 2407 servum,
823 2363 872 2397 tu
895 2352 1142 2410 dedignaris
1163 2353 1309 2397 venire
1334 2353 1388 2396 ad
1410 2356 1500 2397 Do-

120 2427 314 2471 minum?
337 2427 371 2470 si
394 2440 474 2483 ego
495 2424 660 2484 suscepi
688 2425 951 2484 baptismum
980 2423 1110 2477 servi,
1136 2431 1185 2466 tu
1206 2423 1450 2481 dedignaris
1476 2439 1499 2466 a

121 2497 306 2541 Domino
331 2495 567 2554 baptizari?

181 2569 298 2610 XIV.
329 2569 438 2610 Nam
466 2574 512 2608 nt
534 2565 752 2618 noveritis,
786 2564 934 2607 fratres
955 2564 1060 2617 mei,
1092 2564 1192 2623 quia
1216 2579 1304 2607 non
1338 2580 1387 2607 ex
1418 2577 1496 2611 ne-
