1819 3301
356 226 399 250 riv
433 222 609 251 JOANNIS
642 221 924 250 EVANGELIUM
945 240 956 261 ‚
991 222 1137 250 TRACT.
1174 226 1204 250 1.
1388 216 1469 253 397

91 290 298 333 Fortassis
323 299 366 333 et
394 306 471 334 nos
492 290 537 333 in
558 290 645 334 vita
668 289 746 333 ista
765 288 837 332 illa
858 305 947 333 non
968 289 1232 333 timeremus.
1259 293 1320 334 De
1341 306 1472 349 poena

90 369 164 403 tua
195 369 421 418 peccatum
446 370 571 416 tuum
603 375 776 415 accusa,
809 375 897 404 non
923 360 1131 420 judicem.
1168 362 1265 405 Non
1296 371 1472 420 propter

90 429 335 489 superbiam
370 430 557 474 instituit
594 433 708 474 Deus
739 431 863 474 istam
900 439 1141 475 creaturam
1177 430 1402 474 minimam
1431 441 1474 475 et

89 501 416 559 abjectissimam
433 536 443 555 ‚
469 509 518 544 ut
540 501 632 559 ipsa
665 516 742 545 nos
765 510 987 560 torqueret
1020 520 1029 546 ε
1057 510 1106 545 ut
1140 516 1239 545 eum
1262 502 1473 561 superbus

88 570 221 615 fuerit
242 572 395 626 homo,
422 580 464 615 et
486 587 529 616 se
555 572 781 631 jactaverit
801 571 1004 617 adversus
1027 576 1192 630 Deum3
1212 582 1280 627 et,
1305 588 1403 617 cum
1420 573 1474 617 sit

89 642 280 687 mortalis
301 678 311 697 ,
336 642 565 687 mortalem
596 644 825 700 terruerit3
857 652 899 686 et
916 678 927 697 ‚
952 659 1053 688 cum
1077 644 1130 688 sit
1150 644 1304 699 homo,
1330 644 1474 702 proxi-

88 727 209 756 mum
245 712 464 756 hominem
503 728 590 756 non
611 713 865 770 agnoverit3
890 729 990 756 cum
1012 729 1056 757 se
1083 713 1290 769 erexerit,
1316 713 1474 773 pulici-

89 783 169 826 bus
191 782 417 826 subdatur.
434 782 550 836 Quid
567 792 630 827 est
650 818 660 838 ‚
686 782 807 843 quod
828 792 870 826 te
894 783 1018 827 inflas
1039 784 1230 828 humana
1247 785 1474 843 superbia?

89 856 231 897 Homo
254 853 330 897 tibi
352 853 458 896 dixit
477 854 721 898 convicium
739 889 750 909 ,
776 863 819 898 et
840 854 1054 909 tumuisti,
1081 864 1124 899 et
1141 855 1277 899 iratus
1299 871 1342 900 es
1370 875 1377 900 :
1399 871 1474 915 pu-

87 923 241 967 licibus
264 924 410 967 resiste
433 933 482 968 ut
506 923 694 968 dormias
723 943 732 968 ε
763 939 972 982 cognosce
1001 924 1077 984 qni
1098 924 1165 969 sis.
1192 928 1300 971 Nam
1325 935 1373 970 ut
1395 942 1475 970 no-

88 995 256 1049 veritis,
291 995 442 1038 sratres
461 1031 470 1049 ‚
503 1004 681 1054 propter
713 995 956 1054 superbiam
994 1004 1182 1040 nostram
1210 996 1474 1041 domandam

87 1075 229 1109 creata
247 1066 324 1109 ista
344 1101 355 1117 ,
383 1082 482 1125 quse
503 1065 683 1110 molesta
704 1066 829 1109 nobis
853 1074 991 1109 essent
1018 1064 1258 1125 :populum
1281 1068 1473 1112 Pharao-

87 1138 151 1181 nis
170 1138 406 1196 superbum
429 1137 573 1196 potuit
595 1141 708 1181 Deus
734 1136 910 1181 domare
932 1135 985 1180 de
1006 1138 1136 1192 ursis⁷
1162 1138 1216 1181 de
1239 1138 1439 1182 leonibus
1460 1174 1471 1193 ,

86 1208 141 1252 de
163 1208 437 1267 serpentibus
463 1228 472 1253 ε
509 1224 676 1252 muscas
698 1217 741 1251 et
763 1224 885 1252 ranas
907 1207 990 1251 illis
1010 1208 1239 1264 immisit¹‚
1276 1218 1326 1253 ut
1347 1209 1474 1253 rebus

86 1277 300 1323 vilissimis
324 1279 525 1337 superbia
543 1279 808 1323 domaretur.

143 1351 264 1393 XVI.
295 1368 314 1390 «
341 1349 498 1393 Omnia
520 1364 621 1406 ergo
639 1384 649 1403 ‚
670 1349 824 1392 fratres
840 1383 850 1397 ,
876 1348 1019 1391 omnia
1039 1349 1216 1393 omnino
1238 1364 1314 1408 per
1331 1350 1472 1409 ipsum

88 1437 107 1459 »
145 1417 258 1463 facta
281 1428 411 1473 sunt,
448 1428 491 1462 et
528 1419 618 1462 sine
640 1419 733 1477 ipso
773 1417 938 1462 factum
975 1427 1039 1462 est
1060 1418 1185 1462 nihil.
1211 1437 1231 1460 »
1261 1419 1344 1464 Sed
1366 1437 1473 1480 quo-

86 1489 217 1534 modo
240 1504 316 1548 per
345 1486 484 1548 ipsum
519 1488 631 1532 facta
661 1497 763 1532 sunt
785 1488 926 1532 omnia
947 1489 964 1529 ἰ)
990 1507 1008 1529 «
1035 1488 1162 1541 Quod
1187 1490 1351 1534 factum
1375 1501 1467 1546 est,

87 1577 106 1600 ))
142 1559 186 1602 in
208 1559 283 1603 illo
305 1559 393 1603 vita
419 1567 496 1602 est.
524 1577 543 1599 »
573 1562 719 1602 Potest
744 1559 859 1601 enim
883 1558 943 1601 sic
970 1557 1081 1602 dici:
1107 1577 1126 1600 «
1153 1559 1282 1611 Quod
1304 1560 1469 1604 factum

86 1647 106 1669 »
142 1638 204 1673 est
226 1629 271 1672 in
294 1628 369 1673 illo
385 1629 512 1683 ,'vita
539 1637 602 1672 est
629 1648 637 1672 :
671 1646 691 1669 »
720 1643 821 1686 ergo
846 1636 987 1671 totum
1010 1628 1097 1672 vita
1122 1638 1205 1683 est,
1240 1630 1272 1673 si
1296 1631 1353 1675 sic
1376 1646 1470 1690 pro·

83 1699 442 1743 nuntiaverimus.
474 1698 590 1752 Quid
620 1698 736 1741 enim
771 1698 924 1741 nonin
962 1697 1037 1742 illo
1059 1697 1223 1742 lactum
1246 1702 1340 1743 est?
1374 1704 1469 1760 Ipse

83 1779 146 1813 est
167 1769 279 1812 enim
307 1768 523 1828 Sapientia
542 1768 617 1811 Dei
638 1789 648 1825 3
674 1777 717 1811 et
735 1767 950 1811 diciturin
975 1768 1142 1813 Psalmo
1168 1788 1176 1812 :
1202 1788 1221 1810 «
1246 1771 1402 1814 Omnia
1424 1772 1469 1815 in

53 1889 57 1894 ,
86 1857 106 1880 »
144 1839 360 1898 Sapientia
380 1838 558 1882 fecisti2.
587 1857 606 1879 n
630 1838 671 1882 Si
694 1853 796 1896 ergo
819 1838 1014 1883 Christus
1036 1848 1099 1882 est
1123 1840 1338 1898 Sapientia
1362 1842 1466 1897 Dei,

83 1918 126 1952 et
148 1908 344 1952 Psalmus
364 1908 472 1952 dicit·
496 1927 503 1952 :
539 1927 559 1950 «
591 1908 746 1951 Omnia
775 1909 819 1951 in
844 1909 1059 1967 Sapientia
1084 1909 1222 1953 fecisti
1250 1929 1258 1954 :
1283 1928 1301 1951 υ
1323 1911 1468 1956 omnia

82 1979 192 2023 sicut
208 1995 285 2038 per
304 1978 427 2023 illum
455 1978 585 2033 facta,
612 1979 669 2022 ita
691 1979 736 2021 in
759 1977 834 2022 illo
852 1977 964 2023 facta
986 1988 1102 2023 sunt.
1131 1980 1173 2024 Si
1197 1996 1299 2039 ergo
1322 1981 1465 2026 omnia

83 2050 127 2093 in
149 2050 224 2094 illo
240 2086 250 2104 ,
271 2049 424 2094 fratres
443 2049 679 2093 charissimi
697 2084 707 2103 ,
733 2058 776 2092 et
804 2049 923 2108 quod
942 2050 986 2093 in
1006 2049 1081 2094 illo
1104 2050 1268 2094 factum
1287 2064 1363 2107 est,
1382 2053 1466 2096 vita

84 2129 173 2164 est:
200 2135 300 2177 ergo
333 2130 375 2163 et
397 2130 508 2164 terra
531 2119 618 2164 vita
642 2128 729 2173 est,
756 2134 857 2177 ergo
880 2129 921 2163 et
943 2119 1111 2178 lignum
1140 2121 1225 2165 vita
1254 2131 1331 2165 est.
1359 2123 1468 2166 Dici-

84 2206 179 2234 mus
212 2190 389 2250 quidem
420 2190 587 2248 lignum
619 2190 782 2244 vitam,
819 2190 894 2234 sed
924 2190 1163 2234 secundum
1196 2191 1466 2237 intellectum

84 2261 250 2319 lignum
275 2261 435 2315 crucis,
461 2260 578 2304 unde
610 2261 854 2319 accepimus
876 2262 1024 2304 vitam.
1052 2264 1168 2319 Ergo
1190 2271 1233 2305 et
1254 2262 1359 2321 lapis
1381 2264 1466 2308 vita

85 2341 160 2375 est.
185 2332 468 2374 Inhonestum
492 2340 554 2374 est
570 2331 628 2374 sic
656 2330 895 2388 intelligere
916 2366 925 2384 ‚
952 2346 1005 2373 ne
1029 2347 1197 2374 rursum
1222 2334 1345 2376 nobis
1362 2335 1467 2378 sub-

85 2411 206 2460 repat
227 2401 376 2444 eadem
413 2401 702 2444 sordidissima
733 2411 843 2444 secta
867 2402 1207 2445 Manichseorum
1229 2438 1238 2457 ,
1267 2413 1308 2447 et
1326 2404 1463 2459 dieat,

84 2474 185 2532 qnia
203 2473 338 2516 habet
359 2473 491 2516 vitam
512 2470 619 2531 lapis
638 2506 647 2527 ,
670 2482 712 2516 et
730 2472 860 2515 habet
882 2472 1069 2516 animam
1093 2474 1257 2532 paries,
1281 2484 1324 2518 et
1345 2477 1468 2520 resti-

134 2565 139 2581 ¹
160 2558 257 2590 Exod.
280 2568 352 2599 viu,
372 2557 394 2589 6
417 2562 449 2589 et
467 2556 521 2598 24.
536 2573 577 2579 —
598 2563 610 2579 2
634 2557 714 2589 Psal.
736 2567 802 2599 cm,
823 2556 876 2598 24.
