1819 3301
315 228 400 269 490

1689 1043 1713 1238 *tot-*20

923 244 1074 270 INDEX.

358 313 433 344 CAP.
476 321 534 343 xn.
561 310 704 343 Vestium
724 311 866 353 partitio.
1537 327 1614 359 pag,
1663 319 1706 350 48

463 379 528 400 xm.
556 370 639 400 Hora
658 368 822 409 passionis.
1663 376 1705 406 49

469 434 532 456 xiv.
560 427 604 455 De
631 422 753 455 duobus
784 421 960 455 latronibus
985 434 1058 456 cum
1076 423 1129 456 illo
1157 423 1318 457 crucifixis
1330 451 1338 467 ,
1367 426 1399 458 in
1415 425 1478 460 hoc
1505 438 1618 460 omnes

603 479 810 521 Evangelistae
829 480 1027 512 concordant
1664 488 1707 518 60

476 546 525 566 xv.
554 534 721 566 Insultatio
739 535 922 567 Judaeorum
936 536 1103 569 adversum
1120 539 1230 570 Jesum
1250 536 1449 570 crucifixum.
1666 543 1705 573 61

461 602 525 622 xvi.
557 592 731 622 Lati-onum
750 590 925 624 insultatio.
1665 597 1707 628 6⁶2

452 658 529 679 xvn.
558 649 654 678 Potus
673 647 768 679 aceti.
1666 654 1708 685 63

445 714 532 734 xvm.
560 705 718 734 Extremae
739 714 836 736 voces
856 703 993 735 Domini.
1667 710 1708 740 65

462 770 527 791 xrx.
555 759 667 791 Velum
684 759 795 802 templi
810 759 957 791 scissum.
1668 765 1709 795 66

477 827 531 847 xx.
556 816 708 848 Centurio
726 816 842 847 mirans
861 822 892 847 et
915 816 935 847 ii
961 814 1015 858 qui
1035 826 1109 848 cum
1133 815 1186 850 illo
1209 821 1302 850 erant
1668 821 1707 850 67

464 882 529 903 xxr.
554 874 601 904 De
619 871 806 903 mulieribus
824 882 893 914 quae
914 871 958 903 ibi
981 871 1110 904 stabant
1122 897 1131 913 ‚
1150 873 1310 916 quomodo
1322 873 1509 915 Matthaeus,
1527 874 1620 906 Mar-

603 937 659 960 cus
684 931 718 959 et
749 929 849 959 Lucas
864 954 872 969 ,
904 928 958 971 qui
975 928 1126 961 dixerunt
1148 939 1201 960 eas
1231 939 1249 961 a
1273 928 1367 971 longe
1391 929 1540 970 stetisse,
1559 940 1621 961 non

605 988 787 1026 repugnent
799 985 913 1017 Joanni
935 985 988 1028 qui
1007 985 1187 1018 nominavit
1204 996 1301 1018 unam
1315 996 1424 1018 earum
1441 986 1535 1027 juxta
1550 996 1623 1019 cru-

602 1050 675 1072 cem
695 1040 836 1072 stetisse.
1666 1043 1686 1073 6

455 1104 532 1126 xxn.
557 1095 675 1138 Joseph
694 1095 777 1137 petit
794 1106 812 1128 a
836 1095 938 1128 Pilato
950 1106 1069 1139 corpus
1087 1095 1229 1129 Domini.
1669 1099 1687 1127 7

439 1160 530 1182 xxm.
558 1151 729 1194 Sepultura
741 1151 877 1184 Domini.
1671 1154 1688 1182 7

443 1217 534 1238 xxiv.
562 1209 658 1239 Gesta
676 1207 763 1239 circa
777 1211 903 1250 tempus
921 1207 1165 1240 resurrectionis
1180 1206 1315 1239 Domini.
1669 1209 1686 1238 7

458 1273 535 1296 xxv.
561 1262 649 1296 Pauli
661 1263 702 1296 de
718 1263 836 1297 Christi
847 1264 1047 1307 apparitione
1063 1264 1248 1298 testimonia
1260 1274 1335 1298 cum
1347 1262 1522 1306 Evangeliis
1535 1274 1623 1297 con-

606 1319 766 1353 feruntur.
1670 1321 1712 1352 86

474 1605 530 1643 De
546 1606 596 1645 iis
611 1616 696 1654 quae
712 1607 907 1655 pecularia
925 1609 1017 1645 sunt
1033 1606 1177 1651 Marci,
1191 1606 1306 1645 Lucae
1321 1608 1361 1646 et
1375 1606 1399 1644 J
1402 1605 1549 1644 oannis.

321 1744 482 1788 Prologus.
1653 1742 1716 1776 109

366 1804 470 1835 Carm-
513 1812 537 1833 1.
564 1801 599 1833 In
613 1799 786 1842 Evangelio
800 1800 907 1833 Marci
919 1825 928 1842 ,
950 1799 1097 1843 exceptis
1113 1798 1163 1832 his
1175 1810 1244 1843 quae
1262 1809 1336 1833 eum
1353 1798 1510 1832 Matthaeo
1528 1797 1627 1841 dixit,

609 1856 768 1898 quomodo
785 1855 871 1888 nulla
889 1856 1099 1898 repugnantia
1110 1855 1349 1888 demonstretur
1360 1854 1402 1887 ab
1419 1854 1510 1886 initio
1530 1863 1630 1898 usque

610 1913 650 1945 ad
663 1913 739 1945 illud
753 1913 807 1945 ubi
824 1913 870 1945 ait
890 1925 896 1944 :
916 1913 967 1945 Et
984 1910 1228 1957 ingrediuntur
1243 1910 1503 1956 Capharnaum,
1514 1918 1548 1942 et
1564 1917 1631 1942 sta-

611 1970 668 2000 tim
686 1969 836 2001 sabbatis
854 1969 997 2002 docebat
1010 1981 1066 2001 eos
1084 1979 1091 2000 :
1120 1969 1205 2010 quod
1225 1979 1298 2001 cum
1315 1969 1402 2000 Luca
1420 1966 1512 2000 dicit.
1547 1989 1550 1992 -
1627 1964 1717 1998 Ibid.

507 2036 541 2058 11.
569 2027 615 2057 De
633 2022 763 2056 homine
776 2036 792 2057 a
811 2036 874 2068 quo
892 2025 1021 2068 spiritus
1039 2024 1218 2057 immundus
1239 2024 1362 2066 ejectus
1376 2026 1426 2056 est
1441 2032 1628 2056 convexans

613 2091 705 2121 eum,
730 2081 890 2122 quomodo
916 2082 1009 2113 Lucae
1035 2081 1088 2124 qui
1111 2080 1174 2113 hoc
1202 2090 1274 2114 cum
1298 2090 1337 2112 eo
1354 2079 1452 2120 dixit,
1489 2088 1554 2110 non
1572 2088 1629 2109 re-

613 2139 745 2178 pugnet.
1656 2134 1720 2165 110

497 2203 542 2225 ιιι.
568 2193 664 2224 Petro
682 2201 801 2223 nomen
819 2190 1014 2234 impositum.
1653 2190 1716 2220 111

497 2259 541 2280 lv.
567 2246 649 2279 Jussi
664 2251 776 2279 tacere
796 2244 849 2289 qui
869 2245 968 2288 magis
990 2249 1081 2278 erant
1098 2244 1312 2288 praedicaturi.
1657 2243 1721 2274 112

511 2315 544 2337 v.
570 2303 697 2336 Domini
711 2301 878 2334 sententiae
896 2301 965 2334 duae
981 2301 1120 2335 invicem
1141 2301 1331 2334 conciliarec
1658 2302 1723 2331 114

500 2372 542 2394 vi.
568 2360 658 2400 Quod
673 2359 705 2392 in
723 2359 890 2392 occasione
909 2359 1005 2401 hujus
1022 2359 1119 2402 quiin
1133 2358 1253 2390 nomini
1266 2356 1382 2390 Christi
1399 2355 1555 2398 ejiciebat
1565 2355 1633 2388 dae-

614 2417 720 2449 monia
735 2442 743 2455 ‚
769 2415 916 2458 quamvis
939 2426 1014 2448 cum
1042 2414 1206 2457 Discipulis
1230 2424 1295 2447 non
1315 2418 1504 2457 sequeretur
1518 2437 1527 2454 ‚
1546 2414 1635 2444 Mar-

616 2483 672 2505 cus
705 2472 839 2515 amplius
873 2482 967 2514 quam
991 2472 1092 2504 Lucas
1126 2470 1296 2504 Dominum
1325 2468 1440 2504 dixisse
1467 2467 1632 2507 narravit,

615 2529 773 2571 quomodo
791 2529 978 2561 ostendatur
996 2528 1036 2560 ad
1053 2527 1117 2560 hoc
1134 2527 1237 2570 ipsum
1257 2526 1425 2570 pertinere
1443 2524 1527 2569 quod
1542 2524 1632 2556 illum

621 2589 651 2618 in
673 2587 801 2619 nomine
815 2596 870 2618 suo
889 2585 1043 2618 virtutem
1060 2585 1235 2618 facientem
1254 2582 1358 2618 vetuit
1372 2582 1546 2627 prohiberi.
1657 2581 1721 2612 116
