1819 3301
381 320 459 357 188
817 329 848 357 s.
887 328 969 356 Auo
979 329 1116 356 υεΤῐΝῐ
1150 328 1329 356 ΕΡῐεεοΡι

381 412 399 436 »
436 393 600 439 tollere.
631 413 649 434 >›
676 396 830 438 Omnia
853 411 956 455 ergo
975 394 1049 437 illa
1074 392 1398 451 intelligantur,
1425 393 1480 437 de
1511 394 1670 454 quibus
1690 396 1767 455 ju-

377 465 490 509 dicio
518 464 747 508 nobiscum
780 465 986 508 contendi
1010 472 1177 523 potest,
1210 463 1270 508 ita
1301 473 1349 508 ut
1370 480 1393 508 a
1420 473 1567 509 nostro
1593 466 1691 525 jure
1721 466 1767 509 in

370 538 441 596 jus
463 535 576 579 illius
602 545 845 590 transcant,
867 535 943 595 qui
966 535 1194 579 contendit
1215 534 1283 579 vel
1307 551 1386 594 pro
1404 551 1492 595 quo
1515 535 1763 581 contendit:

376 607 498 650 sicuti
522 614 583 648 est
605 606 754 660 vestis,
779 605 959 661 domus,
985 604 1149 649 fundus
1166 640 1176 660 ,
1191 607 1463 665 jumentum,
1487 614 1530 649 et
1552 605 1766 664 generali-

378 686 442 720 ter
465 676 602 719 omnis
623 676 822 735 pecunia.
846 677 975 730 Quod
997 686 1145 721 utrum
1169 676 1298 720 etiam
1322 675 1377 720 de
1401 676 1530 720 servis
1552 677 1768 736 accipien-

376 748 480 792 dum
503 748 582 802 sit,
604 762 759 806 magna
782 749 964 808 quaestio
981 758 1058 793 est.
1081 751 1177 793 Non
1193 748 1307 791 enim
1327 748 1622 793 Christianum
1645 763 1768 809 opor-

377 827 438 862 tet
454 819 513 862 sic
537 818 754 877 possidere
775 834 963 874 servum,
991 818 1214 879 quomodo
1234 834 1398 878 equum
1412 828 1486 863 aut
1509 828 1735 877 argentum
1756 839 1764 864 :

376 904 628 948 quanquam
651 889 742 932 fieri
760 890 909 948 possit,
930 898 981 932 ut
996 890 1155 949 majore
1169 889 1308 948 pretio
1321 888 1462 933 valeat
1479 905 1617 949 equus
1634 905 1768 949 quam

377 975 538 1013 servus,
554 969 596 1003 et
613 959 752 1003 multo
775 959 910 1018 magis
925 959 1090 1019 aliquid
1109 974 1288 1003 aureum
1307 959 1376 1002 vel
1396 969 1664 1018 argenteum.
1688 960 1769 1005 Sed

376 1030 448 1074 ille
469 1046 637 1084 servus,
663 1031 696 1074 si
730 1032 886 1075 rectius
910 1041 952 1075 et
975 1031 1199 1075 honestius
1222 1040 1264 1074 et
1292 1030 1347 1074 ad
1371 1033 1508 1074 Deum
1535 1030 1769 1075 colendum

378 1101 744 1145 accommodatius
760 1102 836 1145 abs
860 1111 900 1145 te
914 1101 1092 1146 domino
1106 1101 1334 1156 educatur,
1352 1110 1427 1145 aut
1441 1102 1618 1159 regitur,
1637 1117 1769 1162 quam
1817 1104 1819 1106 ’

378 1172 431 1216 ab
454 1172 527 1217 illo
551 1181 691 1232 potest
707 1173 782 1232 qui
805 1188 905 1216 eum
928 1173 1049 1232 cupit
1072 1171 1242 1216 auferre
1263 1194 1273 1229 3
1309 1172 1454 1217 nescio
1476 1181 1625 1216 utrum
1647 1173 1769 1233 quis-

379 1259 510 1303 quam
547 1244 689 1287 dicere
712 1243 890 1298 audeat,
929 1253 979 1287 ut
1019 1243 1326 1287 vestimentum
1349 1258 1450 1286 eum
1478 1242 1639 1287 debere
1661 1259 1769 1288 con·
1816 1237 1819 1242 μ

380 1314 530 1357 temni.
549 1314 781 1358 Hominem
795 1329 984 1374 namque
998 1315 1132 1358 homo
1151 1323 1359 1373 tanquam
1375 1313 1571 1373 seipsum
1591 1312 1770 1372 diligere
1816 1308 1817 1315 ¹

379 1383 510 1428 debet
527 1420 537 1439 ,
563 1385 633 1429 cui
651 1386 705 1428 ab
729 1385 923 1429 omnium
943 1385 1129 1429 Domino
1147 1419 1157 1439 ,
1179 1384 1289 1428 sicut
1317 1399 1365 1427 ea
1389 1399 1488 1444 quae
1522 1393 1768 1444 sequuntur
1815 1383 1817 1394 ²

380 1455 644 1510 ostendunt,
670 1456 798 1499 etiam
822 1465 870 1499 ut
890 1456 1086 1500 inimicos
1107 1454 1257 1513 diligat
1274 1455 1527 1514 imperatur.

438 1528 530 1569 LX.
557 1528 667 1571 Sane
689 1525 1123 1570 animadvertendum
1153 1535 1216 1569 est
1247 1540 1422 1569 omnem
1455 1526 1645 1569 tunicam
1675 1540 1772 1570 ves-

381 1597 613 1640 timentum
649 1612 738 1641 esse
758 1633 768 1652 ,
806 1613 894 1642 non
931 1612 1060 1641 omne
1097 1595 1405 1640 vestimentum
1434 1595 1629 1640 tunicam
1663 1611 1767 1640 esse.

381 1669 637 1713 Vestimenti
651 1685 753 1728 ergo
780 1685 940 1713 nomen
961 1668 1086 1727 plura
1106 1668 1318 1727 significat
1354 1682 1486 1726 quam
1510 1682 1672 1711 nomen
1698 1677 1771 1711 tu-

381 1739 504 1783 nicae.
532 1741 588 1783 Et
617 1739 715 1783 ideo
744 1740 802 1783 sic
830 1738 995 1783 dictum
1024 1753 1114 1782 esse
1131 1738 1342 1782 arbitror:
1368 1740 1463 1781 «Et
1485 1738 1561 1797 qui
1585 1738 1771 1782 voluerit

384 1827 404 1851 »
440 1818 584 1853 tecum
618 1809 783 1869 judicio
815 1808 1102 1863 contendere,
1143 1817 1186 1852 et
1218 1808 1412 1853 tunicam
1439 1817 1560 1852 tuam
1590 1807 1768 1863 tollere,

385 1898 405 1921 »
440 1881 613 1923 remitte
630 1879 691 1923 illi
715 1890 758 1923 et
786 1881 1094 1924 vestimentum
1116 1898 1125 1923 :
1151 1898 1169 1920 »
1192 1888 1399 1939 tanquam
1423 1882 1456 1925 si
1474 1880 1636 1925 diceret
1660 1880 1771 1932 :Qui

380 1950 568 1994 voluerit
590 1951 782 1994 tunicam
800 1959 919 1994 tuam
950 1948 1123 2003 tollere,
1150 1949 1321 1993 remitte
1340 1949 1403 1994 illi
1420 1951 1498 1994 etsi
1522 1949 1628 2010 quid
1653 1948 1771 1993 aliud

381 2021 626 2065 indumenti
641 2021 790 2065 habes.
829 2021 933 2065 Ideo
955 2020 1156 2065 nonnulli
1183 2040 1202 2062 «
1238 2020 1424 2065 Pallium
1451 2040 1470 2062 »
1501 2019 1771 2079 interpretati

382 2102 511 2146 sunt,
550 2093 671 2152 quod
695 2107 832 2151 graece
859 2093 1047 2151 positum
1077 2100 1140 2135 est
1162 2098 1290 2143 ipsam„

442 2165 555 2206 LXI.
588 2182 607 2204 «
631 2165 688 2206 Et
726 2162 800 2222 qui
823 2171 865 2205 te
888 2162 1175 2219 angariaverit
1192 2197 1202 2216 ,
1238 2162 1413 2220 inquit,
1438 2159 1558 2203 mille
1589 2175 1738 2219 passus
1755 2194 1766 2215 ,
1818 2167 1819 2175 ¹

383 2252 403 2275 »
439 2233 548 2278 vade
571 2249 671 2277 cum
689 2232 764 2277 illo
798 2232 878 2276 alia
901 2233 1034 2276 duo¹.
1064 2251 1083 2273 »
1112 2235 1165 2275 Et
1189 2232 1271 2275 hoc
1309 2233 1462 2291 utique
1489 2246 1578 2275 non
1611 2240 1698 2275 tam
1720 2238 1771 2275 ut

378 2304 563 2364 pedibus
599 2321 724 2363 agas,
762 2319 894 2364 quam
918 2313 968 2347 ut
990 2303 1134 2347 animo
1163 2303 1216 2346 sis
1240 2311 1429 2361 paratus.
1457 2304 1564 2346 Nam
1601 2301 1647 2344 in
1679 2302 1770 2360 i'psa

380 2376 611 2420 christiana
634 2375 811 2420 historia
826 2410 836 2429 ,
874 2375 917 2418 in
940 2390 1025 2434 qua
1049 2382 1112 2417 cst
1135 2373 1389 2426 auctoritas,
1418 2372 1528 2415 nihil
1550 2370 1634 2415 tale
1651 2371 1770 2415 inve-

381 2447 470 2490 nies
505 2445 669 2490 factum
692 2461 779 2489 esse
809 2462 831 2489 a
854 2445 1009 2489 sanctis
1030 2480 1040 2498 ,
1067 2442 1134 2488 vol
1166 2444 1220 2487 ab
1248 2445 1340 2503 ipso
1363 2443 1549 2488 Domino
1567 2477 1577 2495 ,
1604 2457 1702 2486 cum
1722 2442 1768 2485 in

382 2516 559 2559 homine
581 2532 711 2576 quem
732 2515 946 2574 suscipere
968 2515 1167 2572 dignatus
1190 2523 1252 2557 est
1271 2549 1281 2568 ,
1302 2513 1476 2557 vivendi
1500 2512 1626 2556 nobis
1653 2527 1767 2571 prae-

384 2586 507 2629 beret
527 2583 773 2646 exemplum
799 2606 807 2630 ε
825 2601 924 2630 cum
944 2595 1088 2630 tamen
1103 2585 1304 2629 omnibus
1322 2582 1410 2627 fere
1429 2582 1530 2628 locis
1552 2597 1623 2627 eos
1643 2582 1766 2625 inve-

432 2677 439 2692 ¹
466 2671 576 2702 Manli.
599 2671 701 2712 v,41.
