<?xml version="1.0" encoding="UTF-8"?>
<!DOCTYPE html PUBLIC "-//W3C//DTD XHTML 1.0 Transitional//EN"
    "http://www.w3.org/TR/xhtml1/DTD/xhtml1-transitional.dtd">
<html xmlns="http://www.w3.org/1999/xhtml" xml:lang="en" lang="en">
 <head>
  <title>
</title>
<meta http-equiv="Content-Type" content="text/html;charset=utf-8" />
  <meta name='ocr-system' content='tesseract 3.04.00' />
  <meta name='ocr-capabilities' content='ocr_page ocr_carea ocr_par ocr_line ocrx_word'/>
</head>
<body>
  <div class='ocr_page' id='page_1' title='image "./operaomniaaccura14auguuoft_0129.png"; bbox 0 0 1819 3301; ppageno 0'>
   <div class='ocr_carea' id='block_1_1' title="bbox 268 211 1433 259">
    <p class='ocr_par' dir='ltr' id='par_1_1' title="bbox 268 211 1433 259">
     <span class='ocr_line' id='line_1_1' title="bbox 268 211 1433 259; baseline 0.001 -12"><span class='ocrx_word' id='word_1_1' title='bbox 268 222 321 247; x_wconf 87' lang='lat' dir='ltr'>DE</span> <span class='ocrx_word' id='word_1_2' title='bbox 352 219 560 249; x_wconf 72' lang='lat' dir='ltr'><strong>CONSENSU</strong></span> <span class='ocrx_word' id='word_1_3' title='bbox 591 216 1003 259; x_wconf 75' lang='lat' dir='ltr'>EVANGELISTARUM‚</span> <span class='ocrx_word' id='word_1_4' title='bbox 1039 221 1120 247; x_wconf 74' lang='lat' dir='ltr'>Lm.</span> <span class='ocrx_word' id='word_1_5' title='bbox 1156 222 1215 247; x_wconf 82' lang='grc' dir='ltr'>ιν.</span> <span class='ocrx_word' id='word_1_6' title='bbox 1353 211 1433 248; x_wconf 88' lang='grc'>113</span> 
     </span>
    </p>
   </div>
   <div class='ocr_carea' id='block_1_2' title="bbox 5 284 1443 2091">
    <p class='ocr_par' dir='ltr' id='par_1_2' title="bbox 5 284 1443 2091">
     <span class='ocr_line' id='line_1_2' title="bbox 65 284 1434 344; baseline 0.004 -20"><span class='ocrx_word' id='word_1_7' title='bbox 65 301 85 324; x_wconf 89' lang='grc'>»</span> <span class='ocrx_word' id='word_1_8' title='bbox 120 284 289 338; x_wconf 84' lang='lat' dir='ltr'>audire,</span> <span class='ocrx_word' id='word_1_9' title='bbox 321 294 363 328; x_wconf 89' lang='lat' dir='ltr'>et</span> <span class='ocrx_word' id='word_1_10' title='bbox 390 294 533 329; x_wconf 88' lang='lat' dir='ltr'>mutos</span> <span class='ocrx_word' id='word_1_11' title='bbox 567 286 735 344; x_wconf 88' lang='lat' dir='ltr'>loqui1.</span> <span class='ocrx_word' id='word_1_12' title='bbox 765 304 785 327; x_wconf 86' lang='lat'>»</span> <span class='ocrx_word' id='word_1_13' title='bbox 812 289 864 329; x_wconf 87' lang='lat' dir='ltr'>In</span> <span class='ocrx_word' id='word_1_14' title='bbox 885 285 950 328; x_wconf 89' lang='lat' dir='ltr'>his</span> <span class='ocrx_word' id='word_1_15' title='bbox 984 299 1083 329; x_wconf 87' lang='lat' dir='ltr'>cum</span> <span class='ocrx_word' id='word_1_16' title='bbox 1106 287 1224 327; x_wconf 88' lang='lat' dir='ltr'>Luca</span> <span class='ocrx_word' id='word_1_17' title='bbox 1264 287 1434 329; x_wconf 86' lang='lat' dir='ltr'>Marcus</span> 
     </span>
     <span class='ocr_line' id='line_1_3' title="bbox 62 353 1438 414; baseline 0.001 -18"><span class='ocrx_word' id='word_1_18' title='bbox 62 353 172 396; x_wconf 89' lang='lat' dir='ltr'>nihil</span> <span class='ocrx_word' id='word_1_19' title='bbox 208 363 271 398; x_wconf 84' lang='lat' dir='ltr'>est</span> <span class='ocrx_word' id='word_1_20' title='bbox 292 355 411 414; x_wconf 86' lang='lat' dir='ltr'>quod</span> <span class='ocrx_word' id='word_1_21' title='bbox 442 370 680 414; x_wconf 82' lang='lat' dir='ltr'>repugnare</span> <span class='ocrx_word' id='word_1_22' title='bbox 702 355 898 399; x_wconf 83' lang='lat' dir='ltr'>videatur</span> <span class='ocrx_word' id='word_1_23' title='bbox 924 375 932 399; x_wconf 92' lang='lat'>:</span> <span class='ocrx_word' id='word_1_24' title='bbox 973 364 1016 399; x_wconf 89' lang='lat' dir='ltr'>et</span> <span class='ocrx_word' id='word_1_25' title='bbox 1037 354 1256 413; x_wconf 82' lang='lat' dir='ltr'>superiora</span> <span class='ocrx_word' id='word_1_26' title='bbox 1294 355 1438 397; x_wconf 85' lang='lat' dir='ltr'>omnia</span> 
     </span>
     <span class='ocr_line' id='line_1_4' title="bbox 55 422 1432 484; baseline 0 -17"><span class='ocrx_word' id='word_1_27' title='bbox 55 423 145 483; x_wconf 82' lang='lat' dir='ltr'>jam</span> <span class='ocrx_word' id='word_1_28' title='bbox 162 425 547 480; x_wconf 76' lang='lat' dir='ltr'>consideravimus,</span> <span class='ocrx_word' id='word_1_29' title='bbox 574 425 750 484; x_wconf 81' lang='lat' dir='ltr'>quando</span> <span class='ocrx_word' id='word_1_30' title='bbox 771 441 841 469; x_wconf 89' lang='lat' dir='ltr'>eos</span> <span class='ocrx_word' id='word_1_31' title='bbox 860 426 1066 471; x_wconf 79' lang='lat' dir='ltr'>Matthaeo</span> <span class='ocrx_word' id='word_1_32' title='bbox 1087 422 1432 468; x_wconf 80' lang='lat' dir='ltr'>conferebamus.</span> 
     </span>
     <span class='ocr_line' id='line_1_5' title="bbox 61 493 1437 555; baseline -0.001 -17"><span class='ocrx_word' id='word_1_33' title='bbox 61 493 145 538; x_wconf 84' lang='lat' dir='ltr'>Sed</span> <span class='ocrx_word' id='word_1_34' title='bbox 167 494 405 539; x_wconf 86' lang='lat' dir='ltr'>cavendum</span> <span class='ocrx_word' id='word_1_35' title='bbox 429 505 490 539; x_wconf 90' lang='lat' dir='ltr'>est</span> <span class='ocrx_word' id='word_1_36' title='bbox 513 511 567 538; x_wconf 92' lang='lat' dir='ltr'>ne</span> <span class='ocrx_word' id='word_1_37' title='bbox 591 496 821 555; x_wconf 84' lang='lat' dir='ltr'>quisquam</span> <span class='ocrx_word' id='word_1_38' title='bbox 846 497 1079 539; x_wconf 78' lang='lat' dir='ltr'>arbitretur</span> <span class='ocrx_word' id='word_1_39' title='bbox 1099 531 1109 550; x_wconf 82' lang='lat'>‚</span> <span class='ocrx_word' id='word_1_40' title='bbox 1136 497 1220 540; x_wconf 89' lang='lat' dir='ltr'>hoc</span> <span class='ocrx_word' id='word_1_41' title='bbox 1241 495 1361 555; x_wconf 83' lang='lat' dir='ltr'>quod</span> <span class='ocrx_word' id='word_1_42' title='bbox 1390 496 1437 537; x_wconf 88' lang='lat' dir='ltr'>in</span> 
     </span>
     <span class='ocr_line' id='line_1_6' title="bbox 59 563 1440 624; baseline -0.001 -17"><span class='ocrx_word' id='word_1_43' title='bbox 59 563 214 608; x_wconf 84' lang='lat' dir='ltr'>ultimo</span> <span class='ocrx_word' id='word_1_44' title='bbox 236 580 286 608; x_wconf 86' lang='lat' dir='ltr'>ex</span> <span class='ocrx_word' id='word_1_45' title='bbox 303 565 539 623; x_wconf 82' lang='lat' dir='ltr'>Evangelio</span> <span class='ocrx_word' id='word_1_46' title='bbox 557 565 691 610; x_wconf 85' lang='lat' dir='ltr'>Marci</span> <span class='ocrx_word' id='word_1_47' title='bbox 714 566 838 623; x_wconf 81' lang='lat' dir='ltr'>posui</span> <span class='ocrx_word' id='word_1_48' title='bbox 856 601 867 620; x_wconf 84' lang='grc'>,</span> <span class='ocrx_word' id='word_1_49' title='bbox 889 581 1126 622; x_wconf 81' lang='lat' dir='ltr'>repugnare</span> <span class='ocrx_word' id='word_1_50' title='bbox 1145 566 1347 609; x_wconf 87' lang='lat' dir='ltr'>omnibus</span> <span class='ocrx_word' id='word_1_51' title='bbox 1364 564 1440 624; x_wconf 87' lang='lat' dir='ltr'>qui</span> 
     </span>
     <span class='ocr_line' id='line_1_7' title="bbox 59 634 1439 695; baseline 0.001 -19"><span class='ocrx_word' id='word_1_52' title='bbox 59 649 157 677; x_wconf 87' lang='lat' dir='ltr'>eum</span> <span class='ocrx_word' id='word_1_53' title='bbox 181 634 272 677; x_wconf 88' lang='lat' dir='ltr'>aliis</span> <span class='ocrx_word' id='word_1_54' title='bbox 307 636 398 694; x_wconf 88' lang='lat' dir='ltr'>ejus</span> <span class='ocrx_word' id='word_1_55' title='bbox 432 634 647 695; x_wconf 89' lang='lat' dir='ltr'>plerisque</span> <span class='ocrx_word' id='word_1_56' title='bbox 669 634 795 678; x_wconf 83' lang='lat' dir='ltr'>factis</span> <span class='ocrx_word' id='word_1_57' title='bbox 814 643 856 678; x_wconf 89' lang='lat' dir='ltr'>et</span> <span class='ocrx_word' id='word_1_58' title='bbox 893 635 1017 679; x_wconf 84' lang='lat' dir='ltr'>dictis</span> <span class='ocrx_word' id='word_1_59' title='bbox 1046 636 1282 680; x_wconf 90' lang='lat' dir='ltr'>ostendunt</span> <span class='ocrx_word' id='word_1_60' title='bbox 1315 635 1439 678; x_wconf 88' lang='lat' dir='ltr'>scisse</span> 
     </span>
     <span class='ocr_line' id='line_1_8' title="bbox 58 703 1440 764; baseline 0.001 -18"><span class='ocrx_word' id='word_1_61' title='bbox 58 703 167 763; x_wconf 83' lang='lat' dir='ltr'>quid</span> <span class='ocrx_word' id='word_1_62' title='bbox 181 714 377 761; x_wconf 85' lang='lat' dir='ltr'>ageretur</span> <span class='ocrx_word' id='word_1_63' title='bbox 394 704 438 748; x_wconf 90' lang='lat' dir='ltr'>in</span> <span class='ocrx_word' id='word_1_64' title='bbox 453 705 718 759; x_wconf 80' lang='lat' dir='ltr'>hominibus,</span> <span class='ocrx_word' id='word_1_65' title='bbox 734 705 780 748; x_wconf 90' lang='lat' dir='ltr'>id</span> <span class='ocrx_word' id='word_1_66' title='bbox 803 714 886 759; x_wconf 78' lang='lat' dir='ltr'>est,</span> <span class='ocrx_word' id='word_1_67' title='bbox 903 704 1023 764; x_wconf 88' lang='lat' dir='ltr'>quod</span> <span class='ocrx_word' id='word_1_68' title='bbox 1042 721 1141 749; x_wconf 90' lang='lat' dir='ltr'>eum</span> <span class='ocrx_word' id='word_1_69' title='bbox 1160 706 1440 763; x_wconf 81' lang='lat' dir='ltr'>cogitationes</span> 
     </span>
     <span class='ocr_line' id='line_1_9' title="bbox 58 773 1440 834; baseline 0.001 -18"><span class='ocrx_word' id='word_1_70' title='bbox 58 783 102 816; x_wconf 87' lang='lat' dir='ltr'>et</span> <span class='ocrx_word' id='word_1_71' title='bbox 121 773 365 818; x_wconf 86' lang='lat' dir='ltr'>voluntates</span> <span class='ocrx_word' id='word_1_72' title='bbox 383 790 533 818; x_wconf 89' lang='lat' dir='ltr'>eorum</span> <span class='ocrx_word' id='word_1_73' title='bbox 551 776 684 819; x_wconf 85' lang='lat' dir='ltr'>latere</span> <span class='ocrx_word' id='word_1_74' title='bbox 703 791 792 820; x_wconf 86' lang='lat' dir='ltr'>non</span> <span class='ocrx_word' id='word_1_75' title='bbox 807 784 1007 834; x_wconf 85' lang='lat' dir='ltr'>poterant</span> <span class='ocrx_word' id='word_1_76' title='bbox 1028 795 1036 819; x_wconf 78' lang='lat'>2</span> <span class='ocrx_word' id='word_1_77' title='bbox 1054 776 1162 819; x_wconf 87' lang='lat' dir='ltr'>sicut</span> <span class='ocrx_word' id='word_1_78' title='bbox 1175 775 1440 834; x_wconf 81' lang='lat' dir='ltr'>apertissime</span> 
     </span>
     <span class='ocr_line' id='line_1_10' title="bbox 58 845 1442 904; baseline 0 -17"><span class='ocrx_word' id='word_1_79' title='bbox 58 846 245 888; x_wconf 88' lang='lat' dir='ltr'>Joannes</span> <span class='ocrx_word' id='word_1_80' title='bbox 268 845 374 889; x_wconf 89' lang='lat' dir='ltr'>dicit</span> <span class='ocrx_word' id='word_1_81' title='bbox 396 865 404 889; x_wconf 91' lang='lat'><strong>:</strong></span> <span class='ocrx_word' id='word_1_82' title='bbox 434 864 454 887; x_wconf 91' lang='lat'>«</span> <span class='ocrx_word' id='word_1_83' title='bbox 481 849 577 904; x_wconf 89' lang='lat' dir='ltr'>Ipse</span> <span class='ocrx_word' id='word_1_84' title='bbox 598 855 743 889; x_wconf 88' lang='lat' dir='ltr'>autem</span> <span class='ocrx_word' id='word_1_85' title='bbox 767 848 889 889; x_wconf 88' lang='lat' dir='ltr'>Jesus</span> <span class='ocrx_word' id='word_1_86' title='bbox 912 861 999 889; x_wconf 91' lang='lat' dir='ltr'>non</span> <span class='ocrx_word' id='word_1_87' title='bbox 1018 845 1224 889; x_wconf 87' lang='lat' dir='ltr'>credebat</span> <span class='ocrx_word' id='word_1_88' title='bbox 1243 845 1442 903; x_wconf 87' lang='lat' dir='ltr'>semetip-</span> 
     </span>
     <span class='ocr_line' id='line_1_11' title="bbox 59 913 1442 974; baseline -0.001 -16"><span class='ocrx_word' id='word_1_89' title='bbox 59 931 79 954; x_wconf 87' lang='lat'>»</span> <span class='ocrx_word' id='word_1_90' title='bbox 114 929 210 958; x_wconf 89' lang='lat' dir='ltr'>sum</span> <span class='ocrx_word' id='word_1_91' title='bbox 231 915 291 958; x_wconf 91' lang='lat' dir='ltr'>eis</span> <span class='ocrx_word' id='word_1_92' title='bbox 312 949 322 969; x_wconf 85' lang='lat'>,</span> <span class='ocrx_word' id='word_1_93' title='bbox 347 931 398 959; x_wconf 92' lang='lat' dir='ltr'>eo</span> <span class='ocrx_word' id='word_1_94' title='bbox 420 914 539 974; x_wconf 86' lang='lat' dir='ltr'>quod</span> <span class='ocrx_word' id='word_1_95' title='bbox 561 915 650 974; x_wconf 88' lang='lat' dir='ltr'>ipse</span> <span class='ocrx_word' id='word_1_96' title='bbox 683 925 827 960; x_wconf 81' lang='lat' dir='ltr'>nosset</span> <span class='ocrx_word' id='word_1_97' title='bbox 850 931 999 959; x_wconf 87' lang='lat' dir='ltr'>omnes</span> <span class='ocrx_word' id='word_1_98' title='bbox 1017 950 1027 969; x_wconf 89' lang='lat'>‚</span> <span class='ocrx_word' id='word_1_99' title='bbox 1064 924 1107 958; x_wconf 91' lang='lat' dir='ltr'>et</span> <span class='ocrx_word' id='word_1_100' title='bbox 1128 915 1230 974; x_wconf 87' lang='lat' dir='ltr'>quia</span> <span class='ocrx_word' id='word_1_101' title='bbox 1265 929 1373 973; x_wconf 88' lang='lat' dir='ltr'>opus</span> <span class='ocrx_word' id='word_1_102' title='bbox 1402 913 1442 956; x_wconf 91' lang='lat' dir='ltr'>ei</span> 
     </span>
     <span class='ocr_line' id='line_1_12' title="bbox 59 985 1438 1046; baseline 0.001 -20"><span class='ocrx_word' id='word_1_103' title='bbox 59 1002 80 1025; x_wconf 90' lang='lat'>»</span> <span class='ocrx_word' id='word_1_104' title='bbox 115 1000 205 1029; x_wconf 86' lang='lat' dir='ltr'>non</span> <span class='ocrx_word' id='word_1_105' title='bbox 227 995 317 1029; x_wconf 87' lang='lat' dir='ltr'>erat</span> <span class='ocrx_word' id='word_1_106' title='bbox 331 1021 342 1040; x_wconf 83' lang='lat'>‚</span> <span class='ocrx_word' id='word_1_107' title='bbox 368 995 417 1029; x_wconf 90' lang='lat' dir='ltr'>ut</span> <span class='ocrx_word' id='word_1_108' title='bbox 438 987 534 1046; x_wconf 90' lang='lat' dir='ltr'>quis</span> <span class='ocrx_word' id='word_1_109' title='bbox 562 986 857 1029; x_wconf 88' lang='lat' dir='ltr'>testimonium</span> <span class='ocrx_word' id='word_1_110' title='bbox 881 986 1130 1045; x_wconf 88' lang='lat' dir='ltr'>perhiberet</span> <span class='ocrx_word' id='word_1_111' title='bbox 1152 985 1206 1029; x_wconf 86' lang='lat' dir='ltr'>de</span> <span class='ocrx_word' id='word_1_112' title='bbox 1229 986 1407 1029; x_wconf 89' lang='lat' dir='ltr'>homine</span> <span class='ocrx_word' id='word_1_113' title='bbox 1427 1005 1438 1041; x_wconf 80' lang='lat'><em>3</em></span> 
     </span>
     <span class='ocr_line' id='line_1_13' title="bbox 60 1054 1441 1115; baseline 0.002 -21"><span class='ocrx_word' id='word_1_114' title='bbox 60 1072 80 1095; x_wconf 88' lang='lat'>»</span> <span class='ocrx_word' id='word_1_115' title='bbox 115 1055 203 1113; x_wconf 87' lang='lat' dir='ltr'>ipse</span> <span class='ocrx_word' id='word_1_116' title='bbox 237 1056 351 1099; x_wconf 92' lang='lat' dir='ltr'>enim</span> <span class='ocrx_word' id='word_1_117' title='bbox 385 1056 548 1100; x_wconf 85' lang='lat' dir='ltr'>sciebat</span> <span class='ocrx_word' id='word_1_118' title='bbox 569 1056 676 1115; x_wconf 86' lang='lat' dir='ltr'>quid</span> <span class='ocrx_word' id='word_1_119' title='bbox 700 1065 808 1100; x_wconf 89' lang='lat' dir='ltr'>esset</span> <span class='ocrx_word' id='word_1_120' title='bbox 829 1057 873 1099; x_wconf 88' lang='lat' dir='ltr'>in</span> <span class='ocrx_word' id='word_1_121' title='bbox 910 1057 1126 1099; x_wconf 76' lang='lat' dir='ltr'>homine2.</span> <span class='ocrx_word' id='word_1_122' title='bbox 1155 1074 1175 1096; x_wconf 88' lang='lat'>»</span> <span class='ocrx_word' id='word_1_123' title='bbox 1212 1055 1296 1100; x_wconf 86' lang='lat' dir='ltr'>Sed</span> <span class='ocrx_word' id='word_1_124' title='bbox 1334 1054 1441 1115; x_wconf 86' lang='lat' dir='ltr'>quid</span> 
     </span>
     <span class='ocr_line' id='line_1_14' title="bbox 56 1124 1443 1184; baseline 0 -17"><span class='ocrx_word' id='word_1_125' title='bbox 56 1124 215 1167; x_wconf 89' lang='lat' dir='ltr'>mirum</span> <span class='ocrx_word' id='word_1_126' title='bbox 255 1126 288 1168; x_wconf 93' lang='lat' dir='ltr'>si</span> <span class='ocrx_word' id='word_1_127' title='bbox 320 1135 552 1184; x_wconf 78' lang='lat' dir='ltr'>praesentes</span> <span class='ocrx_word' id='word_1_128' title='bbox 585 1126 814 1169; x_wconf 90' lang='lat' dir='ltr'>hominum</span> <span class='ocrx_word' id='word_1_129' title='bbox 847 1125 1091 1169; x_wconf 83' lang='lat' dir='ltr'>voluntates</span> <span class='ocrx_word' id='word_1_130' title='bbox 1124 1124 1326 1179; x_wconf 81' lang='lat' dir='ltr'>videbat,</span> <span class='ocrx_word' id='word_1_131' title='bbox 1365 1124 1443 1182; x_wconf 85' lang='lat' dir='ltr'>qui</span> 
     </span>
     <span class='ocr_line' id='line_1_15' title="bbox 56 1194 1441 1254; baseline -0.001 -18"><span class='ocrx_word' id='word_1_132' title='bbox 56 1194 185 1237; x_wconf 84' lang='lat' dir='ltr'>ctiam</span> <span class='ocrx_word' id='word_1_133' title='bbox 208 1197 397 1238; x_wconf 87' lang='lat' dir='ltr'>futuram</span> <span class='ocrx_word' id='word_1_134' title='bbox 413 1198 539 1238; x_wconf 89' lang='lat' dir='ltr'>Petro</span> <span class='ocrx_word' id='word_1_135' title='bbox 556 1195 886 1254; x_wconf 83' lang='lat' dir='ltr'>praenuntiavit,</span> <span class='ocrx_word' id='word_1_136' title='bbox 903 1210 1035 1254; x_wconf 87' lang='lat' dir='ltr'>quam</span> <span class='ocrx_word' id='word_1_137' title='bbox 1053 1203 1157 1237; x_wconf 85' lang='lat' dir='ltr'>tunc</span> <span class='ocrx_word' id='word_1_138' title='bbox 1175 1194 1328 1253; x_wconf 84' lang='lat' dir='ltr'>utique</span> <span class='ocrx_word' id='word_1_139' title='bbox 1350 1208 1441 1236; x_wconf 89' lang='lat' dir='ltr'>non</span> 
     </span>
     <span class='ocr_line' id='line_1_16' title="bbox 56 1263 1441 1324; baseline -0.001 -18"><span class='ocrx_word' id='word_1_140' title='bbox 56 1263 246 1307; x_wconf 85' lang='lat' dir='ltr'>habebat</span> <span class='ocrx_word' id='word_1_141' title='bbox 262 1299 273 1318; x_wconf 84' lang='lat'>‚</span> <span class='ocrx_word' id='word_1_142' title='bbox 299 1263 476 1324; x_wconf 85' lang='lat' dir='ltr'>quando</span> <span class='ocrx_word' id='word_1_143' title='bbox 500 1280 578 1323; x_wconf 88' lang='lat' dir='ltr'>pro</span> <span class='ocrx_word' id='word_1_144' title='bbox 605 1264 679 1308; x_wconf 83' lang='lat' dir='ltr'>illo</span> <span class='ocrx_word' id='word_1_145' title='bbox 711 1263 781 1308; x_wconf 85' lang='lat' dir='ltr'>vel</span> <span class='ocrx_word' id='word_1_146' title='bbox 803 1279 903 1308; x_wconf 91' lang='lat' dir='ltr'>cum</span> <span class='ocrx_word' id='word_1_147' title='bbox 927 1263 1003 1308; x_wconf 88' lang='lat' dir='ltr'>illo</span> <span class='ocrx_word' id='word_1_148' title='bbox 1033 1272 1234 1322; x_wconf 87' lang='lat' dir='ltr'>paratum</span> <span class='ocrx_word' id='word_1_149' title='bbox 1265 1278 1308 1306; x_wconf 91' lang='lat' dir='ltr'>se</span> <span class='ocrx_word' id='word_1_150' title='bbox 1330 1263 1441 1306; x_wconf 84' lang='lat' dir='ltr'>mori</span> 
     </span>
     <span class='ocr_line' id='line_1_17' title="bbox 56 1332 1440 1392; baseline -0.001 -16"><span class='ocrx_word' id='word_1_151' title='bbox 56 1334 344 1391; x_wconf 82' lang='lat' dir='ltr'>praesumebat</span> <span class='ocrx_word' id='word_1_152' title='bbox 364 1336 408 1376; x_wconf 77' lang='lat'>3?</span> <span class='ocrx_word' id='word_1_153' title='bbox 435 1336 542 1387; x_wconf 83' lang='lat' dir='ltr'>Quae</span> <span class='ocrx_word' id='word_1_154' title='bbox 577 1349 676 1377; x_wconf 87' lang='lat' dir='ltr'>cum</span> <span class='ocrx_word' id='word_1_155' title='bbox 706 1333 765 1377; x_wconf 88' lang='lat' dir='ltr'>ita</span> <span class='ocrx_word' id='word_1_156' title='bbox 802 1334 886 1377; x_wconf 90' lang='lat' dir='ltr'>sint</span> <span class='ocrx_word' id='word_1_157' title='bbox 906 1368 917 1389; x_wconf 84' lang='lat'><strong><em>,</em></strong></span> <span class='ocrx_word' id='word_1_158' title='bbox 955 1332 1177 1392; x_wconf 86' lang='lat' dir='ltr'>quomodo</span> <span class='ocrx_word' id='word_1_159' title='bbox 1209 1333 1312 1376; x_wconf 86' lang='lat' dir='ltr'>huic</span> <span class='ocrx_word' id='word_1_160' title='bbox 1348 1333 1440 1391; x_wconf 87' lang='lat' dir='ltr'>ejus</span> 
     </span>
     <span class='ocr_line' id='line_1_18' title="bbox 55 1401 1440 1463; baseline -0.001 -17"><span class='ocrx_word' id='word_1_161' title='bbox 55 1411 187 1447; x_wconf 81' lang='lat' dir='ltr'>tantae</span> <span class='ocrx_word' id='word_1_162' title='bbox 212 1404 400 1448; x_wconf 77' lang='lat' dir='ltr'>scientiae</span> <span class='ocrx_word' id='word_1_163' title='bbox 423 1413 466 1447; x_wconf 90' lang='lat' dir='ltr'>et</span> <span class='ocrx_word' id='word_1_164' title='bbox 496 1405 778 1463; x_wconf 70' lang='lat' dir='ltr'>praescientiae</span> <span class='ocrx_word' id='word_1_165' title='bbox 801 1419 889 1447; x_wconf 90' lang='lat' dir='ltr'>nou</span> <span class='ocrx_word' id='word_1_166' title='bbox 924 1412 987 1448; x_wconf 89' lang='lat' dir='ltr'>est</span> <span class='ocrx_word' id='word_1_167' title='bbox 1021 1404 1285 1447; x_wconf 86' lang='lat' dir='ltr'>contrarium</span> <span class='ocrx_word' id='word_1_168' title='bbox 1320 1401 1440 1461; x_wconf 86' lang='lat' dir='ltr'>quod</span> 
     </span>
     <span class='ocr_line' id='line_1_19' title="bbox 5 1472 1438 1532; baseline -0.001 -15"><span class='ocrx_word' id='word_1_169' title='bbox 5 1474 8 1478; x_wconf 84' lang='grc'>’</span> <span class='ocrx_word' id='word_1_170' title='bbox 55 1476 226 1517; x_wconf 83' lang='lat' dir='ltr'>Marcus</span> <span class='ocrx_word' id='word_1_171' title='bbox 240 1473 370 1518; x_wconf 87' lang='lat' dir='ltr'>dicit:</span> <span class='ocrx_word' id='word_1_172' title='bbox 396 1492 415 1511; x_wconf 62' lang='grc' dir='ltr'>τι</span> <span class='ocrx_word' id='word_1_173' title='bbox 438 1474 648 1532; x_wconf 86' lang='lat' dir='ltr'>Praecepit</span> <span class='ocrx_word' id='word_1_174' title='bbox 668 1472 750 1517; x_wconf 86' lang='lat' dir='ltr'>illis</span> <span class='ocrx_word' id='word_1_175' title='bbox 768 1488 822 1516; x_wconf 89' lang='lat' dir='ltr'>ne</span> <span class='ocrx_word' id='word_1_176' title='bbox 840 1474 909 1517; x_wconf 92' lang='lat' dir='ltr'>cui</span> <span class='ocrx_word' id='word_1_177' title='bbox 925 1473 1120 1518; x_wconf 86' lang='lat' dir='ltr'>dicerent</span> <span class='ocrx_word' id='word_1_178' title='bbox 1139 1492 1147 1517; x_wconf 89' lang='lat'>:</span> <span class='ocrx_word' id='word_1_179' title='bbox 1171 1482 1336 1532; x_wconf 88' lang='lat' dir='ltr'>quanto</span> <span class='ocrx_word' id='word_1_180' title='bbox 1360 1488 1438 1515; x_wconf 87' lang='lat' dir='ltr'>au-</span> 
     </span>
     <span class='ocr_line' id='line_1_20' title="bbox 57 1543 1434 1602; baseline -0.001 -19"><span class='ocrx_word' id='word_1_181' title='bbox 57 1561 77 1583; x_wconf 89' lang='lat'>»</span> <span class='ocrx_word' id='word_1_182' title='bbox 111 1552 198 1586; x_wconf 90' lang='lat' dir='ltr'>tem</span> <span class='ocrx_word' id='word_1_183' title='bbox 220 1544 277 1587; x_wconf 91' lang='lat' dir='ltr'>eis</span> <span class='ocrx_word' id='word_1_184' title='bbox 299 1543 599 1602; x_wconf 82' lang='lat' dir='ltr'>praecipiebat,</span> <span class='ocrx_word' id='word_1_185' title='bbox 626 1552 747 1586; x_wconf 85' lang='lat' dir='ltr'>tanto</span> <span class='ocrx_word' id='word_1_186' title='bbox 769 1543 902 1601; x_wconf 80' lang='lat' dir='ltr'>magis</span> <span class='ocrx_word' id='word_1_187' title='bbox 931 1543 1029 1602; x_wconf 81' lang='lat' dir='ltr'>plus</span> <span class='ocrx_word' id='word_1_188' title='bbox 1058 1543 1389 1602; x_wconf 73' lang='lat' dir='ltr'>praedicabant?</span> <span class='ocrx_word' id='word_1_189' title='bbox 1414 1560 1434 1582; x_wconf 91' lang='lat'>»</span> 
     </span>
     <span class='ocr_line' id='line_1_21' title="bbox 57 1613 1437 1672; baseline -0.002 -14"><span class='ocrx_word' id='word_1_190' title='bbox 57 1614 99 1658; x_wconf 92' lang='lat' dir='ltr'>Si</span> <span class='ocrx_word' id='word_1_191' title='bbox 121 1614 236 1657; x_wconf 91' lang='lat' dir='ltr'>enim</span> <span class='ocrx_word' id='word_1_192' title='bbox 257 1614 419 1658; x_wconf 80' lang='lat' dir='ltr'>sciebat</span> <span class='ocrx_word' id='word_1_193' title='bbox 441 1629 512 1658; x_wconf 86' lang='lat' dir='ltr'>eos</span> <span class='ocrx_word' id='word_1_194' title='bbox 529 1649 539 1667; x_wconf 90' lang='lat'>‚</span> <span class='ocrx_word' id='word_1_195' title='bbox 565 1614 675 1657; x_wconf 88' lang='lat' dir='ltr'>sicut</span> <span class='ocrx_word' id='word_1_196' title='bbox 692 1613 765 1656; x_wconf 73' lang='lat' dir='ltr'>ille.</span> <span class='ocrx_word' id='word_1_197' title='bbox 787 1613 863 1672; x_wconf 90' lang='lat' dir='ltr'>qui</span> <span class='ocrx_word' id='word_1_198' title='bbox 885 1622 1008 1657; x_wconf 87' lang='lat' dir='ltr'>notas</span> <span class='ocrx_word' id='word_1_199' title='bbox 1030 1614 1222 1656; x_wconf 83' lang='lat' dir='ltr'>habebat</span> <span class='ocrx_word' id='word_1_200' title='bbox 1251 1622 1294 1656; x_wconf 91' lang='lat' dir='ltr'>et</span> <span class='ocrx_word' id='word_1_201' title='bbox 1323 1628 1437 1671; x_wconf 88' lang='lat' dir='ltr'>prae-</span> 
     </span>
     <span class='ocr_line' id='line_1_22' title="bbox 53 1682 1437 1740; baseline -0.001 -14"><span class='ocrx_word' id='word_1_202' title='bbox 53 1692 192 1726; x_wconf 88' lang='lat' dir='ltr'>sentes</span> <span class='ocrx_word' id='word_1_203' title='bbox 215 1692 258 1727; x_wconf 82' lang='lat' dir='ltr'>et</span> <span class='ocrx_word' id='word_1_204' title='bbox 278 1682 446 1727; x_wconf 85' lang='lat' dir='ltr'>futuras</span> <span class='ocrx_word' id='word_1_205' title='bbox 469 1684 697 1726; x_wconf 88' lang='lat' dir='ltr'>hominum</span> <span class='ocrx_word' id='word_1_206' title='bbox 720 1682 964 1726; x_wconf 84' lang='lat' dir='ltr'>voluntates</span> <span class='ocrx_word' id='word_1_207' title='bbox 979 1718 990 1737; x_wconf 83' lang='lat'>‚</span> <span class='ocrx_word' id='word_1_208' title='bbox 1016 1692 1137 1726; x_wconf 86' lang='lat' dir='ltr'>tanto</span> <span class='ocrx_word' id='word_1_209' title='bbox 1170 1683 1303 1739; x_wconf 83' lang='lat' dir='ltr'>magis</span> <span class='ocrx_word' id='word_1_210' title='bbox 1324 1697 1437 1740; x_wconf 83' lang='lat' dir='ltr'>prae-</span> 
     </span>
     <span class='ocr_line' id='line_1_23' title="bbox 54 1753 1438 1813; baseline -0.001 -16"><span class='ocrx_word' id='word_1_211' title='bbox 54 1753 287 1808; x_wconf 68' lang='lat' dir='ltr'>dicaturos,</span> <span class='ocrx_word' id='word_1_212' title='bbox 302 1763 466 1813; x_wconf 84' lang='lat' dir='ltr'>quanto</span> <span class='ocrx_word' id='word_1_213' title='bbox 482 1754 683 1810; x_wconf 81' lang='lat' dir='ltr'>magisne</span> <span class='ocrx_word' id='word_1_214' title='bbox 700 1753 984 1811; x_wconf 81' lang='lat' dir='ltr'>praedicarent</span> <span class='ocrx_word' id='word_1_215' title='bbox 997 1754 1055 1797; x_wconf 91' lang='lat' dir='ltr'>eis</span> <span class='ocrx_word' id='word_1_216' title='bbox 1070 1753 1365 1811; x_wconf 86' lang='lat' dir='ltr'>praecipiebat,</span> <span class='ocrx_word' id='word_1_217' title='bbox 1388 1761 1438 1796; x_wconf 80' lang='lat' dir='ltr'>ut</span> 
     </span>
     <span class='ocr_line' id='line_1_24' title="bbox 55 1823 1434 1883; baseline 0 -18"><span class='ocrx_word' id='word_1_218' title='bbox 55 1823 162 1883; x_wconf 88' lang='lat' dir='ltr'>quid</span> <span class='ocrx_word' id='word_1_219' title='bbox 186 1825 268 1867; x_wconf 92' lang='lat' dir='ltr'>hoc</span> <span class='ocrx_word' id='word_1_220' title='bbox 289 1824 598 1882; x_wconf 75' lang='lat' dir='ltr'>praecipiebat?</span> <span class='ocrx_word' id='word_1_221' title='bbox 618 1823 696 1866; x_wconf 89' lang='lat' dir='ltr'>nisi</span> <span class='ocrx_word' id='word_1_222' title='bbox 719 1824 820 1882; x_wconf 82' lang='lat' dir='ltr'>quia</span> <span class='ocrx_word' id='word_1_223' title='bbox 836 1824 968 1881; x_wconf 83' lang='lat' dir='ltr'>pigris</span> <span class='ocrx_word' id='word_1_224' title='bbox 988 1823 1163 1867; x_wconf 86' lang='lat' dir='ltr'>volebat</span> <span class='ocrx_word' id='word_1_225' title='bbox 1191 1823 1434 1877; x_wconf 83' lang='lat' dir='ltr'>ostendere,</span> 
     </span>
     <span class='ocr_line' id='line_1_25' title="bbox 53 1891 1434 1952; baseline -0.001 -16"><span class='ocrx_word' id='word_1_226' title='bbox 53 1903 218 1952; x_wconf 83' lang='lat' dir='ltr'>quanto</span> <span class='ocrx_word' id='word_1_227' title='bbox 248 1893 480 1937; x_wconf 84' lang='lat' dir='ltr'>studiosius</span> <span class='ocrx_word' id='word_1_228' title='bbox 516 1901 767 1952; x_wconf 86' lang='lat' dir='ltr'>quantoque</span> <span class='ocrx_word' id='word_1_229' title='bbox 795 1892 1031 1936; x_wconf 85' lang='lat' dir='ltr'>ferventius</span> <span class='ocrx_word' id='word_1_230' title='bbox 1067 1908 1165 1936; x_wconf 89' lang='lat' dir='ltr'>eum</span> <span class='ocrx_word' id='word_1_231' title='bbox 1197 1891 1434 1950; x_wconf 75' lang='lat' dir='ltr'>praedicare</span> 
     </span>
     <span class='ocr_line' id='line_1_26' title="bbox 54 1961 1436 2022; baseline 0 -16"><span class='ocrx_word' id='word_1_232' title='bbox 54 1962 241 2006; x_wconf 89' lang='lat' dir='ltr'>debeant</span> <span class='ocrx_word' id='word_1_233' title='bbox 259 1998 269 2017; x_wconf 84' lang='lat'>‚</span> <span class='ocrx_word' id='word_1_234' title='bbox 296 1963 454 2022; x_wconf 81' lang='lat' dir='ltr'>quibus</span> <span class='ocrx_word' id='word_1_235' title='bbox 472 1963 599 2022; x_wconf 85' lang='lat' dir='ltr'>jubet</span> <span class='ocrx_word' id='word_1_236' title='bbox 617 1971 667 2005; x_wconf 89' lang='lat' dir='ltr'>ut</span> <span class='ocrx_word' id='word_1_237' title='bbox 688 1961 953 2020; x_wconf 82' lang='lat' dir='ltr'>praedicent,</span> <span class='ocrx_word' id='word_1_238' title='bbox 974 1961 1151 2022; x_wconf 85' lang='lat' dir='ltr'>quando</span> <span class='ocrx_word' id='word_1_239' title='bbox 1173 1961 1233 2005; x_wconf 80' lang='lat' dir='ltr'>illi</span> <span class='ocrx_word' id='word_1_240' title='bbox 1251 1962 1326 2021; x_wconf 88' lang='lat' dir='ltr'>qui</span> <span class='ocrx_word' id='word_1_241' title='bbox 1341 1977 1436 2020; x_wconf 89' lang='lat' dir='ltr'>pro-</span> 
     </span>
     <span class='ocr_line' id='line_1_27' title="bbox 53 2032 851 2091; baseline 0 -15"><span class='ocrx_word' id='word_1_242' title='bbox 53 2032 316 2077; x_wconf 88' lang='lat' dir='ltr'>hibebantur</span> <span class='ocrx_word' id='word_1_243' title='bbox 331 2067 343 2088; x_wconf 88' lang='lat'>‚</span> <span class='ocrx_word' id='word_1_244' title='bbox 368 2042 509 2077; x_wconf 86' lang='lat' dir='ltr'>tacere</span> <span class='ocrx_word' id='word_1_245' title='bbox 527 2048 616 2076; x_wconf 92' lang='lat' dir='ltr'>non</span> <span class='ocrx_word' id='word_1_246' title='bbox 637 2041 851 2091; x_wconf 82' lang='lat' dir='ltr'>poterant.</span> 
     </span>
    </p>
   </div>
   <div class='ocr_carea' id='block_1_3' title="bbox 55 2124 1435 2215">
    <p class='ocr_par' dir='ltr' id='par_1_3' title="bbox 55 2124 1435 2215">
     <span class='ocr_line' id='line_1_28' title="bbox 101 2124 1435 2171; baseline -0.001 -13"><span class='ocrx_word' id='word_1_247' title='bbox 101 2135 110 2150; x_wconf 89' lang='lat'>¹</span> <span class='ocrx_word' id='word_1_248' title='bbox 135 2130 239 2161; x_wconf 82' lang='lat' dir='ltr'>Marc.</span> <span class='ocrx_word' id='word_1_249' title='bbox 273 2140 320 2169; x_wconf 78' lang='lat' dir='ltr'>vr,</span> <span class='ocrx_word' id='word_1_250' title='bbox 343 2129 396 2170; x_wconf 81' lang='lat'>31,</span> <span class='ocrx_word' id='word_1_251' title='bbox 424 2133 457 2161; x_wconf 80' lang='lat' dir='ltr'>et</span> <span class='ocrx_word' id='word_1_252' title='bbox 476 2139 531 2169; x_wconf 86' lang='lat' dir='ltr'>vn,</span> <span class='ocrx_word' id='word_1_253' title='bbox 551 2128 605 2171; x_wconf 85' lang='lat'>37.</span> <span class='ocrx_word' id='word_1_254' title='bbox 626 2144 666 2151; x_wconf 91' lang='grc'>-</span> <span class='ocrx_word' id='word_1_255' title='bbox 693 2134 705 2150; x_wconf 88' lang='lat'>²</span> <span class='ocrx_word' id='word_1_256' title='bbox 734 2130 824 2160; x_wconf 80' lang='lat' dir='ltr'>Joan.</span> <span class='ocrx_word' id='word_1_257' title='bbox 854 2138 889 2168; x_wconf 83' lang='lat' dir='ltr'>u,</span> <span class='ocrx_word' id='word_1_258' title='bbox 920 2126 976 2169; x_wconf 72' lang='lat'>24,</span> <span class='ocrx_word' id='word_1_259' title='bbox 1005 2127 1057 2159; x_wconf 83' lang='lat'>25.</span> <span class='ocrx_word' id='word_1_260' title='bbox 1090 2143 1125 2149; x_wconf 88' lang='lat'>-—</span> <span class='ocrx_word' id='word_1_261' title='bbox 1157 2124 1170 2149; x_wconf 81' lang='lat'>3</span> <span class='ocrx_word' id='word_1_262' title='bbox 1202 2126 1315 2158; x_wconf 79' lang='lat' dir='ltr'>Matth.</span> <span class='ocrx_word' id='word_1_263' title='bbox 1343 2137 1435 2168; x_wconf 80' lang='lat' dir='ltr'>xxvr,</span> 
     </span>
     <span class='ocr_line' id='line_1_29' title="bbox 55 2183 166 2215; baseline 0.009 -1"><span class='ocrx_word' id='word_1_264' title='bbox 55 2183 166 2215; x_wconf 80' lang='lat'>33-35.</span> 
     </span>
    </p>
   </div>
  </div>
 </body>
</html>
