1819 3301
358 258 442 295 370
788 265 822 293 s.
862 265 1090 292 Accus'nm
1124 263 1308 291 EPISCOPI

350 334 659 394 poenitentium
683 334 741 376 ita
763 333 917 376 vivunt
938 339 988 374 ut
1009 329 1172 384 solent,
1197 339 1274 373 aut
1299 345 1389 374 non
1412 328 1552 373 multo
1573 329 1716 373 minus
1731 363 1743 384 ‚

307 446 318 455 f
348 404 529 466 quidam
544 406 673 448 etiam
691 403 900 461 amplius,
917 400 1040 445 nullo
1058 401 1190 446 modo
1205 410 1354 445 tamen
1375 417 1400 445 a
1415 399 1629 444 catholica
1647 400 1748 444 uni-

347 486 434 520 tate
457 474 707 519 discedunt.
735 473 901 525 Quibus
924 472 984 515 ita
1005 471 1254 516 viventibus
1275 472 1310 515 si
1338 459 1455 515 mors
1478 471 1744 530 obrepserit,

346 546 482 607 paleae
496 547 769 605 deputantur
783 542 980 603 usquein
1000 543 1145 586 finem.
1172 544 1267 587 Hoc
1286 542 1416 586 etiam
1430 540 1511 601 ipsi
1528 540 1716 586 credunt
1735 560 1743 585 :

348 633 450 662 nam
473 617 506 660 si
537 616 661 660 aliter
693 613 903 669 credunt,
944 622 988 657 et
1019 614 1276 658 inconcusse
1306 621 1483 667 tenent,
1516 613 1608 672 jam
1635 611 1750 656 inter

348 689 575 732 haereticos
618 685 880 730 numerandi
913 693 1037 739 sunt,
1088 694 1292 744 putantes
1340 683 1546 729 omnibus
1578 686 1720 728 Deum
1734 717 1746 738 ,

351 760 482 804 etiam
503 759 549 802 in
567 772 725 817 magna
747 757 978 816 iniquitate
1001 770 1139 816 usque
1167 757 1213 799 in
1245 756 1379 801 finem
1410 755 1512 800 vitae
1548 768 1751 814 perseve-

351 830 575 884 rantibus,
608 838 781 874 tantum
812 827 916 887 quia
949 826 1153 871 Ecclesiae
1187 827 1429 881 unitatem,
1466 841 1557 870 non
1585 826 1750 869 sincera

352 900 605 954 dilectione,
629 901 751 957 (nam
775 898 889 942 bene
909 897 1106 941 viverent
1122 899 1155 955 ,)
1184 896 1259 940 sed
1281 896 1415 954 magis
1437 909 1671 955 poenarum
1694 894 1750 939 ti-

355 987 476 1016 more
498 979 760 1024 tenuerunt,
780 969 951 1013 veniam
974 968 1196 1012 daturum.
1223 968 1298 1012 Isti
1315 982 1418 1026 ergo
1441 982 1531 1010 non
1551 966 1635 1010 hoc
1652 981 1750 1010 cre-

353 1043 468 1086 dunt
488 1077 498 1097 ,
537 1041 607 1086 vel
638 1056 728 1085 non
759 1040 941 1084 firmiter
979 1039 1231 1099 opinantur,
1267 1038 1346 1081 etsi
1383 1036 1527 1081 adhuc
1569 1035 1750 1080 forsitan

351 1121 557 1173 quaerunt
584 1131 592 1156 :
618 1111 691 1155 sed
720 1112 855 1169 magis
888 1125 959 1154 eos
982 1109 1143 1168 decipit
1164 1123 1260 1168 spes
1282 1107 1502 1152 dilationis
1521 1143 1531 1162 ,
1568 1106 1675 1150 dum
1706 1121 1750 1150 se

354 1184 516 1228 diutius
544 1183 736 1227 victuros
768 1191 951 1240 putant,
978 1190 1020 1224 et
1050 1181 1241 1240 perditos
1266 1195 1407 1224 mores
1439 1178 1674 1239 aliquando
1704 1177 1750 1221 in

352 1254 505 1297 melius
523 1262 785 1297 mutaturos,
811 1254 973 1296 Contra
997 1267 1106 1311 quos
1125 1250 1311 1308 dicitur3
1342 1269 1358 1290 «
1383 1253 1446 1295 Ne
1473 1248 1617 1293 tardes
1639 1264 1748 1292 con-

357 1342 376 1365 »
410 1324 519 1368 verti
539 1323 594 1367 ad
617 1327 757 1367 Deum
773 1357 784 1377 ,
805 1337 949 1382 neque
971 1322 1147 1365 differas
1169 1321 1223 1365 de
1241 1320 1311 1364 die
1345 1321 1391 1364 in
1423 1320 1540 1363 diem
1568 1339 1576 1363 2
1602 1318 1747 1363 subito

356 1414 376 1435 η
412 1395 529 1438 enirn
551 1394 697 1439 veniet
717 1394 779 1437 ira
804 1394 895 1452 ejus
914 1428 923 1446 ,
949 1401 991 1436 et
1014 1393 1059 1436 in
1081 1401 1277 1451 tempore
1306 1390 1509 1435 vindictae
1531 1388 1752 1449 disperdet

358 1485 378 1508 »
414 1475 456 1510 te
471 1469 501 1509 ¹.
522 1485 541 1507 n
566 1465 633 1509 Illi
650 1465 763 1509 enim
781 1472 1114 1517 convertuntur,
1135 1464 1212 1523 qui
1226 1473 1342 1507 recte
1354 1462 1720 1520 vivereincipiunt
1738 1481 1749 1519 3

356 1538 438 1580 hoc
462 1546 525 1580 est
540 1536 654 1579 enim
675 1534 730 1578 ad
753 1538 892 1579 Deum
912 1534 1053 1577 redire
1079 1553 1086 1578 ε
1113 1534 1189 1593 qui
1207 1542 1354 1576 autem
1374 1531 1752 1591 concupiscentias

355 1623 451 1651 suas
474 1615 799 1666 perseveranter
821 1613 1081 1664 sequuntur,
1105 1603 1281 1647 dorsum
1306 1603 1498 1662 quodam
1517 1603 1649 1646 modo
1672 1602 1753 1645 ha-

359 1678 466 1720 bent
487 1675 541 1720 ad
563 1679 725 1729 Deum,
752 1675 951 1734 quamvis
974 1674 1018 1716 in
1045 1674 1214 1717 unitate
1240 1673 1464 1717 constituti
1489 1687 1602 1731 saepe
1626 1670 1753 1714 illum

361 1755 521 1790 retorto
543 1745 657 1790 collo
681 1753 897 1789 conentur
935 1744 1140 1802 aspicere.
1168 1745 1284 1801 Ergo
1302 1752 1345 1786 et
1362 1741 1431 1786 isti
1451 1777 1461 1796 ,
1491 1751 1542 1785 ut
1563 1742 1621 1785 ait
1644 1744 1752 1785 Pro-

359 1819 490 1877 pheta
508 1853 518 1871 ,
554 1837 573 1858 «
601 1819 713 1861 Caro
747 1824 849 1859 sunt
871 1824 914 1858 et
949 1815 1123 1873 spiritus
1161 1812 1389 1857 ambulans
1427 1821 1470 1856 et
1497 1827 1586 1856 non
1610 1827 1756 1856 rever·

364 1907 383 1929 »
411 1898 505 1931 tens
528 1890 561 1929 ².
591 1906 610 1927 »
639 1886 722 1931 Sed
745 1894 912 1938 tamen,
938 1893 988 1927 ut
1005 1883 1172 1927 dictum
1190 1892 1274 1937 est,
1296 1892 1473 1941 propter
1490 1883 1687 1926 eamdem
1706 1882 1755 1924 fi-

364 1959 463 2002 dem
486 1967 616 2017 atque
633 1957 846 2000 unitatem
862 1954 1066 1998 Ecclesiae
1086 1989 1096 2008 ‚
1133 1969 1276 2013 neque
1297 1953 1414 1996 inter
1435 1953 1617 2007 zizania,
1643 1968 1756 2012 quo-

365 2030 479 2072 niam
503 2028 574 2072 illa
597 2036 717 2071 extra
740 2025 929 2069 radicata
954 2033 1082 2078 sunt,
1109 2039 1252 2083 neque
1286 2023 1400 2067 inter
1426 2023 1653 2066 aristarum
1676 2038 1755 2081 pa-

366 2099 478 2142 leam
501 2114 600 2158 quae
627 2113 671 2141 se
692 2097 822 2140 etiam
844 2094 1073 2138 frumentis
1095 2092 1227 2137 audet
1256 2108 1403 2151 aspera
1426 2091 1691 2136 dissensione
1714 2101 1755 2135 et
1786 2128 1789 2129 ν

369 2170 511 2229 fragili
542 2169 728 2213 elatione
771 2166 1146 2226 superimponere,
1178 2163 1253 2206 sed
1287 2163 1484 2222 quamvis
1516 2164 1756 2222 subjectam

371 2240 628 2293 frumentis,
661 2247 808 2281 tamen
841 2237 952 2279 inter
984 2234 1151 2293 paleam
1181 2249 1280 2293 quae
1302 2232 1455 2277 ultima
1476 2232 1758 2278 ventilatione

373 2309 609 2370 separanda
631 2317 695 2353 est
710 2343 720 2362 ,
747 2314 1050 2350 numerantur.

435 2381 626 2425 IV.Boni
649 2388 792 2423 autem
815 2375 1016 2421 catholici
1031 2383 1148 2428 sunt,
1174 2374 1251 2433 qui
1271 2383 1314 2417 et
1335 2372 1468 2418 fidem
1490 2374 1703 2433 integram
1718 2382 1760 2417 te

375 2461 764 2511 sequunturmores
779 2450 914 2491 bonos
928 2445 1066 2506 :quod
1076 2455 1220 2489 autem
1232 2445 1285 2488 ad
1298 2445 1398 2488 fidei
1412 2436 1656 2489 doctrinam
1665 2459 1762 2503 per-

380 2522 502 2575 tinet,
514 2522 571 2564 ita
584 2529 804 2580 quaerunt,
816 2517 967 2577 siquid
980 2515 1265 2577 quaerendum
1282 2515 1462 2570 habent,
1474 2524 1523 2559 ut
1536 2514 1646 2559 absit
1657 2529 1760 2559 eon-

430 2614 435 2628 ¹
459 2606 544 2638 Ecdi
576 2617 609 2643 v,
628 2606 661 2646 S,
679 2616 711 2647 9.
734 2621 775 2626 —-
795 2611 808 2626 ²
826 2603 907 2635 Psal.
930 2613 1048 2643 Lxxvn,
1065 2601 1118 2643 39.
