1819 3301
393 287 531 317 SERMO
565 290 722 317 Domini
754 290 799 316 IN
831 289 1009 327 MONTE,
1045 290 1127 315 Lm.
1166 291 1212 315 11.
1397 281 1480 318 277

103 371 124 394 »
159 352 367 397 dochristi
391 363 433 397 et
449 354 857 413 pseudoprophetae,
876 362 917 397 et
935 353 1107 397 dabunt
1127 353 1247 412 signa
1263 369 1418 412 magna
1440 366 1483 401 et

102 441 122 464 »
158 422 378 482 prodigia,
404 423 462 466 ita
493 433 542 467 ut
561 423 606 467 in
629 439 820 468 errorem
855 423 1122 468 inducantur
1158 424 1288 468 etiam
1320 425 1446 470 electi
1471 445 1481 471 ι

102 513 122 536 »
158 509 256 538 ecee
278 494 456 553 praedixi
474 494 596 538 vobis
615 497 644 538 ¹.
674 513 694 535 »

158 567 399 608 LXXXVI.
429 567 567 617 Quam
597 580 699 624 ergo
736 564 903 622 mundo
926 575 969 610 et
1005 564 1187 625 simplici
1213 566 1341 611 oculo
1374 582 1484 627 opus

99 644 184 690 est,
220 644 268 678 ut
297 635 546 679 inveniatur
567 636 634 679 via
662 636 882 695 sapientiae
899 671 910 690 ‚
942 637 1012 680 cui
1041 646 1172 681 tantae
1204 637 1418 682 malorum
1442 647 1487 683 et

99 721 400 766 perversorum
413 707 640 750 hominum
655 706 931 767 deceptiones
945 723 1196 769 erroresque
1209 709 1483 769 obstrepunt,

99 793 208 838 quos
231 793 380 821 omncs
403 777 609 833 evadere,
635 779 718 823 hoc
744 787 808 822 est
835 779 983 823 venire
1010 764 1065 823 ad
1103 780 1383 824 certissimam
1405 796 1486 840 pa-

99 864 193 892 cem
224 857 267 891 et
298 848 567 892 immobilem
601 848 881 893 stabilitatem
914 849 1157 909 sapientiae!
1195 851 1487 895 Vehementer

99 919 214 962 enim
240 919 527 962 metuendum⁴
538 927 617 973 est,
638 934 693 962 ne
707 919 850 963 studio
874 919 1112 963 altercandi
1130 928 1174 964 et
1189 920 1486 965 contendendi

99 989 282 1049 quisque
305 1004 394 1033 non
417 988 559 1032 videat
581 988 701 1049 quod
721 1005 744 1033 a
767 989 913 1048 paucis
934 988 1070 1033 videri
1083 998 1241 1049 potest,
1258 999 1308 1034 ut
1328 1006 1487 1050 parvus

100 1061 153 1104 sit
175 1060 378 1118 strepitus
396 1059 788 1104 contradicentium
804 1094 815 1115 ‚
846 1061 927 1104 nisi
954 1061 1083 1104 etiam
1110 1061 1201 1120 ipse
1220 1062 1301 1105 sibi
1323 1062 1488 1106 obstre-

98 1140 187 1190 pat.
226 1133 323 1184 Qno
361 1131 548 1190 pertinet
581 1132 710 1174 etiam
739 1129 877 1186 illud,
911 1130 1031 1190 quod
1068 1131 1301 1190 Apostolus
1343 1131 1449 1176 dicit
1476 1151 1486 1178 ;

101 1221 120 1244 «
159 1204 339 1247 Servum
360 1211 503 1245 autern
520 1202 691 1246 Domini
714 1218 803 1246 non
827 1210 999 1261 opertet
1021 1201 1214 1261 litigare3
1240 1204 1316 1247 sed
1337 1204 1487 1247 mitem

101 1291 120 1314 »
156 1289 244 1317 esse
278 1273 332 1317 ad
366 1289 515 1317 omnes
536 1309 546 1328 ‚
591 1272 852 1328 docibilem,
896 1274 1161 1333 patientem,
1199 1275 1244 1319 in
1278 1275 1489 1319 modestia

101 1362 120 1386 »
155 1344 461 1402 corripientem
485 1343 648 1387 diversa
668 1345 899 1388 sentientes
914 1379 925 1399 ,
947 1360 1001 1387 ne
1025 1345 1138 1388 sorte
1170 1344 1245 1388 det
1271 1344 1353 1388 illis
1377 1349 1489 1390 Deus

156 1415 457 1474 poenitentiam
483 1414 536 1458 ad
559 1416 905 1473 cognoscendam
933 1416 1200 1459 veritatem2.
1238 1416 1357 1459 Beati
1387 1431 1488 1474 ergo

157 1485 352 1544 pacifici3
378 1485 584 1544 quoniam
609 1485 687 1543 ipsi
711 1484 788 1527 filii
810 1486 887 1527 Dei
909 1484 1226 1529 vocabunturss.
1258 1504 1277 1526 n

156 1557 421 1599 LXXXVII.
440 1555 675 1598 Conclusio
691 1569 793 1613 ergo
812 1555 943 1613 hujus
959 1556 1092 1599 totius
1124 1556 1331 1601 sermonis
1356 1573 1487 1617 quam

95 1625 344 1671 terribiliter
375 1623 587 1671 inferatur
611 1660 621 1679 ,
646 1624 773 1669 valde
811 1625 1128 1669 attendendum
1158 1636 1221 1670 est
1247 1647 1255 1671 :
1289 1646 1307 1669 «
1336 1629 1488 1673 Omnis

98 1716 118 1738 »
155 1711 276 1753 ergo,
302 1695 469 1755 inquit,
496 1695 571 1754 qui
611 1695 732 1738 audit
760 1696 890 1739 verba
923 1711 1018 1740 mea
1047 1698 1140 1741 haec
1158 1733 1168 1752 ,
1200 1707 1243 1741 et
1276 1697 1377 1743 facit
1407 1714 1455 1742 ea
1474 1734 1485 1755 ,

98 1785 118 1808 »
154 1765 300 1810 similis
338 1774 402 1808 est
432 1765 524 1808 viro
562 1765 742 1823 sapienti
775 1766 851 1824 qui
889 1766 1119 1811 aedificavit
1153 1768 1332 1811 domum
1366 1784 1490 1812 suam

99 1855 118 1878 n
155 1852 284 1894 super
306 1844 473 1895 petram
489 1836 520 1878 4.
542 1854 560 1876 »
588 1838 685 1879 Non
714 1835 826 1878 enim
847 1836 1033 1896 quisque
1050 1837 1194 1881 firmat
1219 1837 1339 1898 quod
1367 1839 1490 1883 audit

97 1925 117 1948 »
153 1905 221 1950 vel
244 1905 440 1964 percipit,
463 1905 541 1948 nisi
562 1904 781 1949 faciendo.
800 1908 857 1949 Et
879 1907 909 1949 si
927 1916 1048 1965 petra
1070 1908 1267 1952 Christus
1283 1918 1361 1961 est,
1378 1909 1490 1954 sicut

94 1976 233 2020 multa
251 1976 568 2034 Scripturarum
584 1975 825 2018 testimonia
844 1976 1125 2034 praediea11t⁵,
1151 1977 1222 2021 ille
1241 1978 1427 2022 aedificat
1443 1980 1489 2023 in

96 2047 283 2100 Christo,
299 2046 374 2106 qui
398 2044 517 2106 quod
541 2046 661 2089 audit
684 2045 738 2088 ab
756 2045 853 2100 illo,
879 2045 998 2090 facit.
1021 2067 1041 2089 «
1067 2048 1297 2092 Descendit
1321 2049 1484 2108 pluvia,

100 2136 119 2158 »
154 2126 369 2162 venerunt
399 2116 603 2171 flumina,
639 2115 856 2160 flaverunt
888 2118 1037 2172 venti,
1065 2127 1108 2162 et
1142 2118 1424 2163 offenderunt
1444 2120 1489 2163 in

99 2207 118 2230 »
155 2188 334 2232 domum
357 2186 475 2230 illam
495 2223 505 2242 ⁷
531 2196 574 2231 et
593 2203 682 2231 non
704 2188 858 2232 cecidit
876 2209 886 2245 3
907 2187 1088 2232 fundata
1111 2189 1225 2232 enirn
1245 2199 1335 2233 erat
1361 2206 1491 2249 supra

98 2279 118 2302 υ
156 2269 322 2319 petram
338 2260 369 2301 ⁶.
391 2261 521 2303 »Non
538 2274 641 2317 ergo
657 2259 737 2303 iste
757 2260 912 2303 metuit
926 2259 1035 2303 ullas
1060 2260 1311 2318 caliginosas
1323 2277 1491 2320 supers-

96 2331 268 2374 titiones
288 2329 461 2388 :(quid
495 2330 611 2372 enim
653 2329 772 2374 aliud
804 2329 1064 2387 intelligitur
1100 2330 1245 2390 pluvia
1267 2366 1277 2386 ‚
1316 2347 1414 2375 eum
1447 2332 1492 2375 in

95 2401 196 2445 mali
220 2399 399 2459 alicujus
422 2400 736 2458 significatione
774 2401 952 2460 ponitur
970 2403 1012 2459 P)
1031 2410 1106 2445 aut
1136 2417 1329 2445 rumores
1351 2402 1494 2446 homi-

94 2486 227 2525 num,
254 2486 362 2530 quos
394 2470 530 2514 ventis
553 2480 833 2530 comparatos
854 2481 963 2530 puto
990 2490 998 2516 :
1025 2481 1099 2516 aut
1121 2472 1221 2516 vitae
1249 2472 1378 2531 hujus
1401 2472 1489 2516 ssu-

101 1433 110 1456 )

112 1434 120 1455 ν

101 1503 111 1525 )

112 1504 121 1526 v

159 2574 167 2590 ¹
186 2566 306 2598 Matth.
330 2577 420 2606 xxiv,
435 2566 555 2599 23-25.
576 2584 617 2590 —-
633 2574 645 2589 ²
665 2576 684 2599 2
702 2567 780 2599 Tim.
802 2578 838 2608 ιι,
864 2566 919 2608 24,
939 2567 992 2601 25.
1014 2585 1056 2591 —-
1077 2566 1089 2591 3
1108 2568 1228 2600 Matth.
1247 2580 1280 2609 v,
1299 2579 1332 2611 9.
1347 2567 1418 2599 -4
1437 2569 1484 2603 Id.

94 2634 141 2665 1x,
162 2622 217 2664 24.
232 2640 273 2644 —-
289 2621 302 2644 5
321 2634 332 2654 1
361 2624 433 2655 Cor.
454 2633 486 2663 x,
505 2622 536 2664 4.
559 2639 600 2645 ——-
617 2621 632 2645 Γ)
653 2623 767 2654 Manli.
785 2634 845 2664 vn,
862 2622 916 2655 25.
