1819 3301
386 294 429 320 IN
463 292 635 320 JOANNIS
668 293 951 321 EVANGELIUM
974 312 985 333 ,
1019 292 1167 321 TnAc‘r.
1204 296 1263 321 vr.
1430 282 1513 322 475

134 360 306 411 Fateor,
332 355 467 400 hahes
495 375 504 401 :
530 355 708 407 observa
731 358 850 418 quod
868 358 1023 412 habes,
1057 373 1108 402 eo
1131 358 1222 417 ipso
1244 358 1361 417 quod
1383 359 1515 402 habes

131 426 419 471 damnaberis
448 429 614 479 Quare?
629 428 738 480 Quia
754 444 843 471 rem
859 428 1074 472 columbae
1094 437 1249 488 praeter
1268 428 1514 472 columbam

130 498 279 546 habes.
307 499 348 542 Si
364 513 454 541 rem
469 498 686 541 columbae
703 499 748 542 in
761 499 961 543 columba
977 500 1152 554 habeas,
1173 514 1346 542 securus
1366 499 1511 542 habes.

131 572 241 612 Puta
256 577 297 612 te
314 583 405 612 esse
418 568 663 623 militarem,
683 569 715 612 si
730 570 1019 613 characterem
1037 567 1305 627 imperatoris
1323 569 1385 613 tui
1400 570 1516 612 intus

128 639 307 693 habeas,
339 654 514 683 securus
536 638 695 682 militas
727 658 735 682 :
762 639 795 682 si
817 647 934 682 extra
956 639 1137 693 habeas,
1164 655 1251 683 non
1274 639 1411 683 solum
1435 639 1516 682 tibi

129 708 185 753 ad
197 705 392 753 militiam
406 724 492 751 non
507 708 683 767 prodest
705 709 927 752 character
941 708 1028 764 ille,
1047 708 1120 752 sed
1138 711 1264 753 etiam
1280 725 1358 768 pro
1373 708 1517 753 deser—

128 788 221 823 tore
242 779 450 838 punieris.
469 778 579 822 Veni
598 795 717 838 ergo,
734 780 850 836 veni3
875 788 917 822 et
939 778 1028 823 noli
1051 778 1193 823 dicere
1211 799 1219 824 ι
1238 782 1335 823 Jam
1355 781 1408 823 ha
1418 780 1512 834 beo,

122 851 214 911 jam
245 850 407 894 sufficit
432 850 554 893 mihi.
588 852 725 905 Veni,
757 849 960 894 columba
987 859 1030 894 te
1059 859 1206 905 vocat,
1242 850 1452 908 gemendo
1473 860 1516 894 te

128 930 270 966 vocat.
314 924 485 965 Fratres
524 921 634 976 mei,
674 921 797 966 vobis
829 921 947 976 dico,
979 921 1192 979 gemendo
1220 930 1389 977 vocate,
1427 937 1516 965 non

127 992 310 1042 rixando
346 1010 355 1037 ε
386 1000 538 1037 vocate
576 993 764 1048 orando,
801 1002 954 1037 vocate
992 993 1239 1047 invitando,
1273 1001 1425 1037 vocate
1447 994 1515 1052 je-

123 1062 322 1124 junando
334 1098 350 1119 ,
387 1062 442 1107 de
464 1063 672 1108 charitate
699 1063 945 1123 intelligant
972 1064 1073 1123 quia
1104 1062 1258 1107 doletis
1275 1062 1384 1107 illos.
1418 1065 1516 1107 Non

129 1134 286 1179 dubito
306 1170 317 1189 ,
341 1133 497 1179 fratres
529 1134 645 1190 mei,
682 1135 783 1194 quia
815 1135 849 1178 si
881 1133 1056 1179 videant
1084 1134 1278 1178 dolorem
1300 1143 1512 1187 vestrum,

125 1205 469 1260 confundentur,
490 1215 533 1249 et
550 1205 820 1250 reviviscent.
834 1205 944 1248 Veni
958 1219 1076 1263 ergo,
1094 1204 1194 1247 veni
1216 1203 1325 1247 :noli
1340 1204 1510 1261 timere3

126 1276 233 1320 time
265 1276 298 1320 si
331 1291 421 1321 non
450 1277 571 1320 venis
598 1294 607 1320 :
637 1276 727 1319 imo
760 1290 849 1318 non
884 1274 1017 1328 time,
1059 1273 1134 1317 sed
1166 1271 1336 1332 plange.
1373 1274 1513 1329 Veni,

128 1345 334 1406 gaudebis
357 1346 390 1389 si
406 1347 574 1390 veneris
600 1365 608 1389 :
636 1361 779 1404 gemes
797 1344 972 1404 quidem
995 1345 1041 1388 in
1062 1343 1417 1387 tribulationibus
1441 1357 1517 1401 pe-

128 1416 426 1474 regrinationis
446 1437 456 1473 3
481 1416 556 1460 sed
581 1415 789 1474 gaudebis
807 1415 853 1458 in
877 1430 966 1473 spe.
986 1414 1095 1458 Veni
1119 1415 1195 1457 ubi
1218 1422 1279 1457 est
1298 1413 1514 1469 columba,

128 1487 199 1531 cui
215 1486 381 1530 dictum
395 1495 483 1530 est:
502 1488 621 1530 «Una
638 1494 701 1529 est
715 1485 918 1529 columba
928 1500 1039 1540 mea,
1057 1501 1143 1528 una
1161 1493 1223 1528 est
1239 1483 1365 1527 matri
1381 1500 1514 1528 suae.»

69 1597 75 1600 .
129 1556 390 1602 Columbam
413 1572 544 1600 unam
567 1556 687 1600 vides
711 1571 839 1614 super
857 1565 988 1614 caput
1011 1555 1191 1609 Christi,
1228 1553 1399 1612 linguas
1431 1569 1518 1597 non

128 1627 248 1671 vides
268 1627 311 1670 in
331 1636 423 1671 toto
439 1627 545 1671 orbe
564 1628 801 1670 terrarum?
817 1625 934 1669 Idem
960 1625 1140 1683 Spiritus
1159 1640 1235 1683 per
1252 1624 1515 1679 columbam,

127 1697 244 1740 idern
268 1706 310 1741 et
333 1713 410 1756 per
430 1697 599 1755 linguas
624 1715 632 1740 z
660 1697 692 1740 si
716 1712 793 1755 per
814 1694 1063 1739 columbam
1086 1694 1200 1738 idem
1229 1694 1415 1753 Spiritus
1433 1729 1443 1749 ,
1477 1703 1519 1738 et

128 1782 205 1826 per
225 1766 395 1825 linguas
414 1767 529 1810 idem
555 1766 758 1825 Spiritus,
791 1765 972 1824 Spiritus
994 1774 1165 1808 sanctus
1188 1765 1285 1807 orbi
1308 1774 1517 1807 terrarum

129 1836 255 1881 datus
276 1846 355 1892 est,
381 1853 405 1880 a
427 1852 515 1897 quo
538 1846 580 1880 te
604 1835 861 1895 praecidisti,
888 1845 937 1879 ut
955 1834 1114 1878 clames
1137 1850 1237 1878 cum
1257 1850 1405 1889 corvo,
1430 1850 1519 1878 non

131 1917 181 1952 ut
204 1923 347 1966 gemas
370 1924 469 1953 cum
489 1907 708 1952 columba,
735 1906 846 1951 Veni
868 1921 986 1964 ergo.

186 1980 306 2022 XVI.
335 1979 416 2023 Sed
435 1978 646 2022 sollicitus
668 1993 711 2021 es
733 1976 862 2031 forte,
887 1986 928 2020 et
951 1975 1056 2020 dicis
1080 1994 1087 2020 :
1118 1975 1238 2019 Foris
1258 1974 1515 2034 baptizatus,

127 2048 284 2103 timeo,
310 2064 365 2092 ne
398 2048 499 2091 inde
521 2048 598 2091 sim
627 2063 749 2100 reus,
775 2048 874 2107 quia
898 2045 1001 2090 feris
1033 2046 1192 2104 accepi.
1226 2047 1321 2088 Jam
1351 2045 1519 2103 coepisti

128 2134 386 2176 cognoscere
405 2118 515 2179 quid
531 2118 794 2176 gemendum
816 2119 869 2161 sit
887 2136 895 2162 :
916 2132 1065 2160 verum
1089 2116 1209 2169 dicis,
1228 2115 1329 2174 quia
1347 2130 1443 2158 reus
1456 2130 1516 2172 es3

128 2204 218 2232 non
233 2189 334 2249 quia
350 2189 564 2248 accepisti,
585 2187 659 2231 sed
678 2189 777 2248 quia
798 2186 900 2231 foris
916 2186 1128 2245 accepisti.
1152 2188 1266 2228 Tene
1284 2199 1383 2242 ergo
1399 2184 1519 2244 quod

129 2259 345 2318 accepisti,
372 2259 555 2302 emenda
578 2257 695 2319 quod
726 2258 829 2302 foris
855 2256 1051 2315 accepisti
1071 2254 1296 2313 :accepisti
1320 2269 1410 2297 rem
1442 2269 1518 2299 co-

128 2330 307 2383 lumbae,
332 2330 743 2389 praetcrcolumbam
766 2327 873 2373 :duo
889 2338 989 2371 sunt
1003 2343 1100 2386 quse
1121 2326 1241 2370 audis
1258 2361 1268 2380 ,
1294 2326 1514 2384 accepisti,

128 2410 171 2445 et
195 2410 351 2460 praeter
373 2401 621 2445 columbam
644 2400 844 2459 accepisti
866 2419 874 2443 ε
901 2398 1017 2458 quod
1043 2397 1265 2455 accepisti,
1298 2397 1514 2456 approbo3

128 2473 230 2532 quia
246 2471 347 2516 foris
363 2473 580 2532 accepisti,
591 2472 928 2531 improbo.Tene
940 2483 1040 2527 ergo
1058 2468 1176 2528 quod
1194 2467 1409 2526 accepisti3
1427 2482 1514 2511 non

174 2574 181 2590 ¹
209 2569 299 2600 Cant.
317 2579 362 2606 vi,
381 2567 414 2599 8.
