1819 3301
392 238 438 264 IN
471 237 645 265 JOAJNNIS
677 239 992 277 EVANGELIUM,
1026 240 1173 267 TRACT.
1210 243 1239 267 1.
1424 234 1506 272 387

127 315 214 359 quo
235 312 518 361 susceperunt
537 318 703 360 pacem⁷
720 312 770 346 ut
785 303 1009 359 veraciter,
1029 319 1119 348 non
1140 305 1239 348 ficte
1261 306 1512 352 nuntiarent

126 384 293 428 pacem.

187 441 267 482 ΙΙΙ.
305 441 416 484 Sunt
448 441 562 483 enim
596 440 668 483 alii
699 449 869 484 montes
900 439 1175 500 naufragosi,
1211 458 1300 502 quo
1328 444 1511 504 quisque

125 508 269 552 navim
300 524 400 553 cum
433 510 678 568 impulerit,
709 509 907 554 solvitur.
934 510 1078 554 Facile
1097 521 1160 556 est
1180 512 1296 556 enim
1320 529 1421 557 cum
1445 515 1514 559 vi—

125 576 254 620 detu-r
293 587 406 622 terra
439 595 462 622 a
495 577 863 637 periclitantibus,
910 581 1035 639 quasi
1068 581 1214 625 conari
1241 581 1295 625 ad
1323 592 1481 627 terram
1504 602 1512 627 :

125 646 201 690 sed
217 646 454 706 aliquando
480 648 653 693 videtur
674 658 787 693 terra
819 650 865 693 in
896 660 1045 694 monte
1061 686 1072 705 ,
1098 661 1140 695 et
1162 667 1261 695 saxa
1282 652 1418 697 latent
1436 653 1518 698 sub

126 726 290 775 monte3
311 727 354 761 ct
367 734 465 762 cum
483 721 668 779 quisque
682 728 865 763 conatur
880 720 935 763 ad
947 730 1156 776 montem,
1176 721 1329 765 incidit
1342 723 1388 766 in
1402 739 1516 781 saxa3

126 795 169 830 et
191 802 280 830 non
300 787 362 830 ibi
384 788 548 832 invenit
568 789 741 848 portum
754 823 765 844 ‚
786 788 861 833 sed
875 789 1116 847 planctum.
1146 792 1212 835 Sic
1230 791 1412 836 fuerunt
1427 793 1521 851 qui-

125 856 225 900 dam
247 867 438 912 montes,
464 868 507 902 et
528 860 678 918 magni
708 870 1004 918 apparuerunt
1024 860 1136 904 inter
1157 861 1377 912 homines3
1397 871 1440 905 et
1456 862 1523 906 fe-

124 937 279 970 cerunt
302 928 487 972 haereses
510 938 552 972 et
573 930 827 983 schismata,
849 940 890 973 et
906 929 1147 974 diviserunt
1168 931 1405 975 Ecclesiam
1426 933 1519 976 Dei:

124 998 200 1040 sed
217 997 371 1057 istiqui
386 997 870 1043 diviseruntEcclesiam
884 1000 958 1043 Dei
977 1016 1065 1044 non
1080 1000 1524 1056 erantillimontes,de

124 1068 283 1126 quibus
297 1068 463 1112 dictum
482 1079 545 1113 est
564 1089 574 1115 z
596 1070 866 1128 «Suscipiant
884 1080 1052 1114 montes
1061 1086 1209 1129 pacem
1221 1071 1385 1129 populo
1398 1081 1519 1115 tuo.»

124 1138 356 1189 Quomodo
369 1140 484 1182 enim
499 1154 645 1198 pacem
656 1140 1036 1198 suscepei·unt,qui
1046 1141 1255 1183 unitatem
1265 1140 1524 1203 diviserunt?

182 1209 257 1251 IV.
279 1208 363 1261 Qui
387 1218 529 1252 autem
553 1218 839 1267 susceperunt
858 1224 1006 1266 pacem
1024 1209 1315 1275 quntiandam
1334 1211 1518 1269 populo,

123 1278 407 1337 contemplati
437 1288 541 1322 sunt
569 1279 704 1338 ipsam
740 1279 1002 1337 Sapientiam
1023 1275 1051 1333 ‚⁸
1068 1288 1283 1338 quantum
1316 1281 1519 1324 humanis

121 1347 324 1391 cordibus
341 1349 483 1407 potuit
499 1349 693 1407 contingi
713 1348 872 1401 «Quod
889 1364 969 1391 ncc
988 1349 1142 1392 oculus
1157 1348 1288 1403 vidit,
1309 1364 1389 1393 nec
1408 1351 1522 1394 auris

125 1436 144 1460 »
180 1419 361 1474 audivit,
378 1420 517 1464 necin
539 1435 613 1463 cor
636 1418 820 1463 hominis
844 1419 1108 1462 ascendit1.»
1133 1420 1175 1463 Si
1190 1419 1234 1461 in
1249 1435 1322 1463 cor
1334 1421 1519 1464 hominis

120 1504 207 1533 non
244 1489 457 1543 ascendit,
494 1488 717 1548 quomodo
752 1488 946 1531 ascendit
960 1488 1004 1531 in
1023 1504 1097 1532 cor
1116 1489 1325 1532 Joannis?
1358 1494 1519 1535 Annon

121 1569 213 1604 erat
247 1560 380 1604 homo
415 1562 634 1603 Joannes‘!
661 1563 731 1602 An
758 1557 868 1602 sorte
897 1574 978 1602 nec
1006 1558 1051 1601 in
1079 1574 1153 1602 cor
1181 1561 1358 1603 Joannis
1377 1577 1519 1605 ascen-

119 1629 183 1674 dit
197 1665 208 1684 ,
232 1629 308 1675 sed
325 1645 399 1674 cor
415 1630 592 1674 Joannis
620 1630 666 1672 in
687 1629 806 1672 illam
830 1629 1054 1673 ascendit?
1082 1630 1212 1682 Quod
1229 1632 1344 1674 enim
1365 1647 1516 1676 ascen-

119 1700 185 1744 dit
210 1700 256 1744 in
284 1716 358 1744 cor
390 1700 594 1754 hominis,
627 1700 682 1742 de
714 1699 802 1742 imo
825 1709 889 1743 est
917 1698 973 1742 ad
1000 1700 1221 1743 hominem
1241 1719 1248 1744 :
1267 1716 1355 1760 quo
1369 1712 1515 1746 autem

119 1770 312 1814 ascendit
337 1786 412 1814 cor
434 1770 620 1814 hominis
635 1804 646 1824 ⁷
682 1784 852 1813 sursum
873 1779 936 1812 est
957 1769 1011 1812 ab
1034 1770 1225 1812 homine.
1242 1771 1394 1814 ,Etiam
1428 1773 1509 1828 sic,

118 1840 272 1884 fratres
286 1875 296 1894 ,
322 1839 407 1883 dici
428 1849 592 1898 potest,
628 1839 728 1899 quia
761 1839 795 1882 si
832 1838 1026 1882 ascendit
1059 1839 1104 1881 in
1140 1854 1214 1882 cor
1248 1841 1447 1896 Joannis‚
1478 1843 1511 1885 si

119 1909 266 1970 aliquo
288 1911 419 1954 modo
442 1919 582 1968 potest
604 1908 710 1963 dici,
737 1909 779 1952 in
819 1918 990 1952 tantum
1013 1907 1203 1952 ascendit
1223 1910 1267 1951 in
1289 1925 1362 1954 cor
1381 1913 1510 1955 Joan-

119 1980 206 2035 nis,
234 1981 280 2023 in
306 1989 520 2040 quantum
538 1981 625 2038 ipse
648 1981 837 2023 Joannes
861 1994 950 2022 non
973 1987 1065 2022 erat
1087 1979 1237 2022 homo.
1275 1979 1392 2031 Quid
1411 1991 1473 2025 est
1494 2001 1503 2025 :

118 2052 216 2095 Non
237 2059 328 2093 erat
347 2051 479 2093 homo
493 2051 510 2090 ⁶?
535 2052 586 2092 In
601 2057 817 2108 quantum
836 2057 1028 2107 coeperat
1050 2063 1139 2091 esse
1166 2049 1355 2105 Angelus
1378 2069 1386 2094 :
1407 2051 1507 2109 quia

119 2135 267 2164 omnes
289 2119 442 2173 sancti,
462 2118 640 2177 Angeli3
658 2118 760 2177 quia
777 2118 1102 2162 annuntiatores
1121 2117 1211 2160 Dei.
1239 2117 1343 2162 Ideo
1365 2134 1510 2164 carna-

118 2188 233 2233 libus
250 2198 293 2233 et
308 2188 566 2233 animalibus
582 2203 671 2232 non
689 2187 932 2231 valentibus
949 2187 1167 2246 percipere
1182 2202 1281 2246 quae
1297 2199 1398 2232 sunt
1411 2190 1504 2245 Dei,

119 2259 228 2320 quid
251 2260 310 2303 ait
331 2259 596 2318 Apostolus?
619 2260 767 2303 «Cum
791 2258 905 2300 enim
928 2256 1064 2300 dicitis
1086 2276 1094 2300 :
1116 2259 1208 2314 Ego
1231 2272 1326 2300 sum
1356 2260 1503 2316 Pauli,

123 2347 143 2369 »
178 2332 271 2387 Ego
295 2328 451 2388 Apollo
467 2364 477 2382 ‚
506 2344 650 2372 nonne
672 2327 866 2371 homines
895 2327 991 2369 estis
1007 2328 1078 2367 Τί»
1105 2325 1221 2378 Quid
1244 2342 1314 2378 eos
1335 2328 1508 2374 volebat

119 2398 283 2453 facere,
309 2398 469 2458 quibus
499 2397 813 2456 exprobrabat,
839 2396 939 2456 quia
967 2395 1163 2439 homines
1185 2399 1336 2439 erant?
1363 2398 1504 2443 Vultis

119 2485 243 2513 nosse
263 2470 372 2529 quid
395 2484 465 2513 eos
488 2468 629 2512 facere
651 2467 858 2513 volebat?
879 2465 1040 2510 Audite
1061 2465 1107 2510 in
1130 2466 1305 2511 Psalmis
1333 2486 1342 2512 ;
1372 2487 1392 2510 «
1412 2472 1503 2528 Ego

171 2560 176 2574 ¹
205 2566 210 2583 ι
236 2556 297 2585 Cor
331 2564 363 2584 ιι.
385 2566 415 2594 ς),
450 2569 484 2574 --
508 2560 516 2573 ²
535 2552 578 2583 iil.
597 2562 640 2591 ιιι,
667 2550 698 2592 4.

1219 2603 1285 2643 25.
