1819 3301
340 243 480 272 sunno
511 245 669 272 nomm
701 244 747 271 m
778 244 954 281 Mon-113,
990 245 1073 272 Lm.
1110 244 1140 270 1.
1346 237 1424 274 191

52 329 73 352 »
108 318 254 358 autem
275 323 450 354 omnem
481 307 621 351 filium
651 322 783 366 quem
813 307 1005 366 recipit1.
1033 307 1188 352 »Dicit
1207 317 1249 352 et
1278 311 1431 354 Domi-

47 394 130 424 nus
157 396 166 424 :
196 396 217 421 «
246 379 401 422 Servus
423 377 500 437 qui
521 377 659 420 nescit
679 376 951 422 voluntatem
966 375 1132 421 domini
1153 377 1240 433 sui,
1262 385 1306 422 et
1327 378 1433 423 facit

54 468 74 492 »
109 448 239 508 digna
263 447 420 507 plagis,
445 446 670 507 vapulabit
702 463 841 506 pauca
867 466 876 493 :
902 463 1047 493 servus
1068 457 1214 492 autem
1250 449 1327 509 qui
1354 450 1435 495 scit

53 539 74 563 »
108 519 378 565 voluntatem
398 518 564 563 domini
594 517 687 573 sui,
708 526 751 562 et
772 516 876 564 facit
903 518 1032 577 digna
1065 518 1226 579 plagis,
1249 520 1435 580 vapula-

54 609 74 633 »
109 589 176 634 bit
195 588 332 633 multa
353 592 385 633 ².
414 606 434 630 »
461 591 559 634 Non
575 603 678 647 ergo
700 588 910 648 quaeritur
930 624 941 644 ,
967 590 1049 635 nisi
1066 600 1116 635 ut
1137 599 1180 635 et
1200 591 1274 636 ille
1293 591 1438 636 vindi-

53 670 142 716 cet,
168 660 237 706 cui
272 674 416 704 rerum
438 658 588 703 ordine
611 668 799 718 potestas
820 658 919 703 data
942 669 1030 714 est,
1064 670 1106 706 et
1130 677 1180 706 ea
1210 662 1439 707 voluntate

53 731 244 777 vindicet
263 765 275 787 ,
299 745 387 791 qua
414 738 537 789 pater
558 729 603 773 in
625 728 858 788 parvulum
880 729 1019 775 filium
1041 765 1052 785 ,
1077 747 1208 790 quem
1232 747 1308 791 per
1330 741 1439 776 aeta-

55 810 141 844 tem
165 801 304 845 odisse
325 799 523 843 nondum
546 807 702 858 potest.
723 799 835 843 Hinc
865 800 980 843 enim
1004 801 1272 860 aptissimum
1296 817 1440 846 exem—

55 870 177 931 plum
198 871 375 915 ducitur
391 904 403 925 ,
431 885 519 929 quo
542 869 640 913 satis
662 878 866 929 appareat
891 885 1014 929 posse
1044 881 1271 929 peccatum
1294 887 1441 916 amore

56 943 200 1001 potius
221 940 432 986 vindicari
452 975 462 995 ‚
488 955 621 1000 quam
641 940 908 999 impunitum
940 940 1126 1000 relinqui
1153 961 1162 986 2
1184 951 1232 986 ut
1255 941 1380 986 illum
1397 943 1443 986 in

57 1028 188 1072 quem
206 1011 399 1054 vindicat
420 1026 509 1054 non
531 1025 659 1069 prena
683 1011 886 1053 miserum
903 1045 913 1064 ,
938 1010 1012 1057 sed
1041 1014 1306 1056 correctione
1336 1013 1444 1056 bea-

57 1093 152 1128 tum
174 1082 279 1131 velit
304 1101 313 1128 ;
336 1091 510 1141 paratus
531 1091 700 1135 tamen,
726 1081 760 1125 si
781 1097 891 1140 opus
913 1082 981 1137 sit,
1009 1099 1136 1143 aequo
1151 1085 1295 1128 animo
1317 1084 1443 1143 plura

59 1153 242 1199 tolerare
274 1152 329 1196 ab
351 1168 402 1196 eo
433 1151 551 1195 illata
568 1185 579 1206 ,
605 1166 735 1211 quem
756 1151 851 1195 vult
873 1167 961 1195 esse
983 1163 1226 1197 correctum
1247 1189 1258 1208 ‚
1291 1155 1378 1198 sive
1399 1155 1446 1198 in

61 1240 161 1272 eum
186 1224 343 1268 habeat
359 1231 616 1282 potestatem
633 1222 861 1266 coercendi
880 1257 891 1277 ,
914 1223 1003 1268 sive
1027 1239 1115 1268 non
1137 1225 1312 1268 habeat.

121 1296 277 1339 LXIV.
304 1292 450 1351 Magni
468 1301 612 1338 autem
634 1301 678 1336 et
699 1292 835 1337 sancti
856 1292 934 1339 viri
953 1327 964 1348 ,
983 1293 1058 1352 qui
1075 1294 1164 1353 jam
1187 1294 1350 1353 optime
1366 1295 1449 1338 sci-

63 1373 186 1418 rent,
210 1372 395 1411 mortem
412 1363 537 1408 istam
558 1378 657 1421 quae
680 1362 866 1407 animam
882 1361 1076 1408 dissolvit
1095 1381 1118 1407 a
1137 1379 1334 1423 corpore,
1359 1380 1449 1408 non

0 1478 3 1481 ,
63 1449 153 1478 esse
175 1432 496 1482 formidandam
514 1466 525 1487 ,
548 1430 790 1476 secundum
813 1447 964 1477 eorum
986 1442 1132 1479 tamen
1155 1434 1346 1478 animum
1373 1434 1450 1494 qui

62 1503 181 1552 illam
204 1504 431 1557 timerent,
450 1501 660 1546 nonnulla
683 1512 858 1561 peccata
877 1514 1017 1548 morte
1039 1506 1277 1564 punierunt
1297 1540 1308 1560 ‚
1328 1504 1451 1565 quod

66 1583 108 1618 et
130 1573 376 1619 viventibus
397 1571 515 1615 utilis
536 1580 678 1617 metus
700 1573 968 1618 incuteretur
986 1608 997 1628 ‚
1035 1584 1077 1618 et
1097 1574 1180 1619 illis
1206 1576 1281 1634 qui
1314 1584 1452 1620 morte

67 1643 380 1705 puniebantur,
406 1657 495 1686 non
512 1642 603 1701 ipsa
625 1657 741 1686 mors
758 1653 951 1698 noceret,
976 1644 1050 1688 sed
1068 1654 1314 1703 peecatum,
1330 1646 1453 1704 quod

69 1714 218 1773 augeri
253 1721 396 1773 posset
415 1747 426 1767 ‚
451 1712 485 1756 si
511 1712 719 1757 viverent.
759 1715 856 1757 Non
890 1723 1051 1758 temere
1081 1714 1144 1758 illi
1168 1714 1451 1774 judicabant,

70 1785 230 1847 quibus
253 1783 338 1827 tale
354 1782 568 1842 judicium
585 1781 821 1826 donaverat
840 1786 969 1830 Deus.
996 1783 1104 1827 Inde
1124 1795 1188 1828 est
1205 1786 1324 1844 quod
1338 1785 1454 1830 Elias

72 1854 233 1899 multos
255 1862 392 1898 morte
414 1853 560 1897 affecit
576 1886 586 1906 ‚
603 1861 644 1895 et
658 1852 832 1910 propria
854 1867 988 1896 manu
1002 1854 1016 1878 ³
1034 1888 1046 1907 ,
1063 1864 1106 1898 et
1123 1856 1220 1911 igne
1245 1855 1454 1900 divinitus

73 1926 322 1984 impetrato4r
337 1923 477 1983 :quod
492 1931 532 1966 et
545 1921 616 1966 alii
628 1922 753 1966 multi
768 1922 963 1979 magniet
973 1922 1108 1968 divini
1118 1924 1195 1967 viri
1209 1924 1362 1969 eodem
1375 1926 1457 1984 spi-

75 1996 162 2042 ritu
174 1992 429 2039 consulendi
442 1992 570 2036 rebus
583 1991 783 2035 humanis
797 2007 885 2035 non
900 2001 1059 2037 temere
1072 1992 1283 2039 fecerunt.
1298 1999 1357 2038 De
1369 2011 1459 2054 quo

77 2064 169 2110 Elia
187 2080 289 2113 cum
308 2062 553 2122 exemplum
571 2061 788 2105 dedissent
810 2062 1039 2121 Discipuli,
1061 2064 1244 2109 Domino
1266 2080 1461 2108 comme-

79 2142 294 2182 morantes
332 2133 439 2193 quid
464 2132 519 2176 ab
554 2147 605 2175 eo
637 2130 803 2180 factum
838 2132 892 2175 sit
909 2166 920 2185 ‚
957 2141 1006 2175 ut
1040 2133 1168 2176 etiam
1203 2134 1302 2192 ipsis
1340 2135 1463 2178 daret

80 2213 338 2265 potestatem
359 2201 535 2262 petendi
557 2201 611 2247 de
628 2201 741 2245 coelo
763 2201 907 2259 ignem
926 2202 980 2245 ad
1002 2203 1348 2247 consumendum
1372 2219 1460 2258 eos,

82 2277 158 2335 qui
179 2275 258 2319 sibi
281 2273 517 2332 hospitium
539 2288 628 2316 non
652 2272 913 2330 praebei‘ent3
939 2273 1215 2331 reprehendit
1236 2274 1280 2316 in
1301 2275 1360 2317 eis
1377 2277 1462 2318 Do-

82 2345 226 2393 minus
248 2359 337 2388 non
353 2343 599 2401 exemplum
623 2343 850 2400 Prophetae
877 2343 1014 2386 sancti
1037 2377 1049 2397 ,
1074 2342 1149 2386 sed
1175 2344 1465 2401 ignorantiam

85 2415 361 2475 vindicandi,
384 2430 483 2473 quae
501 2413 645 2462 adhuc
667 2422 758 2459 erat
777 2414 822 2458 in
848 2414 1032 2461 rudibus
1050 2416 1064 2440 ⁵
1085 2432 1093 2459 :
1120 2415 1467 2459 animadvertens

137 2521 145 2537 ¹
175 2516 267 2546 Prov.
292 2524 338 2553 ιιι,
361 2521 410 2544 12.
438 2529 480 2535 -
499 2519 512 2535 ²
531 2514 607 2544 Luc.
629 2522 666 2553 u,
686 2510 742 2553 47,
760 2511 816 2552 48.
841 2527 880 2535 ·-
908 2510 920 2534 3
941 2511 959 2543 3
978 2513 1056 2553 neg.
1077 2521 1167 2552 xvm,
1184 2511 1238 2554 4ο.
1258 2528 1300 2539 —-··
1317 2511 1369 2555 44
1389 2515 1465 2554 Reg.

89 2579 122 2610 ν,
144 2579 192 2601 10.
208 2580 250 2592 -—
268 2565 283 2591 5
301 2569 377 2599 Luc.
397 2578 440 2607 ix,
457 2565 574 2599 52-56.
