1819 3301
281 289 334 315 ΒΕ
365 285 573 316 consensu
606 283 1017 324 EVANGELisTAnuM,
1053 287 1135 312 Lm.
1171 288 1238 313 111.
1399 276 1453 314 93

78 371 98 396 »
133 353 178 397 in
206 355 337 398 corda
363 355 537 399 vestra?
568 353 722 398 Videte
755 366 908 396 manus
935 366 1050 395 meas
1084 360 1128 396 et
1155 349 1287 410 pedes
1313 365 1452 406 meos,

79 442 99 465 »
136 424 237 484 quia
270 425 359 484 ipse
393 440 473 484 ego
509 439 605 469 sum
633 443 642 468 ε
677 423 849 483 palpate
889 432 933 467 et
967 421 1135 477 videte,
1161 422 1262 481 quia
1285 421 1458 481 spiritus

79 512 100 536 »
134 509 306 539 carnem
340 503 383 538 ct
404 509 495 539 ossa
517 509 606 539 non
628 494 762 537 habet
776 528 787 549 ,
814 494 926 538 sicut
945 508 1014 537 me
1030 492 1184 538 videtis
1200 492 1376 537 habere.
1402 494 1460 535 Et

79 583 99 607 »
135 581 234 610 cum
251 566 334 610 hoc
349 564 546 620 dixisset,
571 564 760 610 ostendit
783 565 841 608 eis
858 580 1011 609 manus
1033 573 1076 609 et
1092 562 1224 624 pedes
1239 565 1270 607 1.
1295 581 1315 605 »
1337 565 1461 608 Hanc

77 637 366 681 ostensionem
402 637 572 682 Domini
604 645 702 696 post
735 637 1091 681 resurrectionem
1128 634 1387 695 intelligitur
1418 643 1463 679 et

77 709 265 752 Joannes
280 722 636 762 commemorare,
656 706 715 752 sic
732 706 915 767 loquens
933 725 941 751 ε
959 708 1102 752 «Cum
1120 715 1229 751 esset
1250 720 1351 764 ergo
1368 720 1462 750 sero

79 796 100 821 »
136 778 205 823 die
222 778 298 823 illo
320 795 407 824 una
424 779 721 834 sabbatorum,
736 787 779 823 et
792 776 904 824 fores
918 787 1059 823 essent
1073 778 1230 823 clausae
1246 778 1323 822 ubi
1340 785 1464 822 erant

80 866 101 891 »
136 850 346 909 Discipuli
368 851 615 910 congregati
637 858 813 910 propter
841 858 1008 894 metum
1036 849 1292 895 Judaeorum
1307 884 1319 905 ,
1344 848 1464 893 venit

58 936 64 939 ·
82 938 103 961 »
139 922 262 965 Jesus
278 930 321 965 et
338 921 454 965 stetit
476 920 708 978 in“Jmedio,
730 930 773 965 et
793 919 899 966 dicit
916 921 975 965 cis
1002 940 1011 966 ε
1033 924 1122 965 Pax
1144 920 1283 966 vobis.
1307 922 1365 963 Et
1379 919 1464 963 hoc

82 1008 102 1032 »
139 1006 241 1034 cum
260 991 454 1047 dixisset,
474 990 662 1036 ostendit
684 991 742 1035 eis
760 1007 913 1035 manus
937 1001 980 1036 et
995 991 1108 1036 latus
1123 994 1185 1035 ².»
1200 994 1263 1036 Ac
1282 1006 1360 1050 per
1381 990 1465 1034 hoc

79 1061 145 1106 his
166 1062 308 1107 verbis
330 1063 509 1106 Joannis
531 1072 711 1122 possunt
732 1063 941 1122 conjungi
965 1079 1014 1107 ea
1036 1079 1133 1123 quae
1156 1065 1295 1106 Lucas
1329 1060 1436 1105 dicit
1451 1095 1462 1116 ,

81 1131 198 1176 idem
221 1143 367 1178 autem
390 1136 577 1178 Joannes
605 1133 910 1193 praetermittit.
940 1136 1005 1177 Ita
1026 1134 1140 1176 enirn
1162 1136 1300 1177 Lucas
1320 1132 1466 1191 sequi-

82 1211 154 1247 tur
180 1223 189 1248 ;
218 1224 238 1246 «
266 1204 423 1249 Adhuc
456 1214 601 1248 autem
624 1204 707 1248 illis
730 1219 819 1248 non
845 1203 1122 1248 credentibus
1144 1212 1187 1246 et
1208 1203 1467 1246 mirantibus

83 1292 104 1316 »
139 1290 228 1334 prae
251 1275 425 1335 gaudio,
442 1275 549 1320 dixit
570 1296 578 1321 ε
606 1276 785 1321 Habetis
807 1275 878 1319 hic
896 1274 1063 1335 aliquid
1084 1274 1205 1334 quod
1226 1273 1467 1318 manduce-

84 1363 104 1387 »
142 1348 242 1390 tur?
269 1350 326 1391 At
348 1346 410 1390 illi
447 1347 704 1391 obtulerunt
741 1347 780 1390 ei
801 1356 969 1406 partem
1005 1345 1130 1405 piscis
1153 1346 1231 1389 assi
1253 1354 1298 1389 et
1319 1344 1468 1389 favum

84 1435 105 1458 »
139 1416 292 1462 mellis.
330 1421 387 1462 Et
422 1434 522 1463 cum
544 1418 846 1463 manducasset
877 1433 1023 1463 coram
1045 1418 1131 1473 eis,
1172 1431 1345 1461 sumens
1368 1416 1470 1460 reli-

85 1506 105 1529 »
140 1490 263 1548 quias
286 1488 407 1534 dedit
429 1491 488 1534 eis
503 1491 533 1534 3.
550 1490 660 1535 »His
678 1490 782 1534 item
799 1490 942 1535 verbis
964 1498 1146 1549 possunt
1168 1488 1346 1548 adjungi
1370 1503 1469 1547 quae

82 1563 219 1603 Lucas
241 1569 376 1615 tacet,
398 1559 501 1606 dicit
523 1571 667 1606 autem
684 1565 873 1607 Joannes
895 1580 939 1606 2«
953 1561 1096 1605 Gavisi
1121 1569 1223 1604 sunt
1246 1575 1348 1618 ergo
1370 1559 1469 1603 Dis-

86 1648 105 1670 »
137 1630 270 1690 cipuli
305 1631 396 1676 viso
417 1633 619 1676 Domino.
642 1633 756 1677 Dixit
789 1647 892 1690 ergo
913 1632 972 1675 eis
991 1632 1147 1675 iterum
1172 1649 1181 1674 2
1206 1633 1292 1674 Pax
1314 1629 1436 1674 vobis
1456 1663 1466 1683 ,

86 1719 106 1742 »
142 1702 251 1745 sicut
283 1702 397 1746 misit
426 1718 495 1746 me
518 1705 646 1747 Pater
668 1711 711 1746 et
733 1718 813 1761 ego
835 1702 960 1746 mitto
983 1717 1073 1746 vos.
1096 1703 1190 1744 Hoc
1214 1715 1315 1744 cum
1338 1698 1472 1742 dixis—

86 1790 106 1812 »
142 1780 229 1827 set,
256 1772 520 1827 insufflavit,
555 1782 598 1817 et
624 1773 729 1816 dixit
762 1772 820 1816 eis
849 1791 857 1816 :
889 1771 1083 1830 Accipite
1110 1770 1319 1829 Spiritum
1348 1785 1472 1813 sanc-

88 1862 107 1884 »
144 1852 237 1886 tum
260 1862 268 1886 :
294 1858 483 1903 quorum
507 1843 751 1887 remiseritis
773 1851 949 1902 peccata
964 1876 975 1897 ‚
1011 1841 1295 1885 remittuntur
1325 1841 1383 1884 eis
1402 1861 1412 1897 3
1431 1849 1474 1884 et

87 1932 107 1956 »
143 1929 331 1973 quorum
354 1914 639 1969 detinueritis,
657 1913 833 1958 detenta
853 1922 969 1957 sunt.
988 1912 1030 1954 4»
1049 1912 1125 1956 His
1147 1928 1293 1956 rursus
1314 1910 1472 1971 adjun-

86 1998 235 2041 gamus
268 2000 368 2044 quae
399 1987 586 2029 Joannes
623 1983 919 2044 praetermisit,
945 1986 1084 2027 Lucas
1121 1991 1433 2027 commemorat
1461 2001 1470 2026 ε

90 2074 110 2096 «
144 2057 201 2098 Et
234 2054 340 2098 dixit
376 2054 432 2099 ad
451 2070 522 2099 eos
544 2073 553 2100 ι
581 2057 685 2099 Haec
709 2064 811 2099 sunt
832 2054 966 2099 verba
989 2070 1089 2114 quae
1109 2054 1281 2098 locutus
1303 2068 1398 2096 sum
1419 2050 1475 2096 ad

91 2144 111 2166 »
145 2141 220 2170 vos
242 2142 344 2170 cum
372 2126 516 2171 adhuc
539 2142 674 2171 essem
709 2126 934 2171 vobiscum
951 2161 961 2181 ,
987 2125 1194 2185 quoniam
1217 2140 1389 2169 necesse
1411 2131 1476 2168 est

92 2215 111 2238 »
147 2196 318 2256 impleri
344 2199 488 2243 omnia
511 2215 610 2258 quae
640 2199 795 2258 scripta
818 2207 920 2242 sunt
942 2198 986 2241 in
1010 2200 1122 2255 Lege
1139 2197 1279 2254 Moysi
1298 2205 1340 2240 et
1365 2199 1474 2240 Pro-

93 2285 114 2308 »
148 2268 290 2326 phetis
312 2278 356 2312 et
378 2268 555 2313 Psalmis
577 2269 631 2313 de
650 2285 734 2313 me.
759 2272 881 2313 Tunc
909 2270 1078 2327 aperuit
1096 2268 1178 2311 illis
1198 2283 1369 2311 sensum
1387 2302 1398 2322 ,
1424 2274 1475 2310 ut

92 2356 112 2378 »
149 2337 443 2398 intelligerent
465 2340 721 2399 Scripturas,
746 2348 788 2383 et
801 2338 907 2382 dixit
921 2339 979 2382 eis
1002 2358 1010 2384 :
1032 2338 1247 2392 Quoniam
1272 2337 1330 2380 sic
1345 2337 1477 2395 scrip-

92 2427 112 2450 »
150 2419 244 2453 tum
262 2419 349 2466 est,
370 2420 414 2455 et
436 2411 494 2454 sic
515 2411 746 2470 oportebat
763 2411 984 2456 Christum
1006 2411 1094 2469 pati
1112 2445 1122 2464 ,
1149 2423 1191 2453 et
1214 2423 1437 2466 resurgere
1453 2423 1477 2451 a

93 2498 114 2522 »
150 2481 330 2525 mortuis
351 2480 421 2525 die
449 2481 595 2537 tertia,
631 2490 674 2526 et
695 2480 919 2541 praedicari
945 2481 990 2525 in
1013 2480 1189 2525 nomine
1218 2479 1308 2539 ejus
1329 2476 1477 2538 poeni-

137 2584 146 2600 ¹
171 2579 247 2610 Luc.
272 2588 358 2619 xxiv,
380 2576 499 2620 36·4ο.
524 2593 565 2602 ··-a
592 2584 605 2601 ²
633 2579 723 2610 Joan.
744 2587 799 2619 xx,
823 2588 875 2619 19,
894 2584 948 2609 20.
971 2592 1013 2599 —-
1038 2573 1052 2600 3
1075 2577 1150 2609 Luc.
1183 2585 1272 2617 xxiv,
1293 2573 1415 2617 41-43.
1436 2588 1478 2596 ·-·

91 2632 107 2664 4
128 2636 220 2666 Joan.
242 2644 296 2676 xx,
312 2634 430 2667 20-23.
