1819 3301
330 279 410 316 228
750 289 782 316 s.
819 287 1049 317 Aueusnm
1084 289 1264 317 Emscori

325 355 404 400 tibi
424 355 654 415 pecuniam
677 355 869 399 debitam
886 390 896 410 ,
926 370 1026 399 cum
1049 353 1208 399 habeat
1235 353 1354 399 unde
1382 354 1558 411 reddat,
1585 371 1711 401 recu-

322 435 387 472 sat
407 425 604 471 reddere.
632 425 760 478 Quod
778 434 1006 484 peccatum
1025 425 1059 469 si
1081 441 1170 470 non
1194 423 1418 481 dimiseris,
1439 441 1529 471 non
1551 427 1712 487 poteris

322 497 467 543 dicere
491 517 499 542 :
541 516 560 539 «
585 496 762 541 Dimitte
785 496 910 540 nobis
930 531 941 552 ,
982 497 1094 541 sicut
1121 506 1163 542 et
1194 513 1272 542 nos
1305 497 1565 542 dimittimus
1588 516 1597 543 :
1627 515 1647 539 »
1679 498 1713 542 si

323 577 468 613 autem
485 567 715 626 ignoveris,
736 566 856 611 vides
870 562 1072 612 etiam'dc
1090 568 1275 628 pecunia
1288 567 1547 613 dimittenda
1565 567 1712 614 admo-

320 640 415 684 neri
436 654 536 683 cum
554 674 564 694 ,
586 639 655 683 cui
677 637 752 682 tali
772 654 897 699 prece
915 654 1037 683 orare
1054 639 1321 699 praecipitur..

379 711 542 755 XXIX.
562 708 679 754 Illud
696 725 797 754 sane
820 710 994 755 tractari
1015 719 1174 770 potest,
1196 719 1246 755 ut
1267 710 1475 771 quoniam
1498 709 1707 757 dicimus:

323 799 343 822 α
378 781 555 825 Dimitte
577 780 702 825 nobis
728 780 873 826 debita
895 790 1039 827 nostra
1057 817 1068 836 ‚
1088 781 1199 825 sicut
1217 790 1261 825 et
1282 796 1360 826 nos
1382 780 1641 826 dimittimus
1657 818 1671 837 ,
1686 799 1707 823 »

319 861 425 897 tunc
459 852 770 897 convincamur
807 861 959 897 contra
992 852 1117 896 istam
1154 851 1348 911 regulam
1381 851 1560 908 fecisse,
1596 853 1710 896 sicis

318 939 409 969 non
443 923 712 969 dimittamus
731 925 807 985 qui
829 925 1001 969 veniam
1033 933 1220 984 petunt,
1251 924 1353 985 quia
1377 932 1419 968 et
1439 940 1517 969 nos
1538 924 1711 969 veniam

316 997 568 1056 petentibus
599 996 722 1041 nobis
758 1012 781 1040 a
810 996 1122 1055 benignissimo
1157 999 1283 1040 Patre
1306 995 1466 1040 dimitti
1488 995 1706 1041 volumus.

330 1065 415 1110 Sed
450 1066 524 1111 illo
542 1082 692 1112 rursus
730 1076 976 1127 praecepto,
1009 1083 1097 1127 quo
1126 1067 1336 1127 jubemur
1367 1083 1489 1112 orare
1515 1083 1594 1127 pro
1623 1066 1710 1111 ini-

290 1158 291 1163 *
319 1137 441 1182 micis
464 1139 619 1183 nostris
636 1141 649 1165 ¹
671 1174 681 1195 ,
707 1155 796 1184 non
818 1155 899 1199 pro
919 1139 985 1183 his
1002 1139 1211 1196 jubemur
1233 1139 1308 1200 qui
1330 1139 1501 1184 veniam
1535 1147 1706 1199 petunt.

317 1211 414 1254 Jam
437 1211 548 1254 enim
573 1210 650 1271 qui
672 1210 778 1254 tales
811 1219 939 1266 sunt,
965 1225 1056 1255 non
1080 1219 1182 1254 sunt
1212 1210 1390 1255 inimici.
1422 1209 1555 1255 Nullo
1577 1208 1710 1254 modo

318 1290 465 1325 autem
493 1282 724 1341 quisquam
752 1296 852 1325 vere
887 1281 1042 1325 dixerit
1079 1296 1201 1325 orare
1236 1296 1279 1325 se
1309 1296 1388 1340 pro
1411 1296 1490 1336 eo,
1516 1280 1586 1325 cui
1619 1295 1710 1325 non

315 1352 546 1410 ignoverit.
580 1355 855 1412 Quapropter
889 1351 1119 1397 fatendum
1158 1361 1221 1396 est
1255 1353 1401 1397 omnia
1424 1360 1599 1411 peccata
1639 1350 1709 1395 di-

316 1423 531 1468 mittenda
553 1439 665 1479 esse,
685 1439 784 1484 quae
806 1423 850 1467 in
874 1439 952 1468 nos
975 1424 1282 1478 admittuntur,
1306 1423 1339 1467 si
1361 1422 1562 1467 volumus
1583 1421 1709 1467 nobis

317 1509 339 1538 a
363 1498 490 1539 Patre
512 1494 675 1539 dimitti
702 1510 801 1554 quae
832 1494 1116 1539 admittimus.
1143 1496 1253 1539 Nam
1282 1494 1337 1538 de
1364 1493 1555 1539 vindicta
1576 1508 1708 1555 supe-

314 1566 404 1611 rius
424 1602 435 1621 ,
455 1576 505 1611 ut
526 1566 711 1612 arbitror
725 1601 736 1622 ,
757 1566 856 1611 satis
874 1565 1146 1626 disputatum
1170 1575 1234 1611 est
1248 1567 1281 1610 ².

315 1746 597 1763 OEWWMVRMXW
602 1746 668 1763 ml
674 1746 1169 1764 thwssvvvtmmmmwvswm
1175 1745 1596 1763 wumuvvmmwuwvvu
1602 1746 1706 1764 &mm

836 1893 1051 1944 CAPUT
1091 1896 1177 1942 IX.

373 2053 514 2096 XXX.
540 2050 684 2096 *SEXTA
708 2051 860 2111 petitio
880 2060 944 2095 cst
961 2086 971 2106 ,
1002 2070 1021 2094 «
1048 2054 1105 2095 Et
1134 2066 1188 2094 ne
1213 2065 1291 2095 nos
1313 2050 1476 2094 inseras
1498 2051 1543 2094 in
1567 2058 1703 2095 tenta-

317 2142 337 2165 »
374 2124 552 2168 tionem.
590 2122 799 2168 Nonnulli
833 2122 1004 2166 codices
1037 2122 1229 2176 habent,
1256 2141 1275 2163 «
1296 2120 1508 2175 Inducas,
1536 2139 1556 2161 »
1583 2119 1703 2181 quod

321 2193 750 2239 tantumdemvalere
769 2193 954 2237 arbitror
976 2208 1101 2237 :nam
1124 2208 1174 2236 ex
1195 2207 1284 2236 uno
1308 2207 1449 2250 graeco
1472 2192 1593 2251 quod
1611 2190 1704 2235 dic-

316 2275 410 2310 tum
433 2275 497 2309 cst
520 2273 689 2319 εἰσενέγκῃς
704 2300 714 2320 ,
748 2273 985 2323 utrumque
1015 2262 1272 2307 translatum
1303 2271 1379 2306 est.
1403 2262 1533 2306 Multi
1556 2271 1703 2306 autem

314 2335 532 2396 precando
556 2335 615 2380 ita
632 2334 785 2379 dicunt
810 2353 818 2378 :
845 2353 864 2376 ε(
882 2336 945 2378 Ne
968 2349 1045 2377 nos
1070 2333 1242 2392 patiaris
1263 2332 1413 2377 induci
1431 2332 1477 2376 in
1499 2332 1704 2377 tentatio-

319 2425 338 2448 »
375 2422 474 2450 nem
498 2425 507 2450 ι
531 2424 550 2446 n
573 2413 834 2465 exponentes
856 2403 1058 2449 videlicet
1077 2402 1299 2463 quomodo
1317 2402 1482 2447 dictum
1500 2403 1569 2457 sit,
1596 2421 1615 2443 «
1635 2405 1702 2446 In-

318 2496 338 2519 »
375 2477 521 2522 ducas.
548 2496 567 2518 n
600 2479 698 2522 Non
719 2476 833 2520 enim
863 2491 940 2534 per
961 2490 1005 2519 se
1032 2475 1174 2534 ipsum
1195 2474 1365 2518 inducit
1382 2477 1495 2518 Deus
1511 2509 1521 2529 ,
1542 2472 1618 2517 sed
1637 2474 1702 2517 in-

316 2548 417 2594 duci
439 2549 600 2608 patitur
629 2563 751 2604 eum,
781 2562 921 2609 quem*
940 2561 1018 2591 suo
1057 2545 1216 2590 auxilio
1251 2545 1516 2601 deseruerit,
1548 2543 1700 2590 ordine

366 2651 373 2668 ¹
394 2644 510 2676 Manli
533 2654 567 2685 v,
587 2642 640 2685 44.
668 2660 709 2666 —
731 2650 743 2667 ²
764 2643 842 2675 Vide
860 2653 966 2686 supra,
991 2642 1044 2674 lib.
1067 2653 1178 2685 1,cap.
1204 2653 1242 2685 ¹9
1261 2646 1293 2676 et
1309 2651 1360 2675 20.
