1819 3301
370 272 454 313 314
802 282 836 312 s.
874 282 1104 310 Αυεωοτῐιει
1138 279 1316 309 mucore

900 425 1136 477 QUAEsrlo
1168 427 1235 466 lx.

429 564 555 614 Qnon
583 558 794 603 Dominus
818 557 922 601 dicit
947 576 956 602 :
987 576 1006 599 ι(
1031 556 1257 617 Numquid
1276 565 1417 617 potest
1435 572 1574 602 caecus
1590 573 1756 602 caecum

372 652 392 674 »
428 632 618 675 ducere?
647 646 794 675 nonne
834 629 965 673 ambo
987 628 1032 673 in
1066 628 1235 673 foveam
1267 629 1488 673 cadunt1?
1517 647 1537 671 »
1578 628 1756 674 fortasse

368 705 451 747 hoe
475 703 572 745 ideo
595 700 898 761 subjunxerit,
927 716 980 744 ne
1008 708 1230 759 sperarent
1253 716 1276 744 a
1300 700 1458 743 Levitis
1482 715 1526 744 se
1553 709 1757 758 acceptu-

369 790 436 818 ros
462 787 705 816 mensuram
739 770 879 825 illam,
913 771 968 814 de
999 786 1086 830 qua
1108 769 1217 814 dixit
1241 790 1248 815 :
1291 790 1310 812 «
1338 771 1514 815 Dabunt
1547 771 1592 814 in
1613 771 1755 814 sinum

373 864 392 886 »
428 854 617 887 vestrum
636 879 646 897 ‚
676 862 694 884 ι)
717 842 921 903 quoniam
948 842 1047 901 ipsis
1072 842 1236 885 dabant
1254 841 1456 887 decimas.
1484 846 1598 894 Quos
1622 856 1756 885 caecos
1818 842 1819 852 ¹

369 916 499 968 dixit,
527 915 627 974 quia
652 913 937 972 Evangelium
974 928 1062 956 non
1085 921 1284 956 tenerent
1306 931 1313 957 ε
1340 922 1390 957 ut
1411 912 1530 956 illam
1553 927 1756 956 remune-

368 988 577 1031 rationem
615 1000 691 1044 per
728 983 970 1043 Discipulos
1008 983 1178 1028 Domini
1214 982 1356 1042 potius
1388 982 1511 1042 plebs
1545 984 1757 1041 inciperet

362 1060 451 1119 jam
476 1072 646 1117 sperare
667 1076 675 1100 ;
703 1072 812 1116 quos
834 1056 1070 1099 imitatores
1094 1070 1192 1098 suos
1211 1054 1361 1099 volens
1392 1054 1620 1098 ostendere
1637 1089 1648 1108 ,
1679 1053 1756 1098 ad-

369 1129 480 1173 didit
497 1129 642 1183 efiam,
666 1147 684 1169 «
705 1130 803 1173 Non
825 1136 888 1171 est
906 1126 1143 1186 discipulus
1165 1141 1294 1185 super
1316 1125 1568 1183 magistrum
1582 1129 1614 1168 ².
1644 1143 1664 1166 »

897 1275 1133 1324 QUAEsrlo
1164 1276 1213 1312 x.

427 1413 552 1463 Quor)
571 1409 779 1452 Dominus
802 1407 906 1455 dicit
933 1427 940 1452 :
966 1427 985 1449 «
1011 1408 1163 1452 Omnis
1181 1408 1257 1467 qui
1274 1408 1393 1451 venit
1416 1407 1470 1451 ad
1493 1423 1561 1451 me
1581 1442 1591 1461 ‚
1613 1415 1656 1450 et
1675 1422 1754 1450 au-

371 1501 390 1523 »
426 1481 491 1525 dit
518 1495 736 1523 sermones
775 1494 891 1522 meos
910 1514 920 1533 ,
948 1488 988 1522 et
1011 1479 1115 1523 facit
1152 1493 1250 1527 eos,
1278 1477 1502 1522 ostendam
1530 1477 1653 1522 vobis
1686 1477 1755 1520 cui

370 1571 390 1593 n
426 1552 575 1596 similis
598 1553 651 1594 sit
680 1570 688 1594 ;
713 1550 861 1593 similis
892 1560 955 1593 est
991 1550 1157 1593 homini
1182 1548 1414 1592 aedificanti
1450 1549 1656 1603 domum,
1680 1550 1755 1608 qui

369 1642 389 1664 n
427 1622 536 1666 fodit
550 1622 594 1664 in
611 1621 763 1675 altum,
782 1630 824 1663 et
838 1620 983 1679 posuit
996 1619 1333 1663 fundamentum
1355 1634 1483 1678 super
1496 1628 1663 1678 petram
1677 1620 1713 1662 3:
1733 1637 1752 1658 »

366 1692 516 1736 fodere
538 1692 645 1735 dixit
660 1727 670 1744 ‚
696 1690 943 1734 humilitate
965 1690 1197 1734 christiana
1232 1689 1377 1733 onmia
1400 1699 1570 1733 terrena
1591 1690 1756 1733 exhau-

366 1764 450 1807 rire
468 1764 522 1806 de
545 1760 675 1806 corde
697 1777 775 1804 suo
799 1776 853 1804 ne
871 1771 1050 1819 propter
1073 1759 1239 1820 aliquid
1262 1760 1349 1804 tale
1375 1762 1514 1803 Deum
1547 1758 1676 1803 colat.
1705 1761 1756 1803 In

367 1834 503 1878 altum
525 1842 669 1876 autom
690 1831 852 1883 fodere,
879 1831 1017 1875 donec
1041 1830 1095 1874 ad
1124 1840 1289 1889 petram
1309 1830 1536 1889 perveniat
1561 1849 1569 1873 :
1594 1830 1641 1873 in
1662 1838 1755 1874 tan-

365 1913 461 1948 tum
483 1904 704 1948 Christum
728 1903 856 1959 gratis
877 1902 999 1961 sequi
1021 1936 1030 1955 ‚
1058 1910 1100 1944 et
1122 1901 1252 1957 gratis
1280 1916 1381 1943 eum
1411 1900 1552 1944 colere
1572 1935 1582 1952 ‚
1600 1909 1650 1943 ut
1665 1915 1755 1943 non

366 1977 505 2021 solum
539 1992 628 2020 non
657 1985 834 2034 propter
861 1974 1107 2032 superflua,
1138 1972 1213 2016 sed
1232 1987 1310 2016 nec
1337 1982 1515 2031 propter
1549 1971 1621 2015 illa
1656 1987 1754 2031 quae

365 2047 569 2092 videntur
583 2046 684 2090 huic
702 2046 803 2088 vitae
826 2044 1083 2097 necessaria,
1106 2052 1147 2086 et
1170 2059 1269 2102 quae
1294 2044 1384 2086 sine
1405 2042 1533 2101 culpa
1556 2058 1579 2086 a
1600 2042 1754 2102 quovis

360 2120 479 2179 justo
513 2117 624 2160 sumi
658 2126 700 2159 et
732 2116 882 2159 haberi
922 2124 1130 2173 possunt,
1166 2123 1310 2158 tamen
1344 2112 1599 2173 temporalia
1620 2122 1752 2173 atque

366 2199 535 2234 terrena
554 2196 676 2242 sunt,
707 2185 916 2231 colendus
940 2188 1052 2229 Deus
1081 2194 1274 2244 putetur.

414 2294 422 2310 ¹
444 2289 520 2319 Luc.
541 2297 587 2324 v1,
610 2285 717 2328 39.·-—
738 2291 750 2307 ²
770 2284 851 2315 lbid.
874 2282 928 2324 47,
951 2281 1004 2324 48.
1027 2299 1070 2304 -
1089 2281 1169 2314 ³1d.
1190 2294 1249 2323 vu,
1271 2283 1323 2314 32.
