1819 3301
350 251 431 288 400
783 260 811 286 s.
855 261 1079 286 ‚uicissim
1119 260 1294 284 Eiiscorl

410 331 482 371 tx.
513 326 627 379 Quid
667 334 730 368 est
752 340 855 382 crgo
878 358 887 376 ‚
919 344 935 362 α
965 322 1154 366 Gratiam
1173 339 1252 381 pro
1271 323 1432 380 gratia?
1457 341 1475 363 »
1505 321 1609 366 Fide
1633 337 1735 381 pro-

346 413 561 441 meremur
589 400 720 440 Deum
743 416 753 451 3
780 404 822 437 et
845 394 919 453 qni
944 392 1061 450 digni
1085 407 1171 436 non
1196 409 1364 436 eramus
1387 393 1546 453 quibus
1562 402 1736 452 peccata

344 468 669 513 dimitterentur
689 501 698 519 ‚
725 481 775 507 ex
797 480 847 507 eo
870 464 971 523 quia
1009 472 1178 506 tantum
1211 463 1376 507 donum
1417 463 1588 521 indigni
1611 478 1735 506 acce-

344 540 512 598 pimus,
541 537 673 595 gratia
696 543 891 578 vocatur.
919 533 1036 586 Quid
1054 543 1118 576 est
1138 535 1271 592 gratia
1291 537 1307 575 ?
1332 534 1460 591 gratis
1479 533 1592 577 data.
1619 532 1736 586 Quid

344 619 406 653 est
430 608 559 667 gratis
577 606 676 650 data
696 607 713 650 P
734 605 892 649 donata
913 639 923 659 ‚
952 619 1041 648 non
1065 604 1247 648 reddita.
1278 605 1319 648 Si
1343 604 1603 659 debebatur,
1623 618 1738 647 mer-

343 696 412 723 ces
437 678 603 722 reddita
637 686 701 720 est
720 712 730 730 ,
757 691 846 720 non
871 674 1003 732 gratia
1035 674 1195 719 donata
1222 694 1229 718 :
1256 675 1288 717 si
1308 685 1453 718 autem
1477 689 1576 717 vere
1602 673 1738 717 debe-

344 750 490 803 batur,
516 749 655 792 bonus
673 746 793 790 fuisti
814 766 822 790 ;
846 746 881 789 si
900 755 1043 789 autem
1064 781 1074 800 ,
1096 755 1145 789 ut
1163 761 1313 789 verum
1330 754 1418 800 est,
1440 744 1579 788 malus
1601 743 1735 799 fuisti,

345 819 566 864 credidisti
587 827 732 862 autem
755 817 800 860 in
816 831 916 860 eum
933 816 1007 876 qui
1023 816 1236 874 justificat
1253 815 1458 875 impium¹
1475 835 1482 859 :
1500 813 1643 872 (Quid
1657 824 1736 868 est,

344 891 417 951 qui
437 890 647 951 justificat
670 888 887 947 impium?
911 902 963 929 ex
986 886 1120 945 impio
1146 885 1249 930 facit
1278 888 1413 945 pium.
1440 887 1613 944 >cogita
1632 885 1740 945 quid

344 977 420 1023 per
443 961 580 1018 legem
608 959 689 1002 tibi
726 958 955 1001 imminere
989 957 1201 1012 debebat,
1239 967 1282 1001 et
1313 956 1420 1017 quid
1448 972 1522 1016 per
1558 956 1738 1015 gratiam

344 1042 601 1078 consecutus
631 1031 700 1075 sis.
722 1032 992 1075 Consecutus
1015 1038 1161 1073 autem
1180 1030 1304 1073 istam
1321 1029 1498 1086 gratiam
1516 1027 1632 1083 fidei,
1658 1028 1739 1071 eris

336 1106 478 1164 justus
500 1119 550 1147 ex
584 1102 680 1145 fide.
709 1120 728 1142 «
754 1103 903 1144 Justus
927 1100 1043 1143 enim
1067 1115 1116 1143 ex
1139 1100 1224 1144 fide
1253 1101 1359 1144 vivit
1377 1103 1394 1126 ²
1417 1119 1424 1143 :
1451 1118 1468 1140 »
1498 1108 1540 1143 et
1563 1113 1739 1158 prome-

345 1174 506 1218 reberis
538 1177 676 1217 Deum
713 1170 900 1227 vivendo
923 1186 972 1213 ex
999 1169 1086 1214 fide
1112 1190 1120 1214 ε
1147 1186 1246 1214 cuin
1284 1170 1570 1230 promerueris
1601 1173 1740 1213 Deum

346 1244 534 1289 vivendo
561 1259 613 1287 ex
648 1241 734 1285 fide
752 1276 763 1295 ,
800 1240 982 1299 accipies
1010 1241 1236 1299 praemium
1272 1240 1642 1285 immortalitatem
1662 1275 1673 1295 ‚
1699 1248 1743 1284 et

345 1316 481 1359 vitam
515 1323 738 1357 aeternam.
765 1314 822 1355 Et
859 1310 930 1354 illa
961 1311 1096 1368 gratia
1118 1320 1195 1354 est.
1224 1313 1330 1356 Nam
1354 1327 1432 1370 pro
1461 1326 1549 1371 quo
1585 1310 1742 1354 merito

345 1385 503 1444 accipis
541 1384 674 1427 vitam
699 1382 1036 1439 aeternam‘?pro
1063 1381 1213 1439 gratia.
1251 1381 1292 1425 Si
1316 1382 1431 1425 enim
1468 1382 1574 1425 fides
1607 1381 1742 1440 gratia

346 1466 409 1501 est
427 1492 437 1510 ‚
465 1465 507 1499 et
536 1455 622 1498 vita
652 1463 813 1497 aeterna
849 1451 972 1512 quasi
1004 1467 1166 1496 merces
1189 1461 1252 1496 est
1283 1451 1384 1496 fidei
1412 1472 1420 1497 :
1445 1452 1618 1497 videtur
1641 1453 1741 1513 qui-

347 1528 446 1572 dem
471 1530 584 1570 Deus
598 1526 730 1569 vitam
749 1533 955 1567 aeternam
975 1531 1185 1582 tanquam
1204 1523 1395 1567 debitam
1410 1522 1591 1567 reddere
1611 1524 1741 1582 :(Cui

347 1598 541 1643 debitam
552 1598 569 1638 ’ἰ
586 1594 720 1650 fideli,
740 1594 842 1655 quia
858 1595 1099 1652 promeruit
1116 1593 1234 1637 illam
1249 1609 1325 1654 per
1344 1593 1519 1652 fidem.)
1540 1594 1616 1638 sed
1638 1594 1742 1655 quia

345 1670 436 1730 ipsa
463 1668 569 1712 fides
601 1667 738 1726 gratia
761 1674 823 1709 est
845 1686 856 1723 3
881 1674 923 1708 et
949 1664 1037 1709 vita
1055 1673 1217 1708 aeterna
1241 1665 1376 1724 gratia
1399 1675 1462 1709 est
1484 1681 1562 1724 pro
1585 1666 1736 1725 gratia.

406 1742 463 1784 X.
491 1738 605 1783 Audi
637 1736 821 1781 Paulum
854 1735 1101 1796 apostolum
1137 1736 1418 1781 confitentem
1448 1736 1656 1795 gratiam,
1697 1745 1742 1781 et

348 1821 497 1872 postea
520 1809 719 1853 debitum
750 1817 1039 1867 expetentem.
1066 1808 1292 1852 Confessio
1310 1808 1458 1867 gratiae
1487 1824 1587 1867 quae
1612 1817 1674 1852 est
1696 1808 1742 1853 in

347 1882 510 1928 Paulo?
542 1900 561 1922 «
588 1880 673 1932 Qui
697 1879 815 1938 prius
839 1877 901 1922 fui
924 1879 1202 1938 blasphemus
1220 1914 1231 1934 ,
1271 1889 1313 1923 et
1336 1888 1586 1939 persecutor
1608 1888 1651 1923 et
1671 1879 1740 1923 in-

352 1973 371 1995 »
403 1953 592 2013 juriosus
613 1970 621 1994 z
639 1950 713 1993 sed
738 1949 1092 2004 misericordiam,
1114 1950 1272 2009 inquit,
1290 1959 1549 1994 consecutus
1570 1952 1738 1993 surm.»

351 2023 589 2082 Indignum
610 2036 653 2064 se
673 2020 780 2063 dixit
802 2019 877 2079 qui
900 2030 1240 2079 consequeretur
1260 2039 1268 2064 ε
1291 2030 1573 2065 consecutum
1595 2030 1743 2064 tamen

350 2110 440 2138 non
463 2108 540 2152 per
559 2092 709 2135 merita
727 2106 818 2145 sua,
837 2089 912 2134 sed
929 2106 1004 2149 per
1020 2091 1357 2135 misericordiam
1377 2091 1466 2134 Dei.
1483 2090 1599 2135 Audi
1617 2090 1744 2135 illum

344 2167 435 2226 jam
460 2165 729 2223 flagitantem
748 2161 947 2206 debitum
968 2197 978 2216 ,
1000 2162 1076 2221 qni
1093 2178 1217 2221 prmo
1239 2161 1481 2206 indebitam
1499 2172 1744 2222 susceperat

352 2236 533 2294 gratiam
561 2254 569 2278 ς
599 2254 616 2275 «
644 2236 735 2291 Ego
759 2233 872 2276 enim
890 2267 901 2288 ,
942 2232 1110 2292 inquit,
1132 2233 1222 2292 jam
1251 2232 1478 2288 immolor,
1504 2243 1548 2278 et
1572 2242 1743 2293 tempus

354 2326 373 2347 n
410 2305 682 2351 resolutionis
722 2320 829 2347 meae
871 2304 1003 2347 instat
1036 2322 1043 2347 :
1087 2305 1251 2347 bonum
1289 2313 1509 2348 certamen
1547 2304 1707 2349 certavi
1727 2339 1738 2360 ,

355 2397 374 2419 »
411 2392 584 2422 cursum
603 2374 901 2420 consummavi
922 2409 932 2429 ‚
959 2373 1088 2417 fidem
1112 2375 1274 2417 servavi
1299 2390 1306 2415 :
1335 2373 1389 2418 dc
1416 2384 1571 2418 caetero
1593 2390 1741 2434 respo·

354 2469 373 2490 »
410 2449 487 2492 sita
511 2457 574 2491 cst
597 2447 702 2490 mihi
734 2461 894 2490 corona
920 2444 1113 2505 justitiae.
1143 2463 1162 2485 »
1187 2448 1283 2488 Jam
1315 2444 1514 2488 debitum
1546 2445 1737 2503 flagitat,

345 2520 435 2578 jam
458 2518 657 2561 debitum
686 2516 828 2574 exigit.
854 2518 963 2560 Nam
987 2515 1083 2559 vide
1110 2514 1241 2559 verba
1266 2516 1491 2574 sequentia
1519 2534 1527 2558 :
1553 2534 1572 2556 (t
1597 2517 1738 2568 Quam

363 2623 367 2626 ⁴
404 2612 410 2625 ¹
436 2605 511 2634 hom
547 2603 642 2643 1v22').
667 2619 704 2624 --
728 2600 1143 2643 ²liat»ac.÷;1‚‘2.ctssmn
1180 2612 1199 2640 ι,
1226 2612 1258 2642 ¹7
1297 2618 1333 2622 —-
1360 2599 1370 2621 ἶ
1396 2601 1490 2632 1'lini
1525 2612 1548 2640 ι)
1575 2601 1623 2632 13.
