1819 3301
370 265 415 290 1N
447 261 621 291 JOANNIS
653 260 961 300 EVANGELIUM‚
996 261 1142 289 TnAcT.
1178 264 1237 289 iv.
1397 251 1475 289 431

101 327 230 371 lectio
263 327 488 386 Evangelii
533 328 664 371 verba
697 328 874 371 ,Ioannis
916 326 1131 381 continet,
1170 326 1331 384 primo,
1363 325 1483 385 quod

104 397 374 456 praecipuum
403 406 487 451 est⁷
513 397 758 441 confitentis
780 397 881 456 quia
909 411 998 440 non
1026 396 1117 455 ipse
1147 404 1237 439 erat
1269 395 1479 439 Christus.

105 469 241 510 Tanta
278 476 422 511 autem
445 466 695 510 excellentia
719 475 811 510 erat
834 467 880 509 in
900 469 1089 520 Joanne‚
1123 475 1172 510 ut
1200 474 1342 525 posset
1368 464 1485 509 credi

103 538 301 582 Christus
324 557 332 581 :
358 547 400 581 et
422 538 465 580 in
489 552 540 580 eo
577 537 760 595 probata
782 545 845 580 est
867 536 1086 580 humilitas
1120 539 1232 596 ejus,
1257 537 1357 596 quia
1381 537 1487 579 dixit

104 624 147 652 se
169 624 258 652 non
290 623 379 651 esse
395 642 405 662 ‚
430 622 530 651 cum
554 617 695 666 posset
715 607 832 651 credi
849 624 951 651 esse.
980 611 1095 666 Ergo
1122 628 1140 649 «
1166 611 1258 652 Hoc
1282 617 1345 651 est
1368 606 1488 651 testi-

109 697 129 718 »
164 678 357 722 monium
396 678 574 721 Joannis
590 713 600 733 ‚
625 678 802 737 quando
825 678 1034 721 miserunt
1055 678 1197 721 Judaei
1231 678 1284 721 ab
1313 680 1487 721 16ιό50Μ

109 766 129 789 »
163 747 291 805 lymis
324 748 565 791 sacerdotes
593 757 635 791 et
657 748 826 792 Levitas
847 747 901 790 ad
936 763 1035 790 eum
1053 783 1063 803 ,
1089 757 1139 791 ut
1172 748 1488 806 interrogarent

110 837 129 859 »
165 834 289 873 eum,
313 821 378 862 Tu
396 819 491 877 quis
515 834 558 862 es
573 820 586 844 1
606 820 623 861 Ξ)
649 838 667 859 »
693 821 789 863 Non
808 828 952 862 autem
971 819 1217 872 mitterent,
1243 819 1324 861 nisi
1341 833 1488 861 move-

107 899 256 933 rentur
273 888 522 933 excellentia
543 889 808 933 auctoritatis
834 891 947 949 ejus,
981 890 1081 949 quia
1105 905 1232 933 ausus
1254 899 1317 932 est
1348 889 1490 947 bapti-

107 975 216 1004 zare.
250 962 344 1003 «Et
365 958 584 1003 confessus
607 969 692 1014 est,
718 969 761 1003 et
791 975 881 1004 non
914 961 1100 1018 negavit.
1131 979 1150 1001 »
1178 961 1293 1012 Quid
1316 957 1487 1003 confes-

106 1046 176 1075 sus
198 1032 290 1074 est?
310 1049 330 1073 «
349 1033 404 1074 Et
425 1030 645 1074 confessus
660 1040 723 1073 est
737 1065 746 1083 ,
765 1030 866 1089 quia
889 1046 977 1073 non
997 1045 1092 1073 sum
1108 1045 1185 1087 ego
1204 1030 1440 1074 Christus2.
1468 1048 1486 1069 »

167 1105 240 1145 IV.
273 1121 292 1143 «
333 1105 389 1145 Et
421 1101 799 1159 interrogaverunt
830 1117 930 1144 euin
952 1137 961 1155 ‚
998 1102 1115 1154 Quid
1137 1105 1275 1160 ergo?
1300 1101 1411 1144 Elias
1447 1116 1490 1143 es

110 1190 130 1212 n
166 1181 214 1215 tu
230 1173 278 1215 3?
295 1190 314 1212 »
332 1174 551 1216 Noverant
565 1172 677 1214 enim
697 1171 796 1230 quia
814 1186 1099 1229 praecessurus
1114 1181 1204 1213 erat
1224 1171 1337 1214 Elias
1352 1171 1492 1215 Chris-

107 1250 216 1285 tum.
234 1243 330 1285 Non
348 1241 463 1284 enim
480 1240 609 1284 alicui
627 1240 895 1297 incognitum
915 1249 1004 1283 erat
1022 1256 1182 1283 nomen
1196 1241 1353 1284 Christi
1373 1239 1490 1298 apud

109 1311 298 1354 Judaeos.
326 1314 462 1354 Istum
492 1326 580 1354 non
602 1319 866 1369 putaverunt
894 1325 982 1353 esse
1005 1310 1222 1354 Christum
1252 1330 1260 1353 :
1286 1326 1374 1353 non
1397 1325 1493 1353 om-

107 1381 212 1424 nino
235 1381 455 1426 Christum
477 1396 567 1423 non
585 1395 672 1423 esse
690 1389 938 1423 venturum.
960 1383 1071 1424 Cum
1090 1390 1310 1439 sperarent
1330 1389 1494 1424 ventu-

108 1466 221 1505 rum,
243 1450 301 1494 sic
324 1449 606 1494 offenderunt
626 1449 670 1491 in
692 1458 966 1507 praesentem,
984 1450 1265 1493 offenderunt
1284 1459 1493 1509 tanquam

109 1522 153 1564 in
176 1520 385 1564 humilem
417 1520 620 1578 lapidem.
642 1520 768 1578 Lapis
791 1520 907 1563 enim
929 1519 1000 1563 ille
1022 1520 1164 1564 adhuc
1187 1537 1344 1579 parvus
1373 1530 1464 1564 erat
1479 1556 1489 1575 ‚

106 1593 196 1651 jam
218 1592 394 1651 quidem
413 1591 615 1649 praecisus
637 1589 690 1633 de
713 1599 860 1633 monte
885 1590 977 1633 sine
995 1591 1194 1634 manibus
1222 1610 1229 1634 :
1255 1592 1365 1634 sicut
1393 1590 1496 1634 dicit

112 1661 264 1706 Daniel
280 1661 493 1720 propheta
512 1696 522 1715 ‚
557 1660 715 1703 vidisse
736 1675 778 1703 se
810 1659 999 1718 lapidem
1021 1663 1247 1720 praecisum
1270 1661 1324 1704 de
1346 1670 1495 1705 monte.

109 1732 198 1775 sine
242 1731 459 1775 manibus.
508 1730 592 1774 Sed
638 1729 744 1789 quid
782 1730 1009 1789 sequitur?
1053 1750 1072 1771 «
1112 1734 1169 1774 Et
1210 1731 1343 1775 crevit
1364 1766 1373 1781 ‚
1423 1732 1493 1774 in-

113 1821 133 1843 »
169 1803 288 1862 quit,
307 1801 414 1861 lapis
438 1802 510 1845 ille
526 1837 536 1856 ‚
563 1811 606 1845 et
628 1802 767 1845 factus
797 1810 861 1844 est
883 1817 1005 1845 mons
1028 1817 1211 1860 magnus
1232 1838 1241 1856 ‚
1273 1813 1315 1846 et
1337 1802 1493 1860 imple-

114 1891 134 1914 »
169 1874 231 1918 vit
264 1874 510 1918 universam
528 1872 684 1916 faciem
715 1882 838 1916 terrae
857 1873 888 1915 ⁴.
924 1891 943 1912 n
983 1873 1134 1916 Videat
1170 1887 1271 1930 ergo
1299 1874 1494 1917 Charitas

114 1947 265 1988 Vestra
298 1945 417 2003 quod
456 1943 552 1987 dico
575 1963 583 1987 :
609 1944 805 1988 Christus
839 1952 938 1986 ante
970 1942 1145 1986 Judaeos
1173 1945 1261 2003 jam
1296 1944 1496 2002 praecisus

115 2023 206 2057 erat
227 2013 282 2057 de
305 2023 468 2057 monte.
493 2016 686 2057 Montem
706 2028 887 2069 regnum
908 2012 1003 2056 vult
1022 2012 1202 2070 intelligi
1221 2013 1491 2057 Judaeorum.

117 2084 201 2129 Sed
224 2099 405 2142 regnum
427 2086 449 2127 J
456 2084 679 2128 udaeorum
705 2099 793 2127 non
809 2083 1063 2141 impleverat
1081 2084 1322 2127 universam
1341 2083 1496 2127 faciem

115 2165 255 2200 terrae.
285 2154 393 2199 Inde
419 2155 622 2214 praecisus
644 2164 706 2198 est
727 2154 799 2197 ille
820 2153 948 2212 lapis,
975 2155 1075 2213 quia
1098 2153 1198 2196 inde
1220 2163 1345 2197 natus
1368 2164 1430 2197 est
1452 2155 1497 2196 in

116 2226 342 2286 praesentia
376 2227 600 2269 Dominus.
638 2227 693 2269 Et
728 2240 861 2284 quare
888 2225 977 2268 sine
1006 2224 1236 2267 manibus?
1274 2225 1374 2284 quia
1406 2225 1496 2267 sine

118 2312 246 2355 opere
268 2294 378 2339 virili
400 2296 520 2352 virgo
542 2295 709 2354 peperit
730 2295 948 2339 Christum
965 2296 994 2336 ⁵.
1022 2297 1117 2337 Jam
1141 2310 1242 2352 ergo
1270 2304 1361 2338 erat
1389 2294 1498 2353 lapis

117 2367 190 2411 ille
213 2367 414 2425 praecisus
432 2367 522 2409 sine
550 2367 751 2410 manibus
772 2401 782 2421 ‚
812 2375 911 2409 ante
932 2364 1080 2409 oculos
1103 2368 1127 2408 J
1133 2364 1358 2409 udaeorum
1383 2385 1391 2409 :
1422 2364 1497 2408 sed

118 2437 294 2482 humilis
311 2446 416 2481 erat.
436 2439 534 2482 Non
562 2436 776 2481 immerito
795 2457 805 2494 3
826 2436 926 2496 quia
958 2436 1154 2480 nondum
1176 2445 1367 2480 creverat
1384 2434 1493 2495 lapis

173 2540 181 2555 ¹
212 2537 303 2567 Joan.
335 2547 361 2576 1,
392 2545 442 2576 19.
475 2551 516 2557 —
543 2534 655 2566 ²1bid.
676 2543 730 2566 20.
752 2550 791 2556 —-
812 2531 925 2565 31bid.
957 2541 1011 2564 21.
1045 2549 1083 2555 -
1101 2531 1116 2562 4
1136 2535 1211 2565 Dan.
1242 2544 1279 2574 11,
1301 2531 1355 2574 34,
1383 2532 1436 2565 35.
1457 2549 1498 2555 -

120 2589 135 2614 5
149 2592 225 2623 Luc.
246 2601 270 2631 1,
296 2589 348 2631 34.
1457 2591 1465 2598 ’
