1819 3301
335 265 472 292 SERMO
505 267 664 293 DOMINI
698 267 740 292 m
775 266 951 303 MONTE,
987 265 1068 291 Lm.
1106 267 1134 291 1.
1346 257 1426 293 189

0 336 3 358 f
43 332 134 375 nias
157 339 325 390 paratos
348 331 477 375 fuisse
510 346 638 391 aequo
656 331 799 374 animo
818 329 999 374 tolerare
1022 329 1239 389 quidquid
1262 332 1318 373 eis
1342 332 1427 374 im-

44 402 179 461 probe
194 401 344 445 fuisset
364 402 596 460 ingestum.
621 401 704 446 Sed
723 401 843 445 verbi
862 402 994 459 gratia
1013 400 1177 445 dictum
1194 410 1395 460 putamus
1414 420 1422 444 ε

49 490 69 513 «
103 470 223 515 Vade
246 486 346 515 cum
374 486 424 514 eo
447 470 528 514 alia
561 470 679 514 duo?
707 489 726 511 »
753 487 807 514 an
830 471 910 514 tria
932 470 1139 530 compleri
1162 470 1315 525 voluit,
1341 486 1429 530 quo

0 588 1 591 ,
45 554 227 585 numero
263 540 577 599 significaretur
612 539 853 599 perfecti03
884 550 933 584 ut
964 540 1210 585 meminerit
1246 540 1429 600 quisque

45 627 144 656 cum
167 612 249 655 hoc
286 609 416 666 facit,
444 609 680 670 perfectam
703 626 746 654 se
781 610 962 670 implere
989 612 1200 670 justitiam
1219 646 1229 666 ,
1262 611 1428 655 miseri-

44 681 232 726 corditer
262 680 523 740 perferendo
550 681 822 724 infirmitates
854 696 1003 725 eorum
1043 698 1150 740 quos
1183 681 1278 725 vult
1305 697 1430 725 sanos

44 752 165 796 fieri?
187 756 332 796 Potest
360 751 495 796 videri
518 761 745 811 propterea
783 751 913 795 etiam
946 752 1086 796 tribus
1109 751 1315 811 exemplis
1339 752 1433 796 haec

0 850 1 885 3
46 832 261 882 praecepta
292 822 531 866 insinuasse
562 834 783 882 :quorum
807 822 994 881 primum
1032 831 1120 876 est,
1147 823 1179 865 si
1213 823 1310 881 quis
1333 838 1433 881 per-

0 903 1 933 }
47 893 225 937 cusserit
246 893 290 936 in
313 891 556 949 maxillam3
589 891 829 936 secundum
853 927 863 947 ‚
889 893 922 936 si
944 892 1039 951 quis
1067 893 1257 937 tunicam
1283 892 1435 936 tollere

0 989 1 1013 ;
47 963 261 1019 voluerit3
296 963 473 1006 tertium
492 997 502 1017 ,
527 963 560 1006 si
595 963 691 1022 quis
713 961 830 1006 mille
859 978 1005 1021 passus
1039 964 1324 1022 angariaverit
1356 982 1364 1008 ε
1390 963 1435 1006 in

47 1048 135 1092 quo
163 1033 290 1076 tertio
321 1031 517 1091 exemplo
553 1031 710 1091 simplo
727 1031 913 1091 duplum
944 1032 1150 1088 additur,
1183 1042 1233 1077 ut
1255 1033 1436 1092 triplum

48 1102 330 1162 compleatur.
350 1103 435 1155 Qui
459 1117 664 1146 numerus
691 1102 885 1146 hocloco
901 1103 933 1146 si
953 1119 1057 1157 non,
1076 1112 1124 1146 ut
1146 1104 1312 1147 dictum
1341 1112 1403 1146 est
1423 1137 1433 1158 ‚

30 1174 317 1232 significabat
338 1173 650 1232 perfectionem
675 1194 685 1230 3
710 1171 818 1216 illud
842 1174 1077 1232 accipiatur
1094 1209 1105 1229 ,
1125 1173 1244 1233 quod
1267 1174 1309 1216 in
1332 1190 1441 1232 prae-

0 1293 2 1305 s
49 1243 249 1303 cipiendo
272 1253 480 1303 tanquam
501 1243 770 1287 tolerabilius
788 1243 996 1302 incipiens
1012 1243 1222 1303 paulatim
1237 1244 1435 1298 creverit,

50 1315 188 1359 donec
218 1315 462 1374 perveniret
501 1330 640 1374 usque
669 1313 722 1357 ad
751 1313 936 1373 duplum
961 1315 1078 1359 aliud
1109 1314 1435 1374 perferendum.

49 1387 156 1430 Nam
179 1385 319 1443 primo
344 1385 523 1441 praeberi
544 1383 683 1428 voluit
706 1383 886 1427 alteram
906 1384 1125 1428 maxillam
1147 1420 1156 1440 ‚
1181 1401 1286 1429 cum
1309 1384 1441 1428 suerit

51 1454 199 1498 dextra
218 1470 417 1514 percussa
438 1490 448 1507 7
474 1464 523 1498 ut
544 1455 686 1498 minus
709 1454 900 1513 perferre
923 1464 1101 1513 paratus
1122 1455 1175 1499 sis
1198 1471 1328 1515 quam
1347 1470 1442 1513 per-

51 1524 202 1568 tulisti.
227 1524 452 1584 Quidquid
474 1524 589 1568 enim
628 1524 803 1568 dextera
840 1524 1078 1581 siguificat,
1113 1534 1156 1568 et
1185 1526 1357 1569 charius
1380 1534 1441 1569 est

51 1594 203 1654 utique
220 1609 351 1654 quam
383 1594 426 1636 id
444 1594 564 1653 quod
592 1594 759 1637 sinistra
783 1594 994 1651 significat
1026 1614 1033 1638 :
1053 1604 1096 1638 et
1121 1595 1253 1654 quiin
1272 1610 1316 1638 re
1335 1596 1440 1653 cha-

52 1664 164 1708 riore
181 1663 347 1724 aliquid
362 1663 556 1722 pertulit,
577 1663 667 1707 siet
686 1664 730 1706 in
757 1663 909 1707 viliore
941 1663 1156 1723 perferat,
1183 1665 1324 1708 minus
1357 1674 1437 1708 est.

52 1733 219 1778 Deinde
236 1732 300 1777 illi
314 1734 390 1793 qui
413 1733 604 1776 tunicam
620 1733 715 1777 vult
737 1732 904 1788 tollere,
925 1734 1052 1792 jubet
1067 1743 1110 1777 et
1128 1735 1437 1778 vestimentum

54 1804 214 1847 remitti
233 1822 240 1847 :
262 1802 380 1863 quod
396 1812 471 1846 aut
487 1801 758 1846 tantumdem
774 1811 860 1857 est,
876 1813 950 1846 aut
966 1818 1054 1847 non
1072 1803 1212 1847 multo
1234 1804 1441 1862 aniplius3

55 1890 143 1918 non
176 1884 321 1918 tamen
358 1873 558 1933 duplum.
595 1873 739 1917 Tertio
773 1872 827 1916 de
866 1873 982 1917 mille
1020 1874 1213 1933 passibus
1231 1909 1242 1930 ‚
1283 1875 1444 1934 quibus

57 1944 256 1989 addenda
278 1943 383 1989 dicit
405 1944 493 1988 duo
516 1943 648 1988 millia
666 1979 677 1999 ‚
703 1960 841 2003 usque
864 1944 919 1987 ad
941 1944 1125 2004 duplum
1149 1944 1267 1988 aliud
1298 1944 1443 2004 perfe-

57 2030 123 2059 ras
136 2015 264 2075 jubet
286 2034 295 2060 ι
322 2016 382 2059 ita
405 2015 666 2073 significans,
687 2014 775 2059 sive
796 2013 1021 2074 aliquanto
1046 2015 1187 2058 minus
1204 2030 1337 2074 quam
1355 2017 1444 2074 jam

58 2085 165 2140 fuit,
188 2086 275 2130 sive
298 2085 595 2139 tantumdem,
621 2086 708 2130 sive
731 2084 915 2144 amplius
937 2086 1121 2145 quisque
1155 2085 1380 2145 improbus
1402 2086 1448 2129 in

60 2164 103 2200 te
120 2171 209 2201 esse
230 2155 441 2212 voluerit,
466 2171 594 2216 aequo
617 2157 761 2201 animo
777 2155 1054 2201 tolerandum
1073 2171 1177 2200 esse.
