1819 3301
381 287 664 321 Qt'ffiximstu
698 287 1058 324 EVANGELIORUM‚
1095 289 1175 314 Lm.
1214 290 1259 314 11.
1429 277 1507 316 341

131 365 239 409 que,
265 351 367 410 quia
390 352 470 395 sub
500 355 613 410 Lege
641 351 948 396 detinebantur
970 368 1068 412 quae
1103 368 1175 411 per
1205 355 1387 410 Moysen
1417 354 1517 399 data

131 429 219 474 cst,
251 421 326 479 qui
347 420 478 464 libros
502 421 696 480 quinque
720 422 984 481 conscripsit.
1020 421 1148 475 Quod
1175 438 1277 467 vcro
1306 425 1517 467 Lazarum

131 491 238 550 petit
260 491 373 534 mitti
396 491 450 534 ad
474 490 628 534 fratres
650 508 776 546 suos,
803 493 933 536 sensit
955 509 998 537 se
1019 493 1172 552 utique
1193 492 1424 551 indignum
1442 495 1519 554 qui

131 561 423 604 testimonium
442 561 667 619 perhibeat
684 562 867 605 veritati.
901 566 955 606 Et
971 562 1073 621 quia
1100 579 1188 606 non
1213 563 1519 622 impetraverat

131 629 362 689 paululum
391 645 434 674 se
466 631 728 689 refrigerari,
761 630 902 676 multo
936 632 1079 675 minus
1111 631 1248 676 credit
1276 632 1453 677 relaxari
1474 649 1518 677 se

131 701 317 758 posseab
332 699 476 744 inferis
495 701 549 744 ad
567 700 918 759 praedicationem
935 702 1138 745 veritatis.
1159 701 1287 754 Quod
1300 703 1520 747 Abraham

132 769 238 814 dicit
262 790 270 814 :
294 771 369 814 «Si
393 769 546 813 volunt
568 770 763 826 credere,
790 771 955 815 habent
977 774 1158 829 Moysen
1173 781 1215 816 et
1233 773 1516 831 Prophetas,»

132 855 220 883 non
238 840 339 883 istos
356 840 592 898 Evangelio
610 842 865 900 praeposuit3
886 840 960 885 sed
975 839 1074 901 quia
1095 841 1396 900 Evangelium‚
1409 842 1521 886 sicut

130 910 236 954 dicit
258 911 488 970 Apostolus
502 947 512 965 ‚
534 912 830 956 testimonium
851 913 985 956 habet
1008 928 1030 956 a
1055 915 1167 969 Lege
1185 922 1227 956 et
1246 913 1513 972 Prophetis¹‚

131 980 213 1024 illis
238 981 454 1025 credendo
476 997 599 1040 posse
621 998 692 1026 eos
720 983 931 1040 significat
959 981 1013 1026 ad
1044 982 1328 1041 Evangelium
1361 998 1517 1042 perve-

133 1052 241 1095 nire.
283 1053 402 1096 Sicut
425 1052 508 1096 alio
530 1053 626 1097 loco
649 1054 738 1112 ipse
764 1054 971 1097 Dominus
1003 1054 1108 1097 dicit
1138 1073 1145 1098 ε
1181 1072 1199 1094 «
1223 1055 1262 1098 Si
1288 1054 1519 1098 crederetis

138 1142 155 1163 »
190 1122 356 1179 Moysi,
381 1123 610 1166 crederetis
634 1132 676 1166 et
698 1124 803 1167 mihi
833 1142 840 1167 :
867 1123 940 1166 ille
960 1124 1074 1166 enim
1093 1123 1147 1166 de
1170 1138 1237 1165 nie
1254 1124 1422 1182 scripsit
1440 1127 1472 1167 ².
1495 1141 1515 1165 »

134 1193 329 1252 Denique
362 1194 417 1236 ad
446 1194 528 1236 hoc
558 1193 746 1252 pertinet
778 1193 898 1253 quod
929 1195 1058 1237 etiam
1087 1202 1233 1252 postea
1265 1193 1370 1237 dicit
1395 1213 1403 1238 ε
1435 1194 1520 1238 «Si

137 1281 155 1303 »
190 1265 369 1319 Moysen
385 1272 427 1306 et
444 1264 680 1322 Prophetas
699 1279 788 1307 non
806 1263 1005 1318 audiunt,
1023 1279 1164 1323 neque
1181 1264 1214 1307 si
1229 1263 1325 1323 quis
1342 1279 1393 1307 ex
1406 1279 1523 1307 mor-

136 1350 155 1373 »
192 1333 275 1376 tuis
298 1333 576 1377 resurrexerit
595 1333 797 1377 credent3
818 1353 826 1377 ;
850 1333 986 1393 »quia
1000 1349 1100 1377 eum
1117 1334 1521 1393 praenuntiaverunt

133 1406 314 1462 Moyses*
331 1413 374 1447 et
396 1404 625 1463 Prophetee
657 1404 732 1463 qui
759 1405 942 1448 surrexit
969 1421 991 1448 a
1019 1405 1200 1448 mortuis
1217 1440 1227 1458 ,
1262 1405 1344 1448 hoc
1377 1405 1519 1463 ipsum

133 1475 261 1517 etiarn
286 1475 340 1518 dc
363 1474 437 1518 illo
460 1474 579 1534 quod
601 1485 918 1519 resurrecturus
941 1484 1049 1519 esset
1079 1491 1101 1518 a
1125 1475 1306 1519 mortuis
1324 1510 1334 1529 ‚
1361 1476 1521 1535 quibus

133 1560 222 1587 non
255 1544 473 1598 credendo
507 1546 658 1604 utique
680 1561 759 1589 nec
781 1545 953 1590 Christo
974 1545 1129 1589 volunt
1152 1545 1340 1589 credere.
1377 1545 1518 1590 Multo

133 1615 275 1658 minus
297 1630 400 1673 ergo
423 1613 602 1658 cuilibet
634 1624 810 1673 possunt
832 1615 1007 1659 credere
1028 1615 1103 1675 qui
1126 1631 1149 1659 a
1172 1616 1353 1659 mortuis
1376 1631 1519 1659 resur-

134 1685 288 1727 rexerit
304 1720 314 1738 ,
356 1685 532 1743 quando
566 1685 602 1727 ei
632 1701 719 1727 non
753 1684 939 1728 credunt
957 1719 967 1739 ,
1003 1686 1124 1743 cujus
1162 1686 1520 1729 resurrectionem

133 1758 302 1812 Moyses
312 1764 351 1799 et
364 1758 590 1814 Prophetae
605 1755 966 1814 praedicaverunt,
982 1756 1141 1816 quibus
1157 1755 1332 1800 credere
1346 1756 1518 1800 nolunt.

194 1827 244 1868 V.
272 1825 409 1868 Aliter
430 1826 555 1868 etiarn
581 1825 764 1883 intelligi
788 1835 929 1883 potest
949 1827 1028 1869 ista
1051 1826 1253 1880 narratio,
1275 1836 1324 1870 ut
1346 1842 1423 1885 per
1444 1833 1523 1870 La-

133 1911 279 1939 zarum
310 1897 542 1938 Dominum
572 1896 799 1952 significari
827 1897 1110 1954 accipiamus⁷
1140 1898 1355 1956 jacentem
1380 1897 1432 1940 ad
1453 1899 1522 1957 ja-

133 1981 263 2009 nuam
279 1965 392 2008 illius
406 1965 562 2015 divitis,
576 1966 674 2024 quia
685 1981 728 2008 se
737 1964 790 2008 ad
801 1981 922 2009 aures
935 1966 1522 2024 superbissimas]udaeorum

134 2035 441 2079 incarnationis
454 2035 697 2078 humilitate
710 2036 866 2095 dejecit
883 2051 891 2076 ε
908 2036 1122 2094 «Cupiens
1134 2036 1315 2079 saturari
1330 2036 1384 2079 de
1400 2037 1522 2080 micis

142 2126 158 2147 »
195 2121 293 2164 quae
316 2105 531 2149 cadebant
554 2106 608 2148 de
639 2120 784 2148 mensa
808 2104 979 2148 divitis⁴
995 2140 1005 2159 ‚
1026 2124 1044 2145 »
1072 2121 1270 2165 quaerens
1301 2106 1354 2148 ab
1377 2106 1434 2149 eis
1453 2106 1523 2150 vel

138 2176 318 2219 minima
354 2190 482 2233 opera
510 2175 713 2233 justitiae,
747 2191 846 2234 quae
877 2191 966 2218 suae
1000 2190 1180 2229 mensae,
1205 2176 1289 2218 hoc
1316 2185 1400 2229 est,
1433 2191 1522 2219 suae

136 2245 337 2304 potestati
360 2260 436 2303 per
459 2244 702 2302 superbiam
726 2261 814 2288 non
836 2253 1128 2321 usurparent,
1153 2260 1251 2304 quae
1279 2260 1407 2321 opera
1438 2246 1521 2289 mi-

134 2315 377 2359 sericordiae
399 2324 528 2374 atque
550 2314 828 2368 humilitatis,
855 2314 1051 2373 quamvis
1074 2313 1413 2358 m1n1mactsine
1431 2315 1520 2359 dis-

136 2387 294 2446 ciplina
330 2395 371 2429 et
405 2387 719 2444 perseverantia
742 2387 840 2429 vitae
863 2387 1014 2439 bonae,
1041 2385 1191 2429 saltem
1213 2385 1432 2429 interdum
1456 2386 1526 2431 vel

137 2473 236 2501 casu
259 2457 474 2509 f‚acerent
501 2456 610 2499 sicut
633 2456 753 2499 micae
777 2456 830 2498 de
855 2471 999 2498 mensa
1022 2454 1174 2499 cadere
1195 2454 1347 2499 solent.
1371 2456 1523 2500 Ulcera

137 2527 354 2588 passiones
369 2536 469 2570 sunt
482 2526 712 2570 Dominiex
724 2526 974 2570 infirmitate
991 2541 1061 2570 car
1065 2527 1144 2579 nis,
1159 2542 1288 2586 quam
1306 2542 1383 2586 pro
1396 2527 1521 2572 nobis

191 2619 199 2635 ¹
222 2614 311 2645 Rom.
332 2624 381 2653 111,
397 2621 449 2646 21.
470 2629 511 2635 -
533 2619 544 2635 ²
561 2615 652 2645 Joan.
674 2623 707 2653 v,
727 2611 781 2654 46.
800 2628 842 2635 -
862 2610 875 2636 3
890 2613 968 2644 Luc.
986 2622 1053 2652 xw,
1073 2611 1126 2644 31.
1148 2609 1216 2641 -4
1233 2611 1314 2644 Ibid.
1337 2620 1392 2644 21.
