1819 3301
333 273 415 312 424
776 288 807 314 s.
846 286 1075 313 Aeovsmm
1111 286 1290 313 artscorl

332 355 381 395 Iu
405 352 619 412 principio
647 361 738 396 erat
762 351 955 395 Verbum
994 351 1090 411 quis
1113 351 1368 411 explicabit?
1407 354 1567 395 Tenete
1588 366 1718 409 ergo,

331 421 505 477 fratres,
529 421 790 467 soliditatem
813 422 953 465 istam.

388 496 509 538 XVI.
540 512 559 534 «
591 496 673 535 Lex
693 507 769 551 per
788 495 970 550 Moysen
998 491 1099 537 data
1127 501 1217 538 est:
1241 493 1386 537 Gratia
1403 502 1445 537 et
1463 492 1619 536 veritas
1647 507 1724 552 per

333 583 354 607 »
390 567 538 608 ,Iesum
561 564 782 608 Christum
807 562 918 608 faeta
942 573 1018 608 est.
1049 583 1068 606 »
1096 568 1176 608 Per
1203 580 1374 608 servum
1399 568 1487 607 Lex
1507 564 1606 608 data
1631 573 1720 619 est,

332 651 426 681 reos
454 634 559 679 fecit
586 655 594 679 ε
626 651 704 694 per
741 639 1053 695 Imperatorem
1082 636 1354 695 indulgentia
1387 635 1486 680 data
1514 645 1603 690 est,
1633 651 1726 679 reos

332 706 548 751 liberavit.
590 725 609 747 α
636 709 723 749 Lex
746 722 823 765 per
852 710 1033 764 Moysen
1052 706 1152 751 data
1177 717 1255 751 est.
1285 726 1304 748 »
1337 710 1436 751 Non
1459 707 1539 750 sibi
1561 706 1728 766 aliquid

333 777 518 836 amplius
542 792 690 821 servus
713 778 921 836 assignet,
938 792 1069 837 quam
1090 776 1209 837 quod
1227 793 1304 837 per
1321 777 1445 820 illum
1468 777 1627 820 factum
1647 785 1725 821 est.

337 848 516 893 Electus
546 847 601 891 ad
634 863 841 907 magnum
866 848 1152 891 ministerium
1178 858 1385 907 tanquam
1414 847 1554 891 fidelis
1586 847 1630 890 in
1651 846 1731 892 do-

334 936 430 975 mo,
457 918 532 963 sed
562 929 708 963 tamen
735 935 904 974 servus,
941 935 1068 977 agere
1108 919 1350 963 seeundum
1377 921 1536 977 Legem
1560 927 1727 978 potest7

336 989 501 1034 solvere
523 1005 546 1032 a
569 999 692 1033 reatu
721 989 845 1046 Legis
867 992 957 1032 non
982 998 1135 1047 potest.
1163 1008 1179 1028 «
1205 992 1292 1032 Lex
1326 1004 1428 1047 ergo
1453 1004 1526 1048 per
1550 990 1732 1046 Moysen

341 1079 361 1101 »
398 1060 498 1104 data
538 1068 624 1115 est,
659 1058 806 1103 Gratia
836 1069 879 1103 et
909 1060 1065 1103 veritas
1093 1075 1169 1119 per
1202 1062 1348 1103 Jesum
1373 1059 1595 1103 Christum
1619 1058 1733 1103 faeta

338 1149 359 1172 »
396 1140 475 1174 est.
502 1149 522 1171 »

397 1203 541 1244 XVII.
562 1203 619 1244 Et
640 1214 695 1243 ne
711 1200 822 1243 forte
845 1198 1000 1259 aliquis
1019 1199 1136 1244 dieat
1150 1235 1161 1255 ,
1182 1203 1238 1244 Et
1254 1200 1386 1258 gratia
1406 1209 1449 1243 et
1467 1193 1622 1243 Veritas
1646 1214 1734 1243 non

339 1280 403 1315 est
425 1270 539 1315 faeta
561 1285 638 1330 per
656 1273 839 1327 Moysen
855 1304 866 1324 ,
902 1269 979 1329 qui
1001 1269 1111 1313 vidit
1146 1272 1310 1314 Deum?
1343 1270 1495 1314 Statim
1525 1269 1733 1329 subjecit,

345 1362 365 1384 «
401 1345 541 1385 Deum
574 1356 704 1385 nemo
725 1340 835 1384 vidit
858 1356 1068 1400 unquam.
1099 1360 1117 1381 »
1152 1344 1209 1385 Et
1235 1341 1349 1385 unde
1374 1341 1567 1384 innotuit
1596 1341 1738 1398 Moysi

343 1414 490 1457 Deus?
515 1411 625 1464 Quia
648 1411 855 1455 revelavit
876 1426 999 1455 servo
1019 1427 1097 1455 suo
1120 1412 1343 1455 Dominus.
1372 1412 1474 1465 Quis
1497 1412 1737 1456 Dominus?

346 1486 444 1542 Ipse
467 1482 687 1537 Christus,
718 1483 792 1541 qui
829 1481 1036 1540 praemisit
1072 1484 1232 1540 Legem
1258 1498 1332 1541 per
1365 1497 1558 1537 servum,
1594 1491 1644 1525 ut
1664 1497 1740 1525 ve-

347 1556 460 1599 niret
495 1555 587 1614 ipse
625 1569 726 1598 cum
757 1554 892 1613 gratia
932 1562 975 1596 et
1011 1555 1206 1597 veritate.
1244 1572 1264 1595 «
1288 1554 1429 1597 Deum
1471 1554 1585 1596 enim
1610 1568 1739 1597 nemo

349 1645 368 1667 »
405 1624 514 1670 vidit
546 1640 758 1684 unquam.
801 1643 820 1666 »
853 1627 910 1668 Et
944 1623 1064 1667 unde
1092 1624 1155 1667 illi
1193 1640 1315 1669 servo
1338 1635 1552 1684 quantum
1588 1639 1741 1683 capere

345 1705 489 1756 posset
506 1695 739 1756 apparuit?
765 1694 849 1739 Sed
876 1714 895 1735 «
923 1696 1203 1753 Unigenitus,
1229 1696 1395 1755 inquit,
1424 1695 1559 1739 Filius
1582 1695 1659 1755 qui
1679 1703 1744 1739 est

349 1785 370 1808 »
405 1766 451 1810 in
484 1766 575 1809 sine
607 1765 764 1819 Patris,
789 1765 879 1824 ipse
908 1766 1165 1809 enarravit¹.
1197 1784 1215 1806 »
1242 1765 1358 1818 Quid
1392 1774 1484 1809 est:
1511 1785 1529 1806 «
1564 1767 1616 1808 In
1645 1765 1743 1808 sinu

349 1855 371 1878 »
408 1837 570 1880 Patris?
593 1836 669 1878 »in
687 1844 850 1879 secreto
870 1835 1022 1879 Patris.
1042 1838 1137 1880 Non
1161 1836 1275 1878 enim
1295 1838 1407 1879 Deus
1423 1835 1556 1878 habet
1579 1835 1740 1890 sinum,

348 1907 460 1950 sieut
483 1921 560 1950 nos
594 1895 805 1949 habemus
827 1905 872 1948 in
893 1905 1110 1960 vestibus,
1133 1915 1208 1949 aut
1229 1905 1488 1964 cogitandus
1511 1915 1573 1949 est
1595 1905 1654 1949 sie
1675 1921 1742 1949 se-

351 1977 453 2020 dere
475 1975 698 2036 quomodo
729 1990 807 2019 nos
828 2010 838 2029 ,
865 1985 939 2019 aut
960 1974 1073 2019 forte
1097 1977 1263 2020 cinctus
1286 1986 1348 2019 est
1371 1985 1419 2019 ut
1441 1976 1583 2019 sinum
1608 1976 1745 2019 habe-

350 2057 416 2092 ret
443 2066 451 2093 :
473 2046 547 2090 sed
570 2046 671 2106 quia
696 2047 813 2090 sinus
831 2054 977 2089 noster
992 2046 1109 2090 intus
1132 2056 1211 2101 est,
1237 2056 1451 2090 secretum
1471 2046 1604 2090 Patris
1627 2047 1745 2091 sinus

352 2118 489 2162 Patris
513 2127 708 2161 vocatur.
744 2119 795 2159 In
815 2124 983 2161 secreto
1021 2117 1155 2159 Patris
1180 2117 1254 2175 qui
1288 2120 1458 2159 Patrem
1478 2116 1625 2170 novit⁷
1655 2117 1747 2176 ipse

353 2188 583 2232 enarravit.
605 2189 713 2232 Nam
745 2206 764 2228 «
791 2189 928 2230 Deum
952 2201 1080 2229 nemo
1104 2186 1212 2230 vidit
1235 2202 1445 2246 unquam.
1477 2206 1494 2228 >›
1524 2191 1619 2245 lpse
1643 2202 1746 2244 ergo

353 2260 504 2313 venit,
547 2267 591 2302 et
626 2257 814 2301 narravit
850 2256 1065 2317 quidquid
1097 2257 1221 2301 vidit.
1248 2257 1366 2310 Quid
1398 2256 1507 2302 vidit
1539 2260 1747 2315 Moyses?

355 2334 528 2388 Moyses
548 2328 658 2373 vidit
675 2329 839 2372 nubem
856 2363 866 2383 ,
887 2327 995 2372 vidit
1013 2328 1245 2386 Angelum,
1273 2328 1381 2372 vidit
1403 2330 1546 2387 iguem
1572 2348 1580 2373 z
1607 2330 1747 2374 omnis

356 2401 430 2444 illa
453 2409 648 2444 creatura
678 2409 741 2443 est
766 2420 774 2444 ;
800 2410 957 2460 typum
979 2398 1152 2443 Domini
1181 2399 1247 2442 sui
1268 2401 1470 2456 gerebat,
1497 2415 1583 2443 uon
1615 2400 1749 2457 ipsius

356 2470 532 2515 Domini
565 2470 839 2529 praesentiam
869 2470 1116 2513 exhibebat.
1142 2471 1340 2528 Namque
1374 2479 1521 2528 aperte
1545 2470 1677 2514 habes
1701 2471 1748 2514 in

360 2544 501 2599 Lege:
527 2559 546 2581 «
575 2543 631 2584 Et
659 2541 925 2600 loquebatur
948 2543 1118 2597 Moyses
1151 2555 1253 2585 cum
1279 2542 1464 2585 Domino
1481 2575 1492 2594 ‚
1529 2551 1679 2585 eontra
1703 2542 1748 2584 in

414 2633 421 2647 ¹
441 2628 531 2656 Joan.
551 2635 574 2665 1,
596 2626 646 2658 18.
