1819 3301
364 289 409 315 ΙΝ
442 287 615 319 ποΑΝΝῐε
650 291 962 330 ΕνΑικ-ςῐῑηωῐ,
998 293 1144 320 amer.
1182 296 1228 320 H.
1405 285 1486 324 405

105 361 315 396 montem.
334 353 461 409 Erige
479 364 623 398 autem
649 365 687 399 te
706 357 759 400 ad
782 356 924 412 illum,
942 359 1018 416 qui
1038 357 1257 402 illuminat
1273 369 1483 417 montem,

106 422 181 481 qui
203 421 256 464 ad
280 422 361 465 hoc
384 432 550 467 erectus
569 434 631 468 cst
647 460 657 479 ,
682 435 732 469 ut
758 427 874 485 prior
898 426 1037 471 radios
1057 428 1261 487 excipiat,
1286 438 1330 473 et
1352 430 1486 473 oculis

106 493 191 535 tuis
210 492 396 535 nuntiet.
424 495 539 550 Ergo
566 512 585 534 «
606 498 702 539 Non
725 505 817 539 erat
832 495 905 539 ille
922 496 1090 541 lumen.
1119 515 1140 538 »

170 563 241 604 VI.
268 563 410 612 Quare
430 560 561 619 igitur
576 564 724 607 venit?
745 584 763 605 «
793 564 876 608 Sed
899 574 947 608 ut
966 567 1259 610 testimonium
1281 568 1488 626 perhibe-

109 648 130 673 »
165 639 231 673 ret
254 629 308 673 de
336 630 516 675 lumine.
546 649 566 672 »
604 635 659 676 Ut
681 632 788 692 quid
810 634 925 678 hoc?
951 653 970 675 «
1008 636 1063 678 Ut
1094 651 1243 680 omnes
1264 637 1492 681 crederent

109 718 130 742 »
164 715 242 759 per
262 699 432 744 illum.»
455 704 511 745 Et
533 702 587 745 de
606 717 694 761 quo
710 701 876 746 lumine
900 704 1193 748 testimonium
1211 706 1490 764 perhiberet?

111 789 128 811 «
166 772 270 813 Erat
296 769 370 813 lux
391 785 507 814 vera.
535 789 555 812 »
590 774 733 824 Quare
756 771 953 815 additum
988 783 1080 828 est,
1120 793 1139 815 «
1166 777 1307 818 Vera?
1333 794 1351 816 »
1383 776 1491 827 Quia

107 847 150 882 et
171 839 302 883 homo
325 838 592 884 illuminatus
610 840 770 885 dicitur
790 840 881 896 lux,
906 841 981 885 sed
1004 857 1103 886 vera
1126 843 1200 886 lux
1220 843 1291 887 illa
1315 853 1377 887 est
1391 859 1490 903 quae

106 907 339 951 illuminat.
360 911 467 953 Nam
486 917 528 952 et
551 909 665 953 oculi
687 911 821 953 nostri
839 910 1046 955 dicuntur
1063 911 1228 955 lumina
1247 932 1255 956 :
1279 921 1321 955 et
1345 922 1490 956 tamen

107 977 187 1021 nisi
208 986 283 1021 aut
302 992 377 1036 per
401 987 573 1023 noctem
594 978 771 1023 lucerna
792 980 1056 1024 accendatur
1073 1016 1083 1035 ,
1106 991 1179 1024 aut
1197 997 1273 1040 per
1295 982 1410 1025 diem
1427 981 1491 1025 sol

107 1056 228 1091 exeat
243 1081 253 1101 ‚
282 1046 447 1091 lumina
470 1047 549 1091 ista
570 1049 660 1091 sine
684 1064 812 1093 causa
835 1059 1000 1108 patent.
1026 1051 1093 1094 Sic
1117 1065 1217 1107 ergo
1239 1061 1282 1094 et
1303 1053 1492 1094 ‚Ioannes

108 1127 199 1162 erat
219 1117 310 1171 lux,
330 1116 402 1161 sed
419 1133 507 1161 non
526 1133 625 1161 vera
640 1118 714 1161 lux
733 1138 741 1163 ε
760 1120 861 1178 quia
884 1135 971 1163 non
991 1119 1260 1164 illuminatus
1280 1121 1488 1174 tenebrae,

108 1187 183 1232 sed
205 1185 521 1230 illuminatione
539 1186 677 1230 factus
692 1197 756 1231 est
777 1187 863 1230 lux.
881 1188 970 1233 Nisi
988 1197 1134 1231 autern
1157 1189 1490 1242 illuminaretur,

108 1256 300 1301 tenehrae
317 1265 428 1309 erat,
452 1257 561 1299 sicut
588 1271 737 1299 omnes
758 1256 906 1314 impii,
933 1256 1091 1315 quibus
1110 1259 1199 1315 jam
1217 1257 1495 1300 credentibus

109 1324 214 1369 dixit
228 1325 480 1383 Apostolus:
497 1344 514 1365 (ι
530 1325 686 1368 Fuistis
701 1324 936 1384 aliquando
952 1325 1158 1368 tenebrae.
1171 1347 1187 1366 »
1200 1326 1332 1370 Modo
1351 1335 1494 1369 autem

110 1395 211 1455 quia
229 1394 504 1438 crediderant
519 1429 529 1448 ,
551 1394 692 1453 quid?
719 1412 737 1435 «
762 1398 887 1438 Nunc
908 1403 1052 1438 autem
1073 1394 1160 1449 lux,
1178 1395 1335 1454 inquit,
1354 1395 1398 1437 in
1416 1399 1498 1439 Do-

116 1485 133 1506 »
151 1464 309 1508 min01.
337 1484 353 1504 »
379 1465 466 1508 Nisi
491 1463 694 1518 adderet,
718 1464 762 1506 in
787 1464 992 1517 Domino,
1026 1479 1115 1507 non
1141 1464 1492 1521 intelligeremus.

113 1537 224 1587 Lux,
250 1533 416 1592 inquit,
437 1533 481 1575 in
512 1533 694 1576 Domino
718 1552 725 1576 :
751 1533 942 1575 tenebrae
966 1548 1051 1575 non
1079 1534 1121 1575 in
1141 1534 1325 1576 Domino
1354 1535 1495 1577 eratis.

113 1604 270 1648 Fuistis
290 1604 404 1645 enim
427 1601 664 1661 aliquando
688 1603 880 1645 tenebrae
904 1622 911 1646 :
937 1603 995 1645 ibi
1017 1616 1105 1645 non
1132 1602 1333 1656 addiditt,
1350 1603 1394 1645 in
1413 1606 1501 1646 Do-

112 1674 248 1717 mino.
265 1675 381 1729 Ergo
404 1672 593 1714 tenebras
620 1672 664 1714 in
684 1672 822 1726 vobis,
840 1672 913 1714 lux
928 1671 972 1714 in
998 1672 1195 1714 Domino.
1220 1673 1287 1715 Sic
1307 1681 1349 1715 et
1376 1691 1394 1713 «
1423 1672 1501 1715 Ille

117 1762 137 1785 »
173 1759 260 1787 non
275 1751 365 1786 erat
378 1741 467 1795 lux,
486 1741 561 1785 sed
581 1752 627 1786 ut
644 1742 942 1785 testimonium
958 1742 1206 1799 perhiberet
1222 1741 1276 1784 de
1288 1741 1498 1802 lumine.»

177 1815 272 1857 VII.
298 1812 383 1855 Ubi
405 1820 548 1854 autem
568 1821 631 1855 est
652 1812 741 1870 ipsa
761 1811 868 1854 lux?
894 1830 913 1851 «
935 1814 1039 1853 Erat
1059 1810 1133 1853 lux
1156 1825 1270 1862 vcra,
1285 1826 1383 1869 quae
1400 1810 1502 1854 illu-

117 1901 138 1924 »
157 1882 292 1925 minat
314 1895 487 1925 omnem
506 1882 725 1924 hominem
743 1881 988 1924 venientem
1011 1879 1056 1922 in
1072 1880 1189 1923 hunc
1210 1880 1496 1923 mundum2.»

121 1953 164 1997 Si
187 1966 361 1996 omnem
384 1950 606 1994 hominem
630 1952 874 1994 venientem
891 1985 902 2004 ,
927 1960 970 1993 et
993 1950 1133 2007 ipsum
1156 1952 1383 1993 Joannem.
1408 1953 1504 2008 Ipse

117 2037 220 2080 ergo
241 2019 515 2063 illuminabat
536 2054 546 2074 ,
573 2036 595 2063 a
625 2036 713 2079 quo
736 2035 778 2063 se
801 2019 1090 2062 demonstrari
1112 2020 1301 2063 volebat.
1337 2019 1504 2062 Intelli-

119 2100 189 2149 gat
224 2090 419 2134 Charitas
454 2092 602 2133 Vestra
626 2109 633 2133 :
654 2089 856 2133 veniebat
875 2089 989 2131 enim
1008 2087 1062 2131 ad
1084 2097 1247 2131 mentes
1280 2089 1474 2131 infirmas
1490 2122 1501 2141 ,

121 2161 176 2206 ad
192 2159 323 2204 corda
346 2159 508 2213 saucia,
534 2159 587 2203 ad
606 2160 740 2203 aciem
765 2160 918 2202 animae
935 2158 1168 2217 lippientis.
1187 2159 1255 2201 Ad
1278 2159 1359 2201 hoc
1380 2172 1505 2201 vene-

121 2241 202 2276 rat.
219 2233 277 2274 Et
297 2230 415 2272 unde
434 2239 575 2288 posset
594 2231 737 2274 anima
759 2230 906 2273 videre
926 2228 1044 2287 quod
1063 2228 1254 2286 perfecte
1277 2230 1370 2272 est?
1389 2230 1507 2280 Quo-

122 2299 254 2345 modo
271 2298 531 2358 plerumque
554 2301 629 2355 fit,
649 2310 698 2344 ut
720 2301 766 2343 in
783 2299 927 2358 aliquo
945 2313 1123 2356 corpore
1143 2297 1306 2341 radiato
1326 2313 1508 2355 cognos-

125 2379 247 2415 catur
269 2377 389 2411 ortus
410 2383 499 2412 esse
521 2370 605 2422 sol,
646 2385 778 2428 quem
818 2367 951 2413 oculis
980 2367 1126 2411 videre
1149 2382 1236 2410 non
1262 2382 1504 2425 possumus.

127 2441 237 2494 Quia
268 2446 311 2481 et
343 2439 417 2496 qui
455 2440 619 2483 saucios
653 2440 817 2483 habent
855 2437 1029 2491 oculos,
1065 2436 1211 2480 idonei
1244 2446 1345 2480 sunt
1369 2435 1514 2479 videre

128 2511 338 2571 parietem
371 2507 667 2554 illuminatum
700 2520 743 2554 et
765 2510 1026 2553 illustratum
1051 2522 1074 2551 a
1109 2507 1197 2552 sole
1219 2507 1288 2552 vel
1319 2515 1509 2551 montem

179 2603 184 2617 ¹
207 2591 322 2635 Elhes.
344 2603 375 2634 v,
395 2593 426 2623 8.
444 2611 483 2615 ——
502 2601 514 2619 ²
529 2596 618 2626 Joan.
642 2605 664 2634 1,
685 2605 716 2634 9.
