1819 3301
355 266 491 294 sEItMO
525 266 680 292 nomm
713 267 757 291 lN
790 265 938 292 MONTE
959 282 969 302 ,
1005 265 1085 291 Llss.
1123 267 1151 291 1.
1371 258 1449 294 157

73 329 255 377 tulando
275 364 285 384 ‚
303 329 337 373 si
353 330 436 373 hoc
457 328 576 387 prius
596 343 738 373 coram
764 331 853 373 Deo
875 326 1041 383 feceris,
1066 343 1247 388 pergens
1275 330 1329 374 ad
1351 346 1452 375 eum

73 417 161 446 non
173 401 295 460 pigro
309 408 432 443 motu
452 399 658 457 corporis,
676 399 750 442 sed
764 399 989 444 celerrimo
1006 398 1248 444 dilectlonis
1262 401 1423 444 affectu
1440 420 1449 445 :

73 481 202 532 atque
216 469 317 514 inde
327 469 519 520 veniens,
536 467 582 512 id
592 477 671 523 est,
689 469 977 513 intentionem
990 485 1194 515 revocans
1208 470 1262 514 ad
1274 469 1319 513 id
1334 470 1454 530 quod

73 557 198 601 agere
218 553 434 598 coeperas,
459 538 614 582 offeres
633 553 793 582 munus
811 547 952 582 tuum.

129 613 336 655 XXVIII.
361 608 467 662 Quis
485 616 630 652 autem
646 607 730 652 hoc
748 606 849 652 facit
866 618 916 653 ut
935 608 1055 652 fratri
1073 623 1150 653 suo
1162 607 1229 653 vel
1243 623 1332 653 non
1349 608 1454 653 iras·

71 690 194 727 catur
207 680 298 724 sine
320 694 470 734 causa,
489 677 559 723 vel
586 697 605 720 «
625 678 772 722 Racha
793 697 812 719 »
839 693 927 722 non
949 678 1066 723 dicat
1087 679 1178 723 sine
1209 694 1360 735 causa,
1385 677 1454 724 vel

71 767 170 796 eum
190 751 359 795 fatuum
382 764 471 793 non
493 748 682 808 appellet
705 748 796 792 sine
813 764 938 793 causa
957 783 967 804 ,
988 749 1109 809 quod
1137 758 1277 793 totum
1300 764 1454 808 super-

71 822 243 866 bissime
261 819 532 876 admittitur3
566 818 637 863 vel
662 819 776 863 forte
811 819 844 862 si
873 819 918 862 in
953 818 1099 878 aliquo
1131 819 1287 863 horum
1310 818 1454 878 lapsus

70 892 219 945 fuerit,
237 889 358 950 quod
379 899 444 933 est
466 902 602 932 unum
627 888 884 943 remedium,
910 887 1095 947 supplici
1123 890 1267 933 animo
1284 890 1453 933 veniam

71 960 350 1020 deprecetur3
390 959 471 1002 nisi
502 959 696 1018 quisquis
740 958 878 1001 inanis
914 959 1131 1017 jactantiae
1167 959 1320 1018 spiritu
1364 974 1454 1002 non

70 1031 279 1074 inflatur?
301 1049 321 1072 «
341 1029 461 1073 Beati
485 1044 588 1087 ergo
609 1043 819 1087 pauperes
837 1029 1010 1087 spiritu,
1031 1029 1238 1089 quoniam
1261 1030 1454 1088 ipsorum

73 1118 93 1142 »
129 1110 192 1144 est
228 1114 411 1159 regnum
449 1098 661 1143 coelorum
675 1101 705 1141 ¹.
739 1117 758 1139 n
798 1101 923 1143 Nunc
954 1100 1040 1158 jam
1079 1099 1300 1144 videamus
1333 1098 1455 1159 quod

70 1171 281 1231 sequitur.

75 1344 1454 1363 mmmmmmvmmlmwwwwwwmmwwmmmmm

595 1495 809 1543 CAPUT
856 1497 945 1543 XI.

132 1649 294 1690 XXIX.
328 1664 344 1685 «
372 1648 483 1690 EsTo
500 1680 511 1697 ,
531 1646 675 1705 inquit
696 1681 707 1700 ‚
729 1645 973 1690 adversario
1002 1655 1078 1690 tuo
1102 1646 1338 1691 benevolus
1368 1647 1454 1691 cito

77 1735 96 1757 »
134 1716 240 1759 dum
272 1731 316 1759 es
344 1715 389 1758 in
406 1716 472 1758 via
506 1730 606 1758 cum
634 1730 715 1771 (τος
746 1731 799 1758 ne
818 1716 931 1760 forte
956 1725 997 1759 te
1019 1716 1163 1759 tradat
1190 1716 1456 1761 adversarius

77 1804 96 1826 »
127 1784 284 1844 judici,
301 1793 344 1827 et
361 1784 494 1843 judex
519 1783 658 1827 tradat
679 1793 721 1827 te
743 1785 939 1828 ministro
954 1819 964 1837 ,
985 1794 1028 1828 et
1046 1785 1091 1828 in
1106 1801 1320 1829 carcerem
1352 1786 1456 1829 mit-

76 1872 96 1895 »
132 1855 250 1897 taris.
264 1857 402 1897 Amen
417 1852 515 1896 dico
530 1853 625 1906 tibi,
643 1868 731 1896 non
743 1853 856 1897 exies
870 1853 970 1897 inde
983 1854 1122 1899 donec
1140 1855 1293 1898 reddas
1308 1855 1453 1899 novis-

77 1941 97 1963 »
132 1924 289 1966 simum
313 1921 614 1981 quadrantem.
637 1938 657 1961 »
679 1921 878 1965 Judicem
893 1921 1089 1981 intelligo
1116 1942 1124 1967 z
1149 1942 1168 1965 (ι
1192 1926 1317 1967 Pater
1339 1924 1454 1967 enim

78 2010 97 2033 »
133 2008 219 2036 non
257 1990 426 2051 judicat
464 2005 728 2050 quemquam
746 2025 756 2044 ‚
798 1990 874 2034 sed
913 2007 1043 2035 omne
1076 1993 1290 2052 judicium
1334 1992 1456 2037 dedit

79 2078 98 2101 »
135 2061 244 2105 Filio
260 2065 292 2104 ².
323 2079 342 2101 »
377 2060 624 2105 Ministrum
660 2059 856 2118 intelligo
884 2080 892 2105 :
922 2080 939 2101 «
980 2064 1037 2105 Et
1058 2062 1239 2120 Angeli,
1284 2062 1451 2121 inquit,

79 2148 100 2172 n
134 2130 436 2173 ministrabant
453 2131 516 2174 ei3
544 2150 553 2174 :
581 2149 601 2172 »
627 2139 670 2174 et
691 2146 789 2175 cum
813 2132 986 2189 Angelis
1008 2132 1093 2175 suis
1108 2141 1342 2177 venturum
1365 2147 1456 2175 cre-

77 2199 219 2243 dimus
235 2198 289 2242 ad
302 2196 563 2257 judicandos
576 2199 696 2240 vivos
712 2208 755 2243 et
770 2210 979 2245 mortuos.
991 2203 1216 2246 Carcerem
1230 2200 1426 2260 intelligo
1442 2221 1453 2257 3

76 2284 228 2328 poenas
257 2266 459 2311 videlicet
489 2265 770 2309 tenebrarum
789 2300 801 2321 ,
838 2283 944 2326 quas
982 2270 1065 2312 alio
1097 2271 1193 2315 loco
1228 2271 1456 2314 exteriores

77 2347 203 2383 vocat
217 2339 232 2362 4
249 2356 258 2381 :
276 2335 405 2381 credo
418 2345 645 2395 propterea
658 2334 779 2394 quod
793 2336 1050 2381 intrinsecus
1063 2339 1116 2381 sit
1128 2339 1173 2380 in
1190 2339 1279 2396 ipsa
1293 2348 1453 2393 mente,

78 2407 148 2452 vel
169 2407 333 2451 etiamsi
355 2405 463 2466 quid
485 2405 688 2449 secretius
720 2406 900 2464 cogitari
923 2416 1084 2466 potest,
1118 2407 1325 2466 gaudium
1346 2407 1458 2453 divi-

128 2520 137 2537 ¹
159 2514 278 2547 Matth.
298 2523 329 2554 v,
348 2513 380 2545 3.
400 2529 442 2536 -
462 2519 475 2536 ²
493 2514 584 2546 Joan.
616 2523 651 2554 V,
669 2520 724 2545 22.
745 2529 787 2535 -
815 2510 828 2537 ³
846 2513 966 2548 Matth.
986 2525 1034 2557 iv,
1069 2525 1118 2549 11.
1146 2530 1187 2539 -
1204 2512 1220 2545 4
1237 2515 1283 2547 Id.
1313 2525 1383 2557 vin,
1404 2524 1457 2557 ια,

80 2580 158 2611 xm,
180 2571 233 2611 13,
248 2573 281 2602 et
300 2579 378 2608 xxv,
399 2568 451 2601 30.
