1819 3301
339 271 624 308 QUAESTmnuM
657 270 982 310 SEPTEMDECIM‚
1018 271 1141 298 mima
1173 272 1297 299 unus.
1423 260 1507 298 377

133 351 187 380 ne
207 336 278 381 vel
312 337 371 381 sic
404 336 637 397 aliquando
669 335 802 381 oculis
822 334 1024 387 videant,
1055 334 1130 379 sed
1151 350 1324 394 prorsus
1346 344 1396 379 ut
1424 352 1511 380 non

131 405 320 451 videant.
345 406 710 467 Quandoquidem
737 415 883 466 aper-te
903 406 961 450 ita
984 405 1116 450 dicit:
1142 424 1161 447 «
1189 407 1244 449 Ut
1266 404 1400 449 oculis
1423 422 1512 451 non

127 481 155 517 ‘»
189 475 380 520 videant.
410 495 429 517 »
456 479 511 520 Et
538 475 658 536 quod
686 476 743 520 ait
770 495 779 520 :
803 479 1034 535 Propterea
1063 490 1151 520 non
1182 484 1382 535 poterant
1416 491 1512 520 cre-

133 563 153 586 »
189 544 312 601 dere,
341 565 360 586 »
382 546 480 590 satis
503 545 692 590 ostendit
714 561 801 589 non
819 545 917 589 ideo
940 544 1098 590 factam
1116 545 1233 589 illam
1260 545 1512 590 excaecatio-

129 631 227 659 nem
246 651 257 670 ,
282 625 331 660 ut
353 631 401 660 ea
424 617 630 661 commoti
654 625 697 659 et
714 615 910 660 dolentes
932 631 976 659 se
1002 631 1091 660 non
1117 616 1359 675 intelligere
1373 652 1383 671 ,
1405 632 1512 661 con-

128 694 399 730 verterentur
453 685 687 746 aliquando
739 701 816 745 per
863 686 1165 744 poenitentiam
1195 708 1206 743 3
1254 702 1343 730 non
1397 687 1513 730 enim

128 765 303 814 possent
320 756 402 800 hoc
424 756 567 800 facere
579 791 590 809 ‚
616 756 697 799 nisi
718 756 835 815 prius
849 755 1091 811 crederent,
1110 766 1159 800 ut
1175 756 1392 801 credendo
1405 772 1513 801 con-

127 834 420 880 verterentur,
459 826 740 870 conversione
774 834 1053 879 sanarentur,
1087 828 1267 870 sanitate
1296 826 1513 884 intellige-

128 904 225 938 rent
251 914 258 938 :
285 894 359 939 sed
386 895 485 940 ideo
507 896 652 955 potius
675 904 924 949 excaecatos,
951 905 999 939 ut
1025 911 1113 939 non
1141 895 1381 939 crederent.
1405 897 1514 941 Dicit

127 967 243 1009 enim
264 966 528 1025 apertissime
552 986 559 1011 :
585 986 604 1007 «
631 970 864 1026 Propterea
886 982 975 1011 non
997 976 1196 1026 poterant
1219 966 1407 1011 credere.
1431 985 1451 1008 »

186 1038 244 1080 II.
280 1036 410 1089 Quod
442 1037 475 1080 si
508 1038 565 1080 ita
589 1045 672 1091 est,
708 1037 805 1096 quis
827 1052 915 1081 non
945 1046 1120 1094 exurgat
1152 1038 1197 1081 in
1218 1036 1513 1082 defensionem

127 1105 405 1162 Judaeorum,
440 1116 490 1151 ut
516 1124 588 1152 eos
617 1117 733 1152 extra
754 1107 928 1166 culpam
952 1107 1080 1151 fuisse
1107 1108 1368 1167 proclamet,
1394 1108 1513 1168 quod

126 1192 215 1221 non
237 1178 543 1222 crediderunt?
567 1181 799 1237 Propterea
821 1179 936 1221 enim
970 1193 1058 1221 non
1086 1187 1287 1236 poterant
1313 1180 1509 1233 credere,

125 1247 227 1307 quia
250 1249 481 1292 excaecavit
512 1248 661 1292 oculos
689 1263 855 1292 eorum.
885 1246 969 1292 Sed
991 1248 1198 1307 quoniam
1227 1248 1371 1306 potius
1400 1252 1513 1292 Deus

127 1327 246 1361 extra
262 1318 436 1377 culpam
456 1317 588 1362 debet
612 1317 825 1376 intelligi,
851 1318 1047 1376 cogimur
1070 1317 1195 1361 fateri
1219 1318 1309 1361 aliis
1331 1319 1513 1378 quibus-

127 1388 226 1431 dam
250 1388 436 1447 peccatis
454 1389 512 1431 ita
534 1403 605 1432 eos
624 1389 829 1432 excaecari
850 1388 1055 1432 meruisse
1077 1408 1085 1432 z
1105 1404 1189 1448 qua
1211 1397 1355 1431 tamen
1378 1404 1515 1432 excae·

124 1459 294 1502 catione
342 1474 431 1503 non
467 1468 706 1517 potuerunt
752 1458 940 1503 credere.
980 1459 1124 1502 Verba
1174 1459 1289 1502 enim
1333 1460 1512 1503 Joannis

123 1528 202 1572 ista
226 1537 328 1572 sunt
350 1548 359 1572 :
385 1548 404 1569 «
432 1532 662 1588 Propterea
678 1544 767 1572 non
788 1538 991 1588 poterant
1013 1529 1188 1573 credere
1203 1564 1214 1583 ,
1235 1529 1335 1589 quia
1352 1529 1511 1573 iterum

127 1616 146 1638 »
183 1596 288 1641 dixit
313 1601 442 1642 Isa'l'as
461 1618 468 1642 :
492 1599 735 1643 Excaecavit
756 1597 904 1642 oculos
927 1614 1093 1642 eorum.
1123 1617 1142 1639 »
1165 1602 1341 1642 Frustra
1363 1598 1511 1659 itaque

124 1669 588 1726 conamurintelligere
603 1704 613 1719 ‚
635 1670 734 1712 ideo
757 1669 888 1713 fuisse
910 1677 1114 1722 caecatOS,
1139 1677 1189 1712 ut
1205 1677 1510 1713 converteren-

124 1747 196 1781 tur
215 1773 225 1791 ,
252 1753 352 1782 cum
370 1739 468 1782 ideo
488 1738 681 1782 converti
699 1753 786 1781 non
807 1746 1030 1797 poterant,
1052 1738 1152 1796 quia
1167 1753 1256 1782 non
1274 1738 1510 1783 credebant

123 1818 166 1853 et
180 1809 277 1853 ideo
298 1809 474 1853 credere
485 1825 574 1853 non
590 1818 793 1868 poterant
809 1809 909 1868 quia
929 1809 1129 1852 excaecati
1148 1818 1284 1853 erant.
1309 1813 1374 1852 An
1398 1809 1508 1853 forte

122 1894 211 1923 non
227 1879 413 1923 absurde
425 1879 606 1922 dicimus
621 1878 833 1938 quosdam
846 1880 869 1921 J
875 1878 1099 1922 udaeorum
1123 1877 1254 1921 fuisse
1269 1878 1504 1935 sanabiles,

122 1948 198 1992 sed
221 1958 342 1993 tanto
354 1958 500 1993 tamen
519 1949 732 2008 superbiae
750 1957 919 1992 tumore
937 1947 1198 2006 periclitatos
1210 1982 1220 2001 ,
1239 1956 1288 1991 ut
1305 1948 1363 1991 eis
1379 1963 1507 2007 expc-

121 2019 249 2066 dierit
261 2021 399 2078 primo
411 2036 498 2064 non
513 2020 702 2074 credere,
715 2029 758 2062 et
771 2020 825 2062 ad
841 2020 922 2063 boc
938 2018 1064 2062 fuisse
1077 2029 1273 2073 caecatos,
1285 2029 1333 2062 ut
1343 2035 1430 2063 non
1445 2021 1506 2063 in-

121 2088 365 2148 telligerent
397 2092 631 2134 Dominum
665 2090 917 2150 loquentem
952 2105 1029 2149 per
1060 2090 1312 2148 parabolas,
1344 2090 1504 2149 quibus

121 2175 211 2203 non
243 2158 495 2214 intellectis,
534 2175 622 2203 non
657 2161 700 2203 in
737 2175 836 2203 eum
871 2159 1098 2203 crederent
1118 2194 1128 2213 ,
1164 2174 1251 2202 non
1280 2161 1530 2204 credentes'

122 2239 266 2274 autem
289 2245 388 2274 cum
421 2231 584 2274 caeteris
617 2231 851 2289 desperatis
884 2231 1185 2288 crucifigerent
1213 2245 1343 2286 cum,
1375 2239 1505 2290 atque

121 2301 179 2344 ita
200 2309 299 2359 post
320 2301 411 2360 ejus
434 2301 793 2344 resurrectionem
815 2309 1170 2344 converterentur
1188 2334 1198 2353 ,
1221 2299 1397 2359 quando
1413 2301 1505 2360 jam

121 2369 176 2413 de
190 2379 312 2414 reatu
327 2371 476 2414 mortis
491 2371 660 2414 Domini
676 2369 860 2429 amplius
874 2370 1087 2413 humiliati
1100 2370 1400 2413 vehementius
1412 2370 1505 2414 dili-

121 2448 306 2497 gerenta
324 2455 412 2499 quo
432 2440 511 2484 sibi
540 2449 711 2484 tantum
730 2440 867 2484 scelus
892 2439 1115 2483 dimissum
1133 2455 1223 2483 esse
1248 2439 1500 2496 gauderent.

120 2510 336 2562 Quoniam
358 2519 477 2554 tanta
503 2525 654 2554 eorum
675 2519 765 2554 erat
787 2509 1011 2569 superbia,
1039 2518 1088 2553 ut
1105 2508 1179 2553 tali
1204 2509 1504 2554 humiliatione

120 2587 228 2623 esset
245 2579 498 2638 dejicienda.
524 2579 654 2632 Quod
673 2580 910 2638 incongrue
928 2578 1095 2624 dictum
1117 2595 1207 2624 esse
1228 2579 1415 2639 quilibet
1435 2595 1503 2624 ar-
