1819 3301
271 263 325 289 nn
359 263 567 290 consmvsu
600 260 1010 301 EVANGELISTARUM,
1046 264 1129 289 Lm.
1166 264 1231 288 111.
1382 252 1436 290 63

51 327 349 386 intelligatur:
371 337 415 372 et
434 327 661 387 pluraliter
682 328 847 371 dictum
865 362 875 381 ‚
914 345 935 369 «
976 327 1089 372 Secti
1118 329 1260 371 sunt¹.
1289 344 1309 367 »
1337 342 1438 370 cum

22 406 24 408 '
52 399 106 444 de
117 397 208 443 solo
224 401 335 442 Isai'a
357 398 567 442 tradatur.
591 401 642 442 In
665 399 834 443 Psalmo
852 398 980 442 etiam
1002 397 1123 458 quod
1145 397 1315 441 dictum
1339 406 1403 441 est
1427 417 1436 442 ε

57 487 78 511 «
110 468 354 513 Astiterunt
384 483 505 526 reges
538 477 665 512 terrae
686 501 697 522 ,
735 476 780 511 et
813 467 1026 527 principes
1058 475 1360 511 convenerunt
1394 467 1438 511 in

57 558 78 580 »
113 542 321 594 unum2‚»
336 547 420 583 etc.
439 537 653 597 pluralem
669 553 899 582 numerum
918 554 996 598 pro
1009 537 1217 597 singulari
1231 538 1438 598 positum,

54 609 100 652 in
128 609 310 654 Actibus
341 608 650 668 Apostolorum
683 608 915 666 exponitur
942 627 950 652 :
976 623 1077 652 nam
1113 623 1233 667 reges
1266 616 1444 667 propter

57 680 302 735 Herodem,
348 679 562 739 principes
583 688 760 739 propter
787 677 976 722 Pilatum
1008 678 1339 734 intellexerunt,
1369 677 1445 738 qui

56 751 355 796 testimonium
387 750 580 810 ejusdem
604 749 763 795 Psalmi
794 749 1136 795 adhibuerunt-⁹¹.
1162 749 1244 795 Sed
1270 749 1372 809 quia
1402 758 1446 793 et

57 823 215 882 pagani
236 822 376 867 solent
395 820 650 866 calumniari
672 821 909 879 Evangelio
925 855 935 875 ‚
961 821 1137 866 videant
1158 821 1446 880 quemadmo-

58 891 165 936 dum
185 891 318 936 locuti
334 892 420 936 sint
445 901 644 936 auctores
659 906 808 936 eorum
821 926 831 945 ,
854 890 1071 946 Phaedras,
1087 892 1261 936 Medeas
1279 900 1321 934 et
1343 891 1448 947 Cly-

60 970 338 1017 temnestras‚
365 977 466 1006 cum
499 960 683 1019 singulae
705 959 882 1005 fuerint.
912 960 1027 1014 Quid
1049 970 1192 1004 autem
1228 961 1445 1014 usitatius,

60 1031 183 1076 verbi
205 1031 336 1089 gratia
358 1065 369 1086 ,
393 1046 524 1091 quam
542 1040 592 1075 ut
613 1030 729 1074 dicat
752 1030 906 1090 aliquis
925 1049 933 1075 :
954 1034 1010 1075 Et
1030 1031 1178 1075 rustici
1193 1031 1299 1075 mihi
1318 1030 1453 1074 insul-

62 1111 156 1146 tant
183 1121 193 1146 ι
216 1102 347 1145 etiam
367 1101 400 1144 si
419 1116 532 1144 unus
549 1099 753 1144 insultet?
774 1103 895 1144 Tunc
917 1102 1033 1152 enim
1055 1110 1162 1144 esset
1183 1101 1450 1145 contrarium

62 1170 183 1232 quod
202 1174 340 1216 Lucas
357 1170 413 1214 de
438 1186 527 1214 uno
561 1170 880 1225 manifestavit,
901 1171 935 1214 si
966 1170 1028 1214 illi
1060 1171 1265 1214 dixissent
1303 1172 1452 1214 ambos

62 1242 251 1287 latrones
277 1242 538 1287 conviciatos
558 1242 766 1299 Domino3
786 1242 844 1285 ita
867 1242 982 1285 enim
1000 1257 1088 1286 non
1102 1251 1245 1301 posset
1267 1242 1348 1286 sub
1370 1257 1452 1285 nu-

64 1328 185 1357 mero
202 1312 359 1371 plurali
382 1327 494 1356 unus
511 1311 695 1370 intelligi
722 1330 731 1356 :
756 1327 856 1356 cum
873 1327 975 1356 vero
998 1311 1163 1356 dictum
1187 1321 1275 1356 cst:
1296 1315 1452 1356 Latro·-

69 1400 88 1423 »
124 1397 226 1437 nes,
246 1381 313 1425 vel
341 1382 416 1441 qui
434 1397 535 1425 cum
558 1397 608 1425 eo
627 1382 820 1426 crucifixi
841 1392 984 1437 erant,
1009 1401 1029 1423 »
1056 1398 1136 1426 nec
1163 1382 1361 1426 additum
1391 1391 1455 1426 est

67 1452 216 1507 ambo,
239 1467 328 1496 non
344 1451 483 1495 solum
507 1451 541 1495 si
558 1451 688 1495 ambo
714 1450 938 1508 fecissent,
964 1462 1107 1512 posset
1140 1454 1222 1497 hoc
1245 1452 1331 1497 (lici
1346 1488 1356 1507 ‚
1379 1453 1455 1496 sed

19 1550 25 1554 ,
67 1522 197 1565 etiam
219 1521 320 1581 quia
337 1537 450 1565 unus
473 1522 556 1565 hoc
575 1520 696 1576 fecit,
722 1522 865 1580 potuit
883 1523 1041 1567 [vitato
1070 1522 1302 1567 locutionis
1323 1523 1456 1567 modo

69 1607 146 1651 per
167 1591 379 1651 pluralem
401 1607 631 1636 numerum
648 1591 892 1649 significari.

69 1760 666 1777 mmmmmmmmm
673 1760 1451 1781 ΜΜΜΜΝΜΊἋΜΝΛΙἏΛΛΜΜΜΜΜΝᾺἊ

540 1880 756 1930 CAPUT
808 1883 890 1929 XV
906 1885 915 1929 l
932 1886 965 1929 Ξ.

604 2023 757 2068 Potus
780 2026 920 2069 aceti.

138 2161 250 2203 LIV.
294 2161 513 2213 SEQmez
535 2161 767 2206 Matthaeus
785 2197 796 2217 ‚
827 2171 870 2206 et
896 2163 1002 2207 dicit
1024 2183 1031 2208 :
1068 2183 1086 2206 α
1113 2169 1148 2209 Α
1172 2175 1287 2210 sexta
1317 2177 1462 2212 autem

81 2247 102 2270 »
138 2229 243 2274 hora
265 2231 456 2273 tenebrae
478 2230 603 2275 factae
626 2242 727 2276 sunt
749 2248 878 2292 super
894 2234 1135 2279 universam
1154 2246 1310 2280 terram
1327 2254 1464 2299 usquc

83 2317 102 2340 »
138 2299 193 2344 ad
210 2301 358 2344 horam
381 2303 585 2345 nonam4.
616 2306 747 2346 »Hoc
765 2313 806 2347 et
819 2304 908 2347 duo
931 2303 1001 2348 alii
1024 2311 1343 2351 contestantur⁵
1363 2328 1371 2353 :
1392 2309 1465 2353 ad-

81 2368 193 2414 didit
214 2380 360 2414 autem
381 2374 519 2416 Lucas
536 2372 665 2416 etiam
689 2372 806 2416 unde
829 2373 954 2418 factae
971 2376 1056 2420 sint
1078 2379 1292 2431 tenebrfe⁷
1317 2379 1361 2422 id
1384 2389 1462 2434 est,

83 2440 217 2484 solem
255 2441 533 2486 obscuratum
562 2462 570 2487 ε
595 2444 798 2504 Sequitur
824 2447 1056 2492 Matthaeus
1082 2468 1090 2492 z
1121 2467 1140 2490 «
1172 2452 1227 2493 Et
1250 2450 1362 2495 circa
1384 2452 1467 2495 ho·-

133 2544 141 2560 ¹
164 2537 262 2570 IIebr.
278 2550 325 2581 xi,
345 2539 385 2571 33
404 2544 437 2572 et
456 2540 509 2581 37.
536 2557 577 2563 —
597 2548 609 2563 ²
630 2542 709 2573 Psal.
726 2552 760 2583 11,
787 2552 818 2574 2.
839 2560 880 2565 —
902 2542 915 2566 3
940 2547 1011 2577 Act.
1029 2557 1073 2585 iv,
1094 2546 1150 2587 26,
1168 2555 1221 2588 27.
1247 2564 1288 2570 -—
1312 2546 1327 2578 4
1346 2550 1466 2582 Matth.

85 2605 185 2635 nvn,
205 2593 329 2637 45-49.
351 2612 392 2619 -
409 2594 424 2619 5
443 2597 547 2629 Marc.
569 2608 623 2639 xv,
645 2598 761 2637 33—36,
785 2602 818 2632 et
839 2601 916 2633 Luc.
936 2612 1024 2643 xxiii,
1043 2600 1099 2643 44,
1119 2601 1172 2643 45.
