1819 3301
331 286 615 322 QUAESTIONUM
648 264 1013 322 mammonam,
1050 284 1132 310 Lm.
1168 285 1215 310 11.
1370 274 1452 312 317

77 360 140 395 tes
169 366 267 410 quae
304 351 452 394 multis
481 350 752 395 daemonibus
786 349 1041 394 serviebant.
1076 349 1206 402 Quod
1240 349 1330 393 sine
1367 365 1458 394 ves-

77 422 259 466 timento
287 431 393 477 erat,
416 437 505 465 non
527 422 716 466 habebat
738 421 885 476 fidem,
902 430 983 465 etc.
1008 419 1133 474 Quod
1152 420 1196 463 in
1215 421 1346 463 domo
1368 435 1457 464 non

76 492 321 547 habitabat,
345 492 390 535 in
412 492 672 536 conscientia
694 508 782 536 non
804 491 1114 552 requiescebat,
1141 489 1270 543 Quod
1291 490 1337 533 in
1363 505 1458 534 mo-

77 563 297 607 numentis
319 563 544 617 manebat,
570 563 613 607 in
635 564 814 607 mortuis
833 563 1036 623 operibus
1052 598 1067 618 ,
1091 562 1174 606 hoc
1203 570 1282 616 est,
1306 576 1462 621 pecca-

77 634 151 688 tis,
177 633 488 678 delectabatur.
509 633 634 686 Quod
665 643 808 677 autem
842 632 1126 692 compedibus
1150 631 1297 675 ferreis
1318 641 1361 675 et
1389 647 1462 675 ca-

78 704 188 748 tenis
209 704 423 762 ligabatur
443 740 453 759 ,
479 705 689 763 significat
711 720 858 763 graves
876 713 919 747 et
942 703 1071 748 duras
1088 703 1204 762 leges
1227 702 1432 747 Gentium
1449 737 1460 758 ,

79 774 238 834 quibus
261 785 304 819 et
336 776 381 819 in
411 790 560 819 corum
586 775 804 835 republica
826 785 1001 834 peccata
1030 775 1306 819 cohibentur.
1335 772 1466 826 Quod

79 846 210 889 etiam
238 846 421 890 vinculis
460 846 619 890 talibus
652 846 856 906 disruptis
892 846 1137 905 agebatura
1170 845 1388 888 daemonio
1419 844 1465 887 in

81 933 274 961 cremum
293 952 303 972 ‚
329 917 542 976 significat
559 917 678 977 quod
700 918 828 961 etiam
851 917 951 976 ipsis
974 916 1244 974 transgressis
1267 915 1433 974 legibus
1451 950 1461 970 ‚

80 988 135 1032 ad
157 1004 204 1032 ea
238 989 396 1033 scelera
430 988 669 1048 cupiditate
706 988 981 1044 ducebatur,
1007 1004 1105 1048 quac
1130 989 1218 1047 jam
1241 986 1465 1045 vulgarem

80 1058 441 1103 consuetudinem
482 1058 754 1103 excederent.
781 1059 910 1112 Quod
933 1068 1077 1102 autem
1106 1059 1150 1101 in
1186 1073 1337 1117 porcos
1365 1072 1466 1116 pas-

80 1139 224 1174 centes
246 1131 289 1173 in
311 1130 534 1174 montibus
556 1130 771 1173 daemonia
794 1130 855 1173 ire
879 1130 1082 1188 permissa
1108 1138 1232 1182 sunt,
1257 1128 1468 1187 significat

79 1200 329 1247 immundos
350 1209 393 1244 et
421 1200 629 1259 superbos
659 1201 871 1254 homines,
897 1200 1054 1260 quibus
1077 1199 1291 1243 daemonia
1328 1198 1469 1242 domi-

80 1280 241 1314 nantur
257 1286 334 1330 per
348 1270 565 1315 idolorum
582 1270 740 1314 cultus.
762 1270 891 1324 Quod
909 1280 1055 1314 autem
1078 1270 1121 1313 in
1143 1279 1343 1328 stagnum
1357 1285 1469 1328 prac-

82 1341 246 1400 cipitati
269 1350 393 1396 sunt,
419 1337 631 1399 significat
661 1340 781 1400 quod
798 1343 888 1400 jam
924 1340 1155 1384 clarificata
1185 1339 1372 1384 Ecclesia
1391 1374 1401 1394 ‚
1428 1348 1472 1383 et

82 1412 268 1458 liberato
289 1412 455 1472 populo
469 1413 674 1456 Gentium
690 1429 712 1456 a
735 1412 1033 1456 dominatione
1060 1411 1395 1465 (immemorum,
1426 1411 1471 1453 in

83 1483 241 1527 abditis
264 1493 399 1541 agunt
429 1483 656 1542 sacrilegos
682 1484 788 1527 ritus
810 1499 906 1527 suos
926 1485 966 1538 ¹,
999 1483 1074 1542 qui
1098 1482 1268 1527 Christo
1296 1481 1471 1526 credere

85 1554 348 1609 noluerunt,
366 1571 478 1598 caeca
501 1564 543 1597 ct
566 1552 785 1613 profunda
812 1553 1060 1597 curiositate
1090 1553 1315 1596 submersi.
1344 1551 1473 1604 Quod

82 1635 227 1668 autem
253 1634 439 1684 pastores
463 1639 693 1683 porcorum
729 1623 943 1682 fugientes
961 1659 971 1678 ,
1006 1624 1082 1667 ista
1120 1624 1468 1677 nuntiaverunt,

87 1695 301 1753 significat
322 1693 534 1755 quosdam
558 1694 685 1737 etiam
707 1694 909 1752 primates
938 1694 1195 1752 impiorum,
1221 1708 1473 1752 quanquam

87 1766 363 1810 christianam
397 1765 535 1823 legem
571 1765 740 1822 fugiant
760 1800 770 1819 ‚
810 1765 1049 1823 potentiam
1086 1774 1231 1807 tamen
1265 1765 1356 1823 ejus
1398 1778 1475 1822 per

89 1838 246 1880 Gentes
269 1836 485 1896 stupendo
518 1846 561 1880 et
594 1836 792 1880 mirando
816 1836 1068 1894 praedicare.
1107 1835 1237 1888 Quod
1271 1834 1475 1878 Geraseni

89 1907 308 1967 prodeunt
329 1907 475 1952 videre
497 1907 616 1967 quod
640 1908 804 1951 facturn
824 1916 887 1950 est
905 1942 916 1961 ‚
941 1916 983 1950 ct
1001 1906 1231 1951 inveniunt
1252 1905 1475 1950 hominem

88 1979 293 2023 vestitum
314 2013 325 2033 ‚
346 1987 388 2022 et
409 1988 553 2021 mente
575 1993 676 2021 sana
698 1976 845 2021 sedere
868 1977 922 2020 ad
936 1976 1066 2036 pedes
1089 1979 1213 2031 Jesu,
1232 1985 1273 2020 et
1290 1991 1475 2033 cognos-

91 2059 237 2094 centes
258 2049 367 2109 quid
390 2049 554 2093 factum
576 2049 651 2103 sit,
677 2057 829 2106 rogant
845 2051 990 2092 Jcsurn
1008 2057 1057 2092 ut
1075 2048 1128 2091 ab
1146 2049 1204 2091 eis
1217 2047 1472 2102 discederet,

92 2135 251 2178 magno
285 2121 439 2164 timore
462 2120 675 2179 perculsi3
709 2119 922 2178 significat
950 2118 1278 2162 multitudinem
1307 2126 1477 2162 vetusta

93 2207 170 2236 sua
194 2192 280 2236 vita
320 2191 601 2246 delectatam,
637 2192 852 2235 honorare
886 2191 1062 2250 quidem
1082 2225 1092 2244 ‚
1125 2189 1200 2233 sed
1237 2188 1353 2232 nolle
1386 2189 1478 2248 pati

94 2263 371 2307 christianam
385 2262 539 2320 legem,
554 2262 660 2306 dum
678 2262 831 2306 dicunt
844 2261 963 2321 quod
973 2276 1066 2305 eam
1083 2260 1263 2320 implere
1278 2276 1366 2304 non
1386 2275 1478 2319 pos-

95 2332 180 2377 sint
202 2353 212 2390 3
237 2333 497 2377 admirantes
519 2342 663 2376 tamen
686 2332 859 2375 fidelem
884 2330 1095 2390 populum
1120 2347 1142 2374 a
1164 2330 1345 2389 pristina
1379 2345 1478 2389 per-

97 2403 185 2447 dita
208 2404 533 2448 conversatione
553 2412 766 2448 sanatum.
784 2401 910 2455 Quod
930 2400 1001 2444 ille
1024 2401 1144 2460 cupit
1159 2402 1249 2460 jam
1271 2416 1360 2445 esse
1377 2416 1479 2445 cum

97 2475 295 2532 Christo,
320 2485 363 2520 et
394 2476 554 2520 dicitur
585 2475 654 2520 ei:
684 2493 703 2516 «
728 2474 838 2518 Redi
860 2472 1039 2517 domum
1069 2481 1218 2529 tuam,
1255 2479 1297 2515 et
1330 2487 1481 2516 enarra

146 2579 156 2595 ¹
180 2575 254 2606 Post
273 2573 499 2616 Honoriileges
517 2576 631 2606 contra
648 2571 731 2605 idola
744 2571 832 2604 datas
850 2581 931 2603 anno
949 2569 1023 2613 399.
1041 2570 1119 2603 Vide
1139 2568 1193 2602 lib.
1216 2579 1308 2611 wi,
1329 2569 1370 2602 de
1384 2569 1478 2605 Civit.

100 2629 171 2670 Dei,
190 2640 262 2673 cap.
282 2628 336 2671 54'.
