1819 3301
315 298 397 336 170
744 311 776 338 s.
815 310 1044 338 Aneus'rnn
1081 310 1258 336 amazon

312 372 543 432 diligamus
563 382 709 421 autem
730 373 851 434 quod
873 373 1101 418 nobiseum
1120 382 1261 432 potest
1278 372 1332 417 ad
1347 372 1420 418 illa
1448 389 1579 432 regna
1595 389 1696 433 per-

311 444 444 499 duci,
471 445 544 493 ubi
568 459 697 489 nemo
719 443 852 498 dicit,
879 448 1005 490 Pater
1031 459 1173 500 meus3
1193 443 1267 488 sed
1290 460 1439 488 omnes
1469 446 1546 488 uni
1578 449 1692 501 Deo,

312 519 439 559 Pater
460 524 604 560 noster
630 534 639 561 x
665 530 744 558 nec
761 549 772 564 ,
797 517 937 562 Mater
959 529 1052 564 mea
1068 535 1079 572 3
1096 513 1172 559 sed
1195 530 1344 563 omnes
1360 515 1422 559 illi
1440 515 1696 571 Jerusalem,

311 591 451 632 Mater
475 597 619 633 nostra
646 606 654 631 ι
680 602 776 641 nec,
802 589 953 634 Frater
970 602 1115 644 meus3
1140 588 1215 631 sed
1237 602 1386 632 ornnes
1410 587 1464 630 de
1477 587 1695 642 omnibuS,

313 661 466 702 Frater
494 667 639 702 noster
664 676 672 701 ε
697 657 953 717 conjugium
982 672 1084 704 vero
1115 672 1217 703 cum
1242 657 1316 701 illo
1346 656 1476 701 simul
1507 658 1633 702 nobis
1654 658 1700 702 in

313 744 451 772 unum
497 728 702 782 redactis,
741 729 861 788 quasi
896 729 1024 774 unius
1052 729 1246 787 conjugis
1278 728 1384 782 erit,
1430 729 1504 788 qni
1540 744 1618 773 nos
1645 729 1701 773 de

312 800 621 858 prostitutione
634 800 763 859 hujus
776 800 921 843 saeculi
935 800 1002 844 sui
1019 799 1239 857 sanguinis
1254 798 1466 843 effusione
1484 798 1696 844 liberavit.

313 872 493 914 Necesse
530 880 594 914 est
621 886 724 929 ergo
754 878 803 913 ut
823 870 963 913 oderit
994 885 1043 912 ea
1065 885 1164 928 quae
1196 877 1423 915 transeunt
1456 868 1702 928 Discipulus

314 940 491 993 Christi,
513 941 557 984 in
580 940 629 984 iis
652 956 761 999 quos
777 955 921 983 secum
945 939 999 983 ad
1014 955 1061 982 ea
1079 938 1226 986 venire
1237 937 1468 991 desiderat,
1483 954 1582 998 quoe
1595 953 1704 987 sem.-

314 1026 390 1069 per
412 1012 676 1068 manebunt3
701 1021 743 1055 et
769 1020 891 1060 tanto
913 1011 1046 1070 magis
1068 1011 1161 1059 haec
1184 1011 1228 1054 in
1251 1010 1310 1054 eis
1344 1010 1505 1064 oderit,
1537 1020 1703 1070 quanto

312 1081 448 1139 magis
469 1097 540 1125 eos
561 1081 714 1139 diligit.
1428 1074 1432 1076 i

373 1153 513 1195 XLII.
530 1155 671 1200 Potest
685 1151 814 1208 igitur
832 1151 1101 1198 Christianus
1115 1166 1213 1194 cum
1233 1151 1418 1210 conjuge
1429 1151 1705 1195 concorditer

314 1221 456 1266 vivere
478 1243 488 1278 3
509 1222 597 1268 sive
620 1219 904 1280 indigentiam
920 1213 1137 1268 carnalem
1154 1237 1253 1266 cum
1274 1238 1322 1265 ea
1340 1222 1567 1281 supplens,
1583 1222 1704 1281 quod

314 1291 553 1341 secundum
577 1292 766 1346 veniam,
787 1308 876 1336 non
893 1292 1131 1336 secundum
1148 1293 1378 1351 imperium
1395 1292 1498 1337 dicit
1518 1297 1705 1352 Aposto-

313 1362 407 1419 lus3
437 1363 525 1406 sive
553 1362 741 1412 filiorum
771 1363 1151 1422 propagationem¹
1172 1398 1183 1417 ,
1221 1363 1341 1422 quod
1366 1363 1456 1422 jam
1489 1362 1704 1407 nonnullo

315 1433 451 1491 gradu
490 1442 630 1492 potest
657 1449 746 1479 esse
767 1433 986 1478 laudabile
1008 1452 1018 1486 ;
1044 1434 1133 1479 sive
1164 1432 1397 1477 fraternam
1424 1435 1671 1479 societatem
1690 1469 1701 1489 ,

313 1503 404 1547 sine
426 1503 514 1547 ulla
530 1520 761 1563 corporum
776 1505 1096 1558 eemmixfione,
1113 1504 1277 1548 habens
1297 1520 1473 1548 uxorem
1495 1513 1705 1565 tanquam

314 1590 403 1621 non
432 1575 618 1630 habens,
645 1575 765 1635 quod
804 1586 867 1620 est
889 1577 930 1620 in
969 1575 1175 1635 conjugio
1198 1574 1544 1619 Christianorum
1567 1575 1707 1619 excel-

313 1644 600 1693 lentissimum
622 1655 752 1705 atque
774 1645 961 1690 sublime
980 1665 988 1691 ;
1010 1655 1060 1688 ut
1083 1654 1228 1688 tamen
1249 1643 1389 1693 oderit
1406 1645 1451 1688 in
1473 1660 1521 1688 ea
1544 1661 1704 1690 nomen

313 1715 564 1774 temporalis
587 1716 850 1760 necessitatis
872 1725 915 1759 et
931 1715 1082 1772 diligat
1112 1731 1231 1774 spem
1260 1715 1533 1774 sempiternae
1564 1715 1704 1759 beati-

314 1784 491 1829 tudinis.
509 1785 691 1832 Odimus
709 1787 825 1829 enim
844 1787 935 1830 sine
953 1786 1105 1841 dubio,
1121 1788 1241 1846 quod
1261 1797 1376 1830 certe
1400 1796 1447 1830 ut
1469 1785 1705 1846 aliquando

313 1871 402 1903 non
418 1857 470 1900 sit
485 1866 702 1916 optamus,
720 1857 832 1905 sicut
855 1857 979 1905 istam
1001 1857 1137 1916 ipsam
1157 1857 1380 1916 praesentis
1395 1855 1702 1911 saeculivitam‚

315 1942 447 1986 quam
475 1927 753 1986 temporalem
778 1928 811 1970 si
843 1943 931 1973 non
954 1927 1214 1981 odissemus,
1249 1943 1339 1971 non
1361 1926 1706 1974 desideraremus

314 1996 526 2052 futuram,
543 2013 642 2057 quae
661 2014 749 2041 non
765 2007 828 2042 est
849 1999 1035 2057 tempori
1052 1998 1257 2042 obnoxia.
1283 2001 1365 2041 Pro
1382 1998 1462 2045 hae
1479 1998 1595 2041 enim
1617 1999 1706 2043 vita

314 2069 451 2128 posita
475 2078 539 2113 est
562 2070 704 2113 anima
722 2104 733 2124 ,
759 2069 813 2112 de
836 2086 921 2129 qua
939 2070 1001 2113 ibi
1017 2068 1181 2113 dictum
1207 2078 1271 2112 est
1291 2088 1300 2114 ε
1322 2088 1341 2110 «
1361 2069 1443 2121 Qui
1459 2084 1546 2112 non
1565 2069 1707 2117 oderit

317 2158 338 2180 »
374 2140 551 2198 insuper
565 2149 608 2184 et
636 2141 823 2183 animam
845 2155 963 2183 suam
977 2175 988 2194 ,
1010 2156 1099 2184 non
1114 2149 1356 2199 potestesse
1370 2154 1492 2183 meus
1508 2140 1706 2199 Discipu-

318 2228 338 2250 »
374 2208 442 2258 lus
457 2213 489 2258 ²,
534 2228 553 2250 »
588 2210 700 2255 Huic
730 2225 921 2270 namque
943 2211 1044 2254 vitae
1076 2210 1201 2254 cibus
1238 2218 1302 2253 est
1337 2210 1598 2254 necessarius
1627 2211 1706 2254 iste

316 2280 632 2340 corruptibilis,
657 2281 712 2324 de
737 2297 826 2340 quo
843 2282 932 2340 ipse
957 2280 1164 2324 Dominus
1186 2279 1292 2323 dicit
1312 2299 1321 2324 ;
1350 2299 1370 2321 (ι
1392 2282 1546 2324 Nonne
1563 2280 1707 2327 anima

318 2368 338 2394 »
374 2350 471 2410 plus
498 2360 562 2394 est
586 2366 716 2410 quam
741 2352 858 2394 esca³
881 2371 889 2395 ;
913 2370 932 2391 »
956 2350 1000 2394 id
1021 2359 1106 2404 est,
1133 2351 1226 2393 haec
1259 2350 1346 2393 vita
1369 2351 1438 2394 cui
1468 2350 1704 2394 necessaria

315 2430 377 2467 est
402 2424 522 2465 esca?
546 2421 738 2481 thuod
756 2421 884 2476 dicit,
910 2431 960 2465 ut
981 2421 1170 2465 animam
1192 2436 1313 2464 suam
1338 2430 1472 2479 ponat
1497 2436 1576 2480 pro
1611 2419 1707 2464 ovi-

317 2491 398 2534 bus
416 2491 501 2534 suis
518 2494 532 2516 4
557 2511 566 2535 ;
588 2492 699 2535 hanc
721 2492 873 2550 utique
886 2491 1016 2535 vitam
1033 2490 1163 2546 dicit,
1181 2506 1282 2535 cum
1307 2506 1351 2534 se
1370 2506 1447 2550 pro
1466 2490 1591 2536 nobis
1612 2506 1708 2536 mo·

318 2561 504 2604 riturum
528 2578 616 2606 esse
631 2562 897 2621 pronuntiat.

366 2651 374 2667 ¹
393 2645 465 2675 Cor.
486 2655 543 2685 vn,
561 2645 594 2677 6.
622 2662 663 2667 —
679 2653 690 2668 ²
707 2647 780 2678 Luc.
797 2656 861 2687 xiv,
880 2645 933 2677 26,
958 2662 999 2668 -
1014 2643 1026 2668 3
1040 2644 1153 2678 Matth.
1172 2644 1288 2688 v1,25.
1310 2658 1351 2670 ·--
1364 2644 1380 2675 4
1398 2647 1490 2680 Joan.
1507 2656 1540 2686 x,
1564 2644 1616 2682 15.
