1819 3301
330 255 412 293 482
757 270 786 293 s.
827 268 1054 293 ,incussit-⁴1
1092 267 1269 294 Ei’iscom

319 333 493 377 habeat.
518 334 628 378 Nam
646 334 779 376 nostis
798 367 808 386 ‚
835 331 987 376 fratres
1012 334 1112 387 mei,
1129 332 1232 393 quia
1254 331 1371 376 villae
1393 331 1486 375 istae
1508 346 1598 376 non
1609 342 1717 377 sunt

319 403 554 463 Augustini
579 422 588 447 t
614 412 656 446 ct
676 403 709 445 si
732 417 823 446 non
840 403 996 457 nostis,
1017 411 1062 446 et
1082 402 1245 462 putatis
1263 417 1333 445 me
1357 401 1547 461 gaudere
1560 402 1605 446 in
1616 417 1719 462 pos-

314 475 500 520 sessione
523 474 725 519 villarum
741 508 752 529 ,
776 476 886 517 Deus
913 475 1035 519 novit
1051 510 1061 529 ‚
1086 475 1178 534 ipse
1199 475 1280 519 scit
1301 474 1410 534 quid
1439 489 1521 533 ego
1554 474 1609 518 de
1632 474 1718 519 illis

317 545 426 590 villis
449 544 632 589 sentiam
647 580 657 599 ‚
676 543 747 589 vel
765 543 874 604 quid
896 544 956 588 ibi
974 545 1182 589 sufferam
1204 563 1213 590 ε
1231 545 1354 589 novit
1370 546 1556 604 gemitus
1579 560 1715 601 meos,

314 617 348 661 si
371 616 478 660 mihi
499 615 665 676 aliquid
694 615 750 660 de
771 615 975 660 columba
1006 617 1230 676 impertire
1265 616 1467 674 dignatus
1496 625 1576 660 est.
1602 619 1718 661 Ecce

316 696 418 732 sunt
438 687 554 731 villae
578 701 587 728 τ
615 703 705 748 quo
720 688 819 747 jure
843 686 1043 732 defendis
1066 688 1219 732 villas?
1244 687 1395 732 divino
1420 703 1476 732 an
1492 688 1721 732 humano?

321 758 627 818 Respondeant
649 777 658 803 :
683 758 881 802 divinum
895 760 966 819 jus
988 759 1034 802 in
1060 759 1293 819 Scripturis
1312 758 1545 814 habemus,
1566 759 1720 802 huma-

319 845 426 874 num
446 832 517 890 jus
539 830 585 873 in
606 829 778 889 legibus
801 844 969 888 regum,
1008 829 1132 874 Unde
1154 830 1340 891 quisque
1374 829 1566 889 possidet
1598 824 1721 889 ¹quod

323 899 543 961 possidet?
558 916 705 945 nonne
721 901 820 961 jure
836 902 1030 945 humano
1044 902 1062 945 Ρ
1075 903 1186 946 Nam
1210 903 1309 962 jure
1322 900 1488 955 divino,
1511 919 1530 942 «
1549 900 1725 945 Domini

322 993 339 1014 »
376 982 439 1017 est
458 981 570 1016 terra
594 981 638 1016 et
658 971 887 1031 plenitudo
909 974 1025 1033 ejus¹
1055 992 1064 1018 :
1088 991 1108 1015 »
1127 987 1340 1033 pauperes
1359 981 1402 1016 et
1423 971 1579 1017 divites
1604 975 1722 1016 Deus

313 1045 369 1089 de
391 1059 480 1089 uno
502 1044 608 1088 limo
636 1041 766 1100 fecit,
792 1053 835 1088 et
857 1060 1070 1104 pauperes
1100 1053 1144 1089 et
1165 1043 1320 1090 divites
1351 1060 1438 1088 una
1465 1053 1578 1088 terra
1612 1058 1719 1103 sup-

309 1126 465 1176 portat.
486 1119 510 1160 J
516 1131 592 1161 ure
608 1124 757 1160 tamen
787 1117 982 1161 humano
1004 1115 1111 1161 dicit
1129 1135 1137 1162 :
1156 1119 1261 1161 Haec
1282 1116 1385 1161 villa
1409 1131 1505 1160 mea
1520 1124 1599 1171 est,
1626 1115 1723 1160 haec

312 1188 468 1232 domus
486 1202 598 1242 mea,
622 1187 694 1231 hic
713 1202 864 1232 servus
886 1203 1008 1232 meus
1031 1197 1108 1231 est.
1136 1190 1161 1232 J
1166 1203 1243 1232 ure
1260 1203 1364 1246 ergo
1387 1188 1604 1241 humano,
1624 1187 1724 1246 jure

311 1260 642 1318 imperatorum.
672 1260 855 1311 Quare?
877 1259 988 1312 Quia
1013 1259 1106 1318 ipsa
1124 1259 1224 1318 jura
1260 1259 1453 1302 humana
1486 1272 1563 1316 per
1587 1257 1724 1316 impe-

319 1339 483 1373 ratores
516 1337 561 1372 et
595 1342 713 1386 reges
743 1327 892 1372 saeculi
924 1331 1037 1372 Deus
1071 1328 1294 1372 distribuit
1328 1328 1474 1387 generi
1502 1328 1718 1372 humano.

320 1400 457 1445 Vultis
486 1400 680 1458 legamus
711 1398 827 1457 leges
864 1401 1178 1459 imperatorum
1196 1435 1207 1455 ‚
1248 1408 1292 1444 et
1327 1399 1572 1444 secundum
1597 1399 1722 1458 ipsas

309 1487 486 1532 agamus
516 1470 570 1515 dc
592 1470 736 1516 villis?
761 1470 803 1515 Si
820 1471 920 1530 jure
942 1471 1142 1515 humano
1166 1469 1299 1515 vultis
1330 1468 1573 1530 possidere,
1598 1471 1717 1514 reci-

306 1553 447 1587 temus
468 1542 584 1601 leges
607 1543 922 1601 imperatorum
949 1561 959 1586 ε
983 1542 1213 1587 videamus
1234 1541 1269 1586 si
1289 1539 1713 1602 volueruntaliquid

307 1615 362 1657 ab
380 1612 597 1657 haereticis
616 1611 843 1672 possideri.
873 1611 960 1657 Sed
981 1612 1090 1672 quid
1121 1612 1230 1656 mihi
1253 1621 1320 1656 est
1348 1611 1620 1672 imperator?
1645 1614 1725 1670 Se-

310 1684 508 1729 cundum
524 1685 598 1744 jus
631 1683 766 1743 ipsius
788 1681 980 1742 possides
1010 1692 1188 1727 terram.
1214 1685 1305 1728 Aut
1330 1682 1438 1727 tolle
1461 1684 1563 1743 jura
1584 1683 1726 1743 impe-

314 1765 509 1800 ratorum
527 1790 538 1811 ‚
576 1764 620 1799 et
648 1754 746 1815 quis
779 1753 914 1799 audet
938 1753 1081 1797 dicere
1102 1772 1112 1799 2
1139 1756 1239 1799 Mea
1260 1762 1324 1798 est
1345 1753 1420 1798 illa
1451 1753 1556 1799 villa
1575 1788 1587 1809 ‚
1621 1762 1723 1809 aut,

319 1829 443 1871 Meus
459 1835 523 1870 est
535 1824 610 1869 ille
625 1839 791 1880 servus,
807 1834 899 1879 aut,
921 1827 1085 1870 Domus
1106 1825 1202 1869 haec
1220 1840 1318 1871 mea
1335 1826 1429 1869 est?
1445 1825 1489 1870 Si
1508 1833 1657 1869 autem
1678 1832 1730 1868 ut

323 1905 555 1941 teneantur
589 1896 669 1940 ista
706 1896 762 1940 ab
794 1895 1048 1940 hominibus
1069 1930 1080 1951 ‚
1113 1897 1213 1956 jura
1245 1904 1510 1955 acceperunt
1544 1910 1721 1955 regum,

325 1968 456 2013 vultis
470 1968 701 2013 recitemus
723 1967 854 2025 leges,
876 1976 925 2010 ut
942 1965 1167 2026 gaudeatis
1180 1967 1284 2027 quia
1300 1965 1371 2012 vel
1385 1982 1526 2011 unum
1546 1967 1727 2011 hortum

328 2040 498 2084 habetis
519 2073 529 2090 ,
554 2047 598 2082 et
628 2053 719 2083 non
751 2038 974 2097 imputetis
1003 2038 1084 2082 nisi
1115 2038 1448 2083 mansuetudini
1480 2038 1728 2093 columbae,

333 2110 434 2171 quia
456 2109 526 2155 vel
546 2108 609 2152 ibi
624 2108 749 2154 vobis
769 2108 1036 2167 permittitur
1064 2111 1353 2168 permanere?
1369 2111 1599 2167 Leguntur
1617 2108 1734 2152 enim

332 2181 448 2241 leges
469 2178 708 2225 manifestae
724 2214 735 2235 ,
762 2179 839 2222 ubi
866 2188 1171 2238 praeceperunt
1200 2179 1483 2238 imperatores
1505 2193 1578 2223 eos
1600 2213 1612 2234 ‚
1652 2178 1730 2239 qui

337 2261 496 2313 praeter
523 2249 728 2296 Ecclesiae
760 2249 987 2295 catholicae
1015 2250 1373 2294 communionem
1402 2258 1616 2310 usurpant
1653 2249 1738 2294 sibi

341 2338 502 2368 nomen
518 2322 808 2367 christianum
826 2356 837 2376 ‚
874 2335 955 2364 nec
977 2319 1133 2364 volunt
1153 2320 1198 2364 in
1216 2335 1324 2380 pace
1345 2319 1488 2365 colere
1509 2320 1626 2380 pacis
1640 2335 1740 2365 auc-

343 2405 504 2449 torem,
525 2392 638 2437 nihil
660 2393 837 2437 nomine
859 2390 1063 2436 Ecclesiae
1081 2391 1271 2436 audeant
1293 2392 1525 2451 possidere.

401 2468 564 2511 XXVI.
588 2463 674 2510 Sed
689 2464 797 2525 quid
813 2463 941 2509 nobis
962 2472 1007 2508 et
1029 2463 1312 2523 imperatori?
1331 2463 1416 2509 Sed
1433 2464 1525 2524 jam
1541 2462 1660 2519 dixi,
1681 2462 1737 2507 de

341 2540 439 2598 jure
470 2538 666 2581 humano
697 2536 856 2596 agitur.
882 2537 940 2580 Et
974 2543 1121 2580 tamen
1148 2534 1385 2596 Apostolus
1419 2533 1560 2581 voluit
1589 2533 1739 2580 serviri

395 2627 403 2644 ¹
432 2621 513 2654 Psal.
534 2630 625 2661 xxm,
649 2632 679 2653 ι.
