1819 3301
325 287 378 323 22
750 298 782 323 s.
821 294 1049 323 AUGns'nm
1083 297 1262 324 nmscom

319 362 383 405 nit
399 397 409 416 ,
434 380 454 403 ‹<
478 360 561 406 Sed
578 361 671 404 haec
693 369 756 404 est
778 360 884 404 hora
907 368 1068 414 vestra,
1096 369 1139 404 et
1167 369 1355 419 potestas
1376 359 1705 404 tenebrarum1.

325 451 346 474 υ
384 435 476 476 Hoc
510 441 654 474 autem
682 440 823 474 totum
857 430 1018 474 factum
1046 439 1135 485 est,
1170 431 1282 474 sicut
1302 431 1534 475 Matthaeus
1555 428 1662 473 dicit
1695 447 1704 473 z

325 522 345 545 »
380 513 430 547 ut
451 503 737 561 implerentur
757 502 988 560 Scripturae
1005 501 1334 560 Prophetarum.
1354 503 1476 544 Tunc
1502 498 1710 558 Discipuli

325 594 345 617 »
381 590 531 620 omnes
554 574 702 618 relicto
736 589 787 617 eo
820 571 1073 632 fugerunt¹.
1106 590 1125 613 »
1164 573 1274 616 sicut
1302 581 1345 615 et
1379 575 1552 616 Marcus
1583 571 1705 614 dicit.

326 668 346 691 «
383 646 658 706 Sequebatur
680 654 825 689 autem
846 644 971 688 illum
994 660 1107 688 unus
1131 643 1379 688 adolescens
1401 642 1583 686 amictus
1618 642 1708 686 sin-

332 738 353 761 »
389 719 503 763 done
523 753 534 773 ,
556 718 694 762 »sicut
715 716 830 761 idem
844 719 1015 761 Marcus
1036 723 1375 768 commemorat,
1411 733 1429 755 «
1451 716 1507 757 Et
1528 727 1629 756 cum
1642 721 1709 756 te-

329 809 349 832 »
385 790 583 835 nuissent
604 804 720 845 eum,
745 790 901 848 rejecta
923 787 1105 831 sindone
1126 785 1270 831 nudus
1283 784 1475 845 profugit
1493 784 1548 828 ab
1564 784 1623 827 eis
1635 786 1667 826 ².
1687 801 1708 825 »

328 945 930 964 wmmmwmwwwwvvwwwww
1144 940 1711 959 wwwmmmmmm

874 1062 1090 1113 CAPUT
1128 1064 1214 1110 w.

663 1211 783 1270 Quoe
798 1217 938 1272 gesta
965 1205 1102 1267 apud
1120 1206 1386 1267 pontifices.

389 1348 510 1390 XIX.
533 1349 596 1390 AT
612 1345 673 1389 illi
688 1354 884 1389 tenentes
896 1348 919 1389 J
924 1360 1044 1389 esum
1063 1344 1284 1388 duxerunt
1298 1342 1353 1388 ad
1365 1343 1579 1402 Caipham
1598 1341 1721 1402 prin-

334 1435 355 1458 »
377 1416 517 1475 cipem
536 1416 825 1468 sacerdotum,
843 1415 919 1459 ubi
936 1415 1096 1460 Scribae
1113 1423 1155 1457 et
1167 1414 1354 1458 seniores
1368 1421 1680 1466 convenerant,
1695 1429 1716 1452 »

335 1488 445 1531 sicut
463 1487 694 1530 Matthaeus
716 1485 862 1530 dicitss.
892 1485 975 1529 Sed
999 1485 1138 1544 primo
1161 1484 1216 1528 ad
1245 1488 1418 1528 Annam
1447 1482 1604 1527 ductus
1627 1491 1691 1526 est
1706 1516 1718 1536 ‚

334 1573 530 1602 socerum
558 1557 738 1615 Caiphae
754 1592 764 1611 ‚
790 1557 900 1599 sicut
922 1558 1110 1599 Joannes
1131 1554 1236 1598 dicit
1250 1556 1281 1597 4.
1308 1556 1480 1598 Marcus
1507 1562 1652 1597 autem
1678 1560 1722 1596 et

335 1632 472 1672 Lucas
496 1642 656 1670 nomen
690 1642 779 1670 non
818 1625 970 1669 dicunt
992 1625 1250 1683 pontificis⁵.
1279 1627 1443 1667 Ductus
1479 1632 1543 1666 est
1574 1631 1720 1667 autem

334 1698 490 1755 ligatus
508 1733 517 1749 ‚
539 1713 639 1741 cum
663 1696 861 1739 adessent
883 1697 928 1739 in
949 1695 1021 1739 illa
1046 1695 1174 1739 turba
1197 1694 1400 1738 tribunus
1437 1703 1480 1738 et
1502 1694 1657 1738 cohors
1679 1701 1724 1738 et

336 1768 520 1812 ministri
544 1767 796 1810 Judaeorum
811 1801 821 1820 ‚
842 1767 950 1809 sicut
967 1769 1155 1809 Joannes
1169 1772 1496 1808 commemorat.
1523 1783 1543 1805 (ι
1571 1767 1723 1807 Petrus

338 1857 358 1879 »
395 1847 541 1880 autem
564 1837 827 1895 sequebatur
846 1851 945 1878 eum
968 1851 990 1878 a
1009 1832 1138 1892 longe
1159 1849 1297 1893 usque
1320 1833 1364 1876 in
1382 1833 1539 1876 atrium
1557 1832 1722 1892 princi-

340 1926 360 1949 »
395 1908 459 1967 pis
481 1908 755 1950 sacerdotum
775 1925 782 1949 :
810 1915 852 1948 et
873 1906 1089 1963 ingressus
1110 1904 1225 1947 intro
1248 1902 1427 1946 sedebat
1448 1918 1549 1946 cum
1571 1902 1724 1946 minis·
1769 1928 1773 1930 -
1818 1919 1819 1926 ’

341 1997 360 2019 »
397 1978 487 2030 tris,
516 1986 564 2020 ut
580 1977 746 2020 videret
769 1977 917 2029 finem,
933 1994 951 2015 υ
971 1975 1081 2018 sicut
1103 1973 1207 2017 dicit
1221 1973 1470 2017 Matthaeus.
1493 1992 1511 2014 α
1532 1975 1592 2016 Et
1611 1971 1726 2016 cale-

338 2067 358 2090 »
395 2047 581 2090 faciebat
598 2062 641 2089 se
665 2045 718 2089 ad
742 2045 884 2102 ignem
901 2080 912 2099 ‚
940 2063 958 2084 »
985 2045 1096 2088 sicut
1119 2044 1164 2087 in
1183 2059 1234 2087 eo
1256 2042 1353 2087 loeo
1376 2043 1634 2086 narrationis
1656 2040 1724 2086 di-

336 2119 393 2162 cit
416 2120 603 2164 Marcus.
643 2119 733 2158 Hoc
765 2124 808 2158 et
830 2115 947 2158 lucas
984 2122 1319 2167 commemorat,
1363 2112 1484 2172 quod
1517 2132 1537 2154 «
1571 2115 1725 2156 Petrus

339 2206 359 2228 »
393 2186 656 2245 sequebatur
670 2202 692 2227 a
714 2183 843 2243 longe
866 2203 874 2227 ·.
897 2199 1076 2227 accenso
1092 2193 1237 2226 autem
1256 2183 1355 2240 igne
1369 2183 1412 2226 in
1432 2181 1577 2226 medio
1595 2182 1722 2238 atrio,

337 2275 357 2298 »
394 2266 437 2299 et
457 2254 871 2299 circumsedentibus
889 2253 986 2307 illis,
1005 2262 1094 2296 erat
1110 2255 1260 2295 Petrus
1276 2252 1322 2294 in
1338 2251 1482 2296 medio
1495 2253 1721 2296 eorum⁶.»

331 2329 388 2371 Et
411 2329 598 2369 Joannes
620 2325 749 2377 dicit,
795 2323 918 2383 quod
945 2342 964 2364 «
994 2323 1265 2382 Sequebatur
1282 2324 1432 2364 Jesum
1459 2322 1610 2366 Simon
1639 2324 1724 2366 Pe-

335 2415 354 2438 »
391 2405 508 2450 trus,
545 2404 587 2438 et
615 2394 722 2438 alius
762 2392 1018 2452 Discipulus.
1051 2390 1302 2450 Discipulus
1325 2401 1472 2435 autem
1502 2391 1576 2435 ille
1611 2391 1721 2436 alius

384 2515 391 2530 ¹
414 2509 491 2539 Luc.
516 2506 650 2547 xx11,53
684 2523 724 2528 -
739 2513 752 2528 ²
765 2505 877 2537 Matth.
899 2516 985 2544 xxm,
1002 2505 1060 2542 56.
1075 2521 1116 2526 —-
1133 2501 1145 2525 3
1164 2505 1268 2535 Marc.
1290 2514 1358 2540 xtv,
1375 2503 1495 2536 50-52.
1515 2520 1556 2526 —-
1571 2501 1587 2531 6
1606 2502 1722 2535 Matth.

333 2574 420 2603 xxvi,
440 2562 556 2604 57-75.
583 2579 624 2584 —-
641 2560 656 2584 5
673 2565 763 2593 Joan.
784 2572 884 2601 xvm,
910 2569 1022 2601 ιιι-27.
1044 2576 1085 2581 -
1103 2557 1118 2581 ⁶
1140 2561 1239 2591 Marc.
1263 2570 1329 2597 xiv,
1351 2560 1467 2600 53—72‚
1487 2563 1519 2590 et
1543 2561 1621 2591 Luc.
1642 2569 1722 2600 xxn,

338 2618 458 2658 54-62.
