1819 3301
387 238 467 277 114
816 248 849 276 s.
887 247 1117 276 Auousnm
1150 238 1330 274 Emsco‘r'l

381 405 1582 427 wmwwwwmwvvmwwumwwmmwwwwumwuumwwu
1586 403 1759 421 *mmmm

915 497 1131 578 CAPUT
1174 530 1232 576 v.

513 672 715 716 Domini
733 673 978 715 sententia?
1001 669 1107 714 duce
1131 670 1330 714 itwicem
1353 666 1627 712 conciliare.

440 808 513 849 vl.
532 807 751 858 SEQmTUn
764 807 935 848 Marcus
959 822 967 846 :
992 822 1011 844 «
1028 805 1080 845 In
1094 801 1177 845 illis
1192 801 1343 845 diebus
1355 801 1511 845 iterum
1526 816 1625 845 cum
1639 801 1768 844 turba

385 894 404 916 η
439 874 579 919 multa
603 884 736 928 esset,
777 888 857 916 nec
879 873 1093 915 haberent
1114 870 1234 930 quod
1255 871 1602 925 manducarent,
1630 888 1650 910 »
1683 879 1765 913 etc.

382 960 519 1004 usque
542 943 597 986 ad
618 943 728 986 illud
751 942 824 985 ubi
856 941 916 984 ait
937 960 944 986 ;
975 960 995 982 «
1022 939 1264 999 Respondit
1284 939 1346 982 illi
1368 943 1556 984 Joannes
1588 939 1736 983 dicens
1757 958 1766 983 ε

385 1035 403 1055 n
440 1015 665 1071 Magister,
688 1012 876 1056 vidimus
899 1010 1134 1070 quemdam
1158 1011 1202 1053 in
1226 1010 1403 1054 nomine
1428 1020 1506 1054 tuo
1527 1011 1771 1070 ejicientem

385 1104 404 1124 »
442 1084 657 1127 doemonia
682 1083 757 1142 qui
780 1099 869 1126 non
902 1081 1100 1140 sequitur
1125 1081 1371 1131 nobiseum,
1403 1090 1446 1123 et
1466 1081 1771 1140 prohibuimus

385 1169 500 1197 eum.
529 1156 652 1195 Jesus
676 1161 820 1194 autem
841 1152 901 1194 ait
928 1170 936 1194 :
964 1149 1106 1194 Nolite
1135 1150 1367 1209 prohibere
1392 1160 1492 1192 eum
1521 1170 1529 1193 :
1555 1165 1684 1193 nemo
1711 1159 1774 1193 est

388 1243 406 1263 »
443 1224 558 1265 enirn
581 1223 655 1280 qui
677 1221 807 1264 faciat
831 1223 1034 1264 virtutem
1058 1222 1104 1262 in
1127 1221 1306 1264 nomine
1331 1234 1427 1263 meo
1446 1254 1456 1273 ,
1477 1229 1520 1262 et
1543 1219 1676 1278 possit
1688 1220 1775 1263 cito

389 1312 408 1334 »
445 1291 555 1336 male
577 1292 697 1350 loqui
720 1291 774 1334 de
803 1306 873 1333 me
906 1310 913 1334 ι
939 1291 1015 1349 qui
1039 1290 1154 1333 enim
1188 1305 1278 1333 non
1313 1300 1377 1333 est
1407 1290 1635 1333 adversum
1668 1304 1744 1334 vos
1762 1325 1772 1343 ‚

390 1382 410 1404 »
447 1377 524 1422 pro
541 1362 663 1405 vobis
686 1370 749 1404 est
768 1363 798 1403 ¹.
822 1380 838 1400 »
859 1363 951 1403 Hoc
975 1364 1112 1404 Lucas
1128 1361 1323 1403 similiter
1344 1368 1491 1403 narrat
1505 1361 1544 1410 ²„
1565 1358 1776 1418 nisiquod

387 1434 476 1493 ipse
501 1447 588 1475 non
614 1432 717 1474 dicit
744 1451 751 1474 2
778 1450 797 1472 «
825 1433 961 1475 Nemo
985 1439 1048 1474 est
1081 1430 1197 1473 enim
1219 1430 1295 1489 qui
1335 1430 1465 1473 faciat
1505 1430 1709 1473 virtutem
1733 1430 1780 1472 in

392 1522 410 1543 n
448 1502 623 1546 nomine
648 1516 766 1553 meo,
792 1510 835 1543 et
856 1500 990 1558 possit
1012 1500 1098 1543 cito
1118 1499 1228 1542 male
1248 1499 1370 1559 loqui
1393 1500 1447 1542 de
1470 1514 1538 1542 me
1565 1518 1573 1542 :
1603 1517 1622 1539 »
1658 1498 1780 1542 nulla

394 1582 456 1615 est
478 1587 579 1628 ergo
612 1571 725 1613 inter
748 1585 819 1613 eos
842 1569 1025 1628 quaestio
1063 1570 1318 1628 cujusquam
1353 1569 1668 1627 repugnantiae.
1698 1567 1782 1613 Sed

393 1642 632 1685 videndum
654 1649 716 1683 est
738 1655 792 1682 ne
817 1641 900 1682 hoe
919 1639 981 1681 illi
1004 1640 1229 1682 sententiae
1263 1639 1434 1682 Domini
1466 1648 1646 1697 putetur
1673 1654 1780 1682 con-

395 1711 574 1755 trarium
594 1709 670 1752 ubi
700 1709 757 1751 ait
780 1727 788 1752 :
818 1728 836 1748 «
859 1709 943 1760 Qui
959 1723 1130 1751 mecum
1153 1723 1242 1751 non
1265 1718 1353 1762 est,
1378 1708 1582 1752 adversus
1606 1724 1673 1751 me
1691 1717 1779 1753 estz

400 1802 419 1822 η
456 1791 498 1824 et
520 1781 595 1840 qui
612 1795 780 1823 meeum
806 1795 895 1822 non
916 1778 1082 1836 colligit
1098 1813 1108 1833 ‚
1135 1779 1337 1837 spargitss.
1375 1797 1394 1818 »
1417 1776 1644 1831 Quoxfiodo
1667 1779 1783 1822 enim

398 1854 477 1896 iste
500 1867 589 1894 non
625 1860 716 1893 erat
739 1849 944 1893 adversus
973 1865 1073 1892 eum
1092 1884 1103 1903 ‚
1129 1851 1203 1908 qui
1227 1865 1327 1892 eum
1359 1849 1435 1892 illo
1464 1865 1550 1893 non
1579 1859 1695 1904 erat,
1731 1849 1786 1893 de

399 1937 487 1981 quo
511 1924 698 1964 Joannes
720 1921 928 1977 suggessit
950 1954 960 1972 ,
986 1918 1107 1978 quod
1130 1934 1227 1962 curn
1251 1918 1332 1962 illis
1350 1934 1451 1961 eum
1465 1935 1554 1962 non
1570 1921 1785 1978 sequeba-

402 2002 472 2035 tur
487 2026 497 2045 ‚
517 1991 551 2033 si
573 1990 775 2032 adversus
798 1989 923 2032 illum
942 1998 1005 2032 est
1027 1989 1099 2048 qui
1120 2003 1208 2031 non
1223 1998 1287 2031 est
1307 2004 1407 2032 cum
1430 1988 1504 2032 illo
1526 2008 1534 2032 ε
1560 1998 1635 2032 aut
1655 1989 1688 2031 si
1711 1988 1788 2032 ad-

401 2076 547 2104 versus
570 2059 694 2102 illum
719 2067 830 2112 erat,
852 2057 1075 2118 quomodo
1098 2058 1202 2101 dicit
1224 2058 1474 2117 Diseipulis:
1497 2077 1516 2100 «
1535 2057 1787 2117 Noliterp'ro—

405 2151 424 2171 »
462 2131 632 2186 hibere3
657 2129 730 2188 qui
756 2129 869 2171 enim
892 2144 977 2172 non
1002 2138 1065 2171 est
1087 2127 1290 2171 adversus
1305 2144 1403 2183 vos,
1420 2144 1498 2187 pro
1512 2128 1634 2172 vobis
1656 2130 1744 2172 est?
1764 2147 1784 2168 »

404 2206 471 2245 An
486 2202 568 2243 hoe
586 2201 788 2243 interesse
803 2198 958 2257 aliquis
973 2199 1109 2252 dicet,
1127 2199 1225 2256 quia
1241 2199 1311 2241 hic
1328 2197 1555 2257 Discipulis
1570 2199 1626 2242 ait
1643 2217 1650 2242 :
1672 2217 1690 2239 «
1708 2199 1789 2250 Qui

408 2290 426 2311 »
463 2285 550 2313 non
573 2277 634 2311 est
656 2267 858 2310 adversus
881 2284 954 2311 vos
970 2303 980 2321 ‚
1006 2283 1084 2325 pro
1107 2267 1227 2310 vobis
1244 2277 1307 2310 est
1329 2286 1336 2310 :
1369 2286 1387 2307 »
1423 2268 1484 2310 ibi
1508 2277 1653 2310 autem
1676 2267 1730 2310 de
1745 2282 1790 2313 se

404 2341 496 2399 ipso
520 2339 689 2382 locutus
712 2348 774 2380 est
794 2357 800 2380 :
821 2357 840 2378 «
859 2338 942 2389 Qui
964 2352 1133 2380 meeum
1156 2352 1243 2379 non
1259 2346 1338 2389 est,
1361 2336 1564 2380 adversus
1581 2352 1649 2380 me
1661 2346 1740 2380 est.
1766 2354 1784 2377 »

403 2409 530 2462 Quasi
547 2424 649 2453 voro
672 2408 802 2466 possit
824 2423 925 2450 eum
942 2406 1017 2451 illo
1036 2422 1123 2450 non
1142 2422 1229 2450 esse
1246 2407 1322 2465 qui
1340 2406 1567 2466 Discipulis
1581 2408 1670 2466 ejus
1689 2415 1788 2450 tan-

454 2511 461 2526 ¹
485 2507 582 2534 Marc.
608 2513 679 2542 vm,
702 2513 729 2533 ι.
758 2508 789 2533 et
809 2513 853 2542 ιι,
879 2502 991 2543 37-39.
1027 2519 1056 2523 —-
1080 2509 1090 2523 ²
1106 2504 1182 2533 Luc.
1204 2512 1251 2542 lx,
1271 2500 1326 2544 49,
1351 2502 1405 2534 50.
1426 2501 1494 2524 -3
1512 2502 1632 2534 Matth.
1653 2513 1709 2543 ιιι,
1737 2502 1788 2542 30,

406 2562 440 2590 et
458 2560 533 2590 Luc.
554 2569 594 2598 ¹1,
611 2558 664 2588 23.
