1819 3301
274 323 327 347 m:
358 322 566 348 consensu
600 319 1011 356 EvANGELls’rARUM,
1048 319 1128 343 Lm.
1166 317 1231 343 ιη.
1386 305 1433 344 41

65 406 84 429 »
120 386 265 431 inveni
288 386 333 429 in
355 385 530 429 homine
550 385 632 429 isto
650 400 700 443 ex
718 385 780 428 his
797 384 841 427 in
864 382 1021 443 quibus
1044 396 1143 425 eum
1166 381 1387 425 accusatis.
1418 400 1438 422 »

63 458 143 502 Hic
164 454 445 514 intelligimus
469 471 568 498 eum
591 455 908 513 praetermisisse
927 452 1297 513 quemadmodum
1316 468 1340 495 a
1358 454 1444 495 Do-

63 528 183 572 mino
214 527 460 587 quaesierit,
501 525 608 585 quid
635 527 957 570 accusatoribus
992 525 1287 584 responderet.
1319 523 1445 568 «Sed

67 617 86 640 »
122 612 265 656 neque
297 597 510 651 Herodes,
536 596 704 656 inquit:
730 598 839 640 Nam
868 596 1010 639 remisi
1042 611 1118 640 vos
1140 595 1195 639 ad
1221 594 1345 638 illum
1367 630 1377 649 ‚
1402 603 1446 639 et

67 686 87 708 »
123 682 222 712 ecce
255 666 365 710 nihil
398 666 579 725 dignum
610 674 748 710 morte
785 674 931 709 actum
964 675 1028 709 est
1062 666 1115 709 ei.
1152 664 1446 709 Emendatum

68 756 88 779 »
123 752 223 795 ergo
244 736 369 780 illum
387 735 619 779 dimittam.
642 738 821 781 Necesse
843 744 988 779 autem
1012 735 1200 779 habebat
1230 735 1448 779 dimittere

68 826 88 849 »
123 808 182 851 eis
210 822 287 866 per
307 805 421 850 diem
459 805 618 850 festum
655 821 807 850 unum.
845 805 1113 850 Exclamavit
1144 814 1290 849 autem
1319 804 1445 849 simul

68 895 88 919 »
123 877 323 921 universa
357 876 484 920 turba
511 876 657 920 dicens
683 895 692 920 :
719 875 840 920 Tolle
869 877 986 920 hunc
1004 911 1014 930 ,
1047 884 1091 919 et
1120 875 1290 919 dimitte
1324 875 1450 919 nobis

69 967 89 990 »
120 948 364 992 Barabbam
388 967 396 991 :
423 948 499 1007 qui
521 957 611 991 erat
629 957 804 1006 propter
826 946 1081 991 seditionem
1100 945 1335 1006 quamdam
1359 944 1449 989 fac-

70 1037 90 1059 »
126 1028 211 1062 tam
234 1018 280 1061 in
301 1018 472 1061 civitate
493 1026 536 1060 et
558 1016 842 1061 homicidium
866 1017 1016 1060 missus
1035 1017 1080 1059 in
1102 1031 1332 1061 carcerem.
1361 1019 1450 1060 lte-

70 1106 90 1130 »
125 1103 222 1131 rum
243 1096 390 1131 autem
413 1086 572 1130 Pilatus
595 1086 767 1130 locutus
779 1095 843 1130 est
866 1086 920 1129 ad
943 1086 1053 1140 illos,
1068 1087 1217 1131 volens
1233 1085 1451 1130 dimittere

72 1179 90 1200 »
126 1161 149 1202 J
153 1160 354 1203 esum.At
370 1157 433 1201 illi
447 1157 769 1201 succlamabant
783 1156 974 1201 dicentes
987 1176 994 1201 ;
1006 1157 1238 1215 Crucifige,
1251 1158 1452 1215 crucifige

70 1248 91 1273 »
126 1244 242 1273 eum.
268 1228 346 1273 Ille
363 1238 504 1272 autem
531 1229 657 1274 tertio
680 1228 789 1273 dixit
821 1228 876 1272 ad
910 1227 1005 1272 illos
1027 1228 1174 1281 :Quid
1206 1228 1321 1271 enim
1351 1226 1453 1271 mali

70 1319 91 1342 »
127 1298 230 1344 fecit
242 1299 345 1343 iste?
359 1298 524 1343 nullam
540 1314 714 1343 causam
729 1299 879 1342 mortis
894 1298 1068 1341 invenio
1080 1298 1124 1341 in
1139 1313 1190 1342 eo
1205 1298 1454 1356 :corripiam

73 1389 92 1412 »
128 1384 229 1427 ergo
249 1368 373 1412 illum
391 1403 402 1423 ,
428 1378 471 1412 et
488 1368 720 1412 dimittam.
739 1371 796 1412 At
822 1368 883 1411 illi
901 1368 1124 1412 instabant
1138 1368 1317 1412 vocibus
1338 1383 1454 1425 mag-

73 1459 93 1482 »
129 1440 216 1495 nis,
231 1438 496 1498 postulantes
512 1447 559 1482 ut
579 1439 918 1497 crucifigeretur,
938 1447 980 1481 et
995 1438 1317 1482 invalescebant
1330 1453 1456 1482 voces

73 1528 94 1552 »
129 1525 296 1555 eorum.
318 1509 585 1553 »Matthaeus
601 1509 702 1553 huic
724 1509 897 1552 conatui
918 1508 1058 1563 Pilati,
1079 1525 1166 1568 quo
1184 1509 1339 1568 saepius
1355 1524 1456 1552 cum

70 1580 129 1624 eis
157 1580 267 1639 egit,
292 1579 443 1624 volens
466 1588 515 1622 ut
536 1579 828 1622 dimitteretur
850 1581 972 1622 Jesus
994 1614 1003 1634 ,
1030 1579 1295 1637 paucissimis
1317 1579 1458 1624 verbis

70 1650 168 1694 satis
190 1658 415 1694 attestatus
436 1658 524 1703 est,
550 1649 625 1691 ubi
650 1650 709 1692 ait
736 1667 744 1693 ι
769 1667 788 1690 «
810 1647 970 1691 Videns
993 1658 1138 1691 autem
1167 1648 1328 1692 Pilatus
1356 1649 1457 1708 quia

75 1738 94 1761 »
130 1720 240 1763 nihil
261 1719 520 1778 proficeret,
546 1718 621 1762 sed
650 1719 782 1776 magis
820 1719 1034 1762 tumultus
1066 1719 1215 1761 fieret¹
1244 1738 1252 1764 z
1283 1737 1302 1759 »
1337 1720 1458 1778 quod

72 1807 161 1836 non
179 1790 342 1835 diceret
358 1791 438 1834 nisi
459 1790 648 1834 multum
668 1789 739 1833 ille
754 1790 872 1833 nisus
885 1799 993 1832 esset
1015 1809 1023 1833 :
1041 1790 1239 1848 quamvis
1257 1791 1455 1844 tacuerit,

72 1863 241 1922 quoties
264 1863 347 1906 hoc
362 1862 532 1906 efficere
555 1861 802 1914 tentaverit,
817 1869 866 1904 ut
878 1869 1048 1904 erueret
1067 1863 1214 1903 Jesum
1237 1860 1372 1905 furori
1393 1877 1461 1905 eo-

73 1948 185 1978 rum.
212 1936 269 1977 Et
286 1936 424 1976 Lucas
447 1933 593 1992 itaque
615 1932 670 1975 ita
693 1929 918 1975 concludit
935 1930 1056 1990 quod
1079 1941 1223 1974 actum
1245 1941 1308 1975 est
1343 1931 1460 1990 apud

74 2003 300 2065 praesidem
329 2024 338 2049 2
373 2023 393 2046 «
421 2007 477 2048 Et
512 2003 696 2056 Pilatus,
729 2003 893 2062 inquit,
927 2001 1190 2062 adjudicavit
1227 2003 1318 2045 fieri
1346 2003 1461 2061 peti-

78 2094 98 2117 »
134 2074 298 2118 tionem
332 2088 499 2118 eorum.
533 2073 700 2116 Dimisit
738 2082 883 2115 autem
916 2072 1000 2115 illis
1034 2087 1136 2115 eum
1172 2073 1249 2131 qui
1285 2082 1462 2130 propter

80 2164 100 2187 »
134 2143 420 2189 homicidium
443 2151 486 2187 et
510 2141 766 2185 seditionem
803 2142 956 2184 missus
978 2139 1120 2184 fuerat
1143 2142 1187 2184 in
1215 2156 1429 2185 carcerem
1449 2177 1459 2195 ,

79 2233 99 2256 »
134 2229 265 2273 quem
283 2213 491 2272 petebant
507 2215 675 2256 :Jesum
689 2226 790 2255 vero
805 2209 982 2254 tradidit
994 2210 1211 2255 voluntati
1226 2215 1417 2255 eorum‘2.
1437 2229 1458 2253 »

134 2286 316 2329 XXXV.
332 2286 457 2328 Nunc
469 2283 621 2327 eadem
635 2283 876 2327 secundum
891 2285 913 2326 J
919 2297 1105 2327 oannem
1121 2282 1459 2338 consideremus,

76 2356 122 2401 id
144 2364 206 2400 est
221 2390 232 2410 ,
258 2370 356 2414 quae
376 2369 453 2413 per
472 2353 658 2398 Pilatum
677 2353 790 2397 facta
811 2363 928 2397 sunt.
954 2372 973 2394 α
994 2356 1050 2397 Et
1066 2354 1169 2413 ipsi,
1187 2353 1353 2413 inquit,
1373 2369 1463 2399 non

82 2444 102 2468 »
138 2425 398 2471 introierunt
414 2425 459 2468 in
474 2424 727 2483 praetorium
740 2459 751 2479 ,
771 2433 822 2468 ut
838 2439 928 2468 non
945 2424 1371 2480 contaminarentur,
1391 2425 1466 2469 sed

81 2515 102 2539 »
136 2495 452 2541 manducarent
472 2495 648 2539 Pascha.
675 2494 793 2538 Exiit
824 2509 926 2552 ergo
956 2493 1117 2539 Pilatus
1141 2493 1195 2538 ad
1217 2509 1288 2539 eos
1321 2493 1461 2551 foras,

80 2585 102 2610 »
137 2577 180 2612 et
195 2566 327 2613 dixit:
348 2569 490 2620 Quam
504 2566 823 2612 accusationem
842 2567 1004 2612 affertis
1022 2564 1225 2612 adversus
1238 2566 1462 2613 hominem

128 2659 138 2678 ¹
159 2652 279 2688 Matth.
303 2663 405 2696 xxvii,
424 2652 479 2695 ²4·
499 2669 541 2679 —-·
560 2659 574 2681 ²
591 2654 668 2687 Luc.
694 2662 784 2695 xxm,
797 2652 897 2686 2-25.
