1819 3301
352 214 434 253 398
778 224 812 254 s.
848 227 1080 255 Aucus‘rlm
1113 227 1295 254 EPISCOPI

346 291 444 335 cula
466 292 599 336 habet
628 292 818 336 animam
835 327 846 348 ‚
871 302 914 336 et
935 292 1034 335 lana
1068 301 1111 335 et
1140 292 1285 336 vestis.
1315 291 1466 336 Solent
1487 293 1603 337 enim
1625 293 1738 338 deli-

349 370 492 406 rantes
514 362 674 416 dicere,
696 371 739 405 et
757 377 858 405 eum
881 361 1062 420 repressi
1084 360 1247 405 fuerint
1265 370 1309 405 et
1329 362 1489 421 repulsi
1511 382 1522 419 3
1546 364 1667 422 quasi
1684 363 1741 408 de

351 433 583 492 Scripturis
605 431 835 491 proferunt
850 431 1063 476 dicentes:
1081 434 1137 476 Ut
1153 431 1261 492 quid
1276 433 1441 477 dictum
1463 443 1552 479 est:
1574 453 1594 475 «
1611 433 1741 487 Quod

350 521 368 542 n
408 502 571 547 factum
593 512 657 546 est
687 503 732 545 in
767 502 865 557 illo,
896 502 985 546 vita
1012 505 1108 546 est?
1133 520 1154 543 »
1183 503 1225 547 Si
1253 503 1368 546 enim
1401 503 1547 547 omnia
1576 504 1621 547 in
1645 504 1739 562 ipso

348 574 460 616 facta
481 581 598 626 sunt,
624 572 770 616 omnia
792 572 879 616 vita
901 581 1018 617 sunt.
1045 575 1143 617 Non
1164 588 1208 616 ιθ
1230 572 1453 617 abducant
1472 592 1480 617 z
1502 575 1740 632 pronuntia

348 644 406 686 sic
433 662 442 687 ς
472 662 492 684 «
517 641 648 695 Quod
679 641 845 686 factum
867 652 931 686 est
961 662 969 687 :
1010 661 1030 683 »
1056 643 1128 687 hic
1155 642 1480 701 subdistingue,
1507 653 1550 687 et
1581 643 1740 697 deinde

348 712 460 756 infer
478 748 489 768 ,
515 732 536 754 «
560 715 610 757 In
632 712 709 757 illo
729 714 817 757 vita
839 723 917 757 est.
948 732 967 754 »
990 712 1105 766 Quid
1128 723 1192 757 est
1215 713 1296 757 hoc
1310 715 1327 755 ’ἲ
1356 717 1487 758 Facta
1509 723 1574 758 est
1594 723 1706 758 terra
1725 749 1736 769 ‚

349 783 426 827 sed
447 786 536 842 ipsa
564 792 676 827 terra
697 800 796 843 quae
829 782 941 827 sacta
971 793 1036 828 est
1054 819 1065 838 ,
1098 799 1187 827 non
1210 793 1274 827 est
1294 785 1382 828 vita
1406 804 1414 828 :
1444 795 1508 828 est
1525 794 1672 829 autem
1694 784 1741 828 in

345 856 435 913 ipsa
468 854 686 913 Sapientia
703 854 951 913 spiritaliter
972 855 1081 899 ratio
1103 855 1305 914 quaedam
1323 890 1334 910 ,
1369 871 1455 915 qua
1478 864 1591 899 terra
1623 853 1737 900 lacta

346 936 408 970 est
426 962 436 981 ,
461 927 556 970 haec
575 926 663 971 vita
680 936 758 970 est.
1470 981 1487 988 ,⁷

405 999 549 1040 XVII.
571 996 804 1050 Quomodo
828 1012 1002 1055 possum
1019 1031 1031 1051 ,
1059 996 1200 1040 dicam
1223 996 1435 1041 Chauitati
1458 998 1637 1040 Vestrae.
1660 999 1739 1040 Fa-

349 1068 423 1110 ber
445 1066 549 1111 facit
572 1083 731 1111 arcam.
768 1068 913 1111 Primo
936 1068 982 1110 in
1004 1077 1094 1111 arte
1114 1067 1249 1110 habet
1270 1082 1414 1111 arcam
1442 1086 1450 1110 :
1492 1068 1525 1111 si
1557 1067 1670 1110 enim
1693 1067 1739 1110 in

347 1149 438 1182 arte
461 1155 602 1183 arcam
632 1154 719 1182 non
743 1139 954 1193 haberet,
981 1138 1099 1198 unde
1134 1137 1253 1181 illam
1289 1136 1547 1182 fabricando
1567 1136 1738 1197 profer-

346 1211 443 1252 ret?
466 1209 551 1254 Sed
573 1225 670 1253 arca
694 1209 754 1253 sic
777 1217 840 1252 est
874 1209 919 1252 in
956 1218 1068 1263 arte,
1106 1218 1155 1252 ut
1175 1224 1265 1252 non
1287 1209 1377 1267 ipsa
1402 1224 1498 1252 arca
1524 1209 1579 1252 sit
1596 1244 1606 1261 ,
1639 1224 1738 1267 quae

345 1279 519 1323 videtur
542 1280 691 1325 oculis.
718 1283 767 1323 In
793 1289 883 1323 arte
900 1278 1174 1323 invisibiliter
1191 1288 1271 1334 est,
1298 1280 1342 1322 in
1360 1295 1490 1338 opere
1512 1278 1738 1323 visibiliter

344 1352 440 1394 erit.
479 1353 592 1394 Ecce
624 1349 737 1394 facta
772 1361 836 1394 est
865 1351 909 1393 in
950 1365 1106 1409 opere,
1141 1349 1359 1409 numquid
1392 1350 1558 1394 destitit
1579 1365 1669 1394 esse
1692 1350 1737 1393 in

343 1422 466 1464 arte?
488 1423 545 1464 Et
565 1420 639 1464 illa
662 1421 707 1463 in
733 1435 864 1479 opere
888 1419 1001 1464 facta
1019 1430 1111 1474 est,
1136 1429 1179 1463 et
1201 1419 1274 1463 illa
1295 1430 1443 1464 manet
1464 1436 1565 1480 quae
1585 1421 1628 1463 in
1646 1429 1738 1463 arte

343 1501 407 1535 est
438 1510 446 1535 :
483 1507 585 1534 nam
618 1499 760 1550 potest
800 1490 871 1534 illa
894 1506 993 1534 arca
1017 1500 1285 1549 putrescere,
1311 1500 1354 1533 et
1381 1490 1539 1533 iterum
1577 1506 1627 1533 ex
1663 1489 1737 1533 illa

342 1577 441 1621 quae
462 1561 509 1605 in
539 1570 630 1604 arte
651 1570 741 1615 est,
769 1560 850 1604 alia
873 1559 1091 1604 fabricari.
1131 1558 1355 1603 Attendite
1384 1575 1487 1618 ergo
1519 1575 1661 1604 arcam
1691 1560 1736 1603 in

343 1642 433 1677 arte
451 1668 462 1687 ,
488 1642 531 1676 et
553 1647 697 1676 arcam
713 1632 759 1675 in
781 1647 927 1691 opere.
955 1635 1065 1676 Arca
1092 1631 1139 1687 in
1159 1646 1290 1690 opere
1314 1646 1402 1674 non
1425 1641 1488 1675 est
1510 1631 1613 1684 vita,
1639 1647 1737 1674 arca

341 1703 386 1746 in
408 1712 499 1746 arte
527 1703 613 1746 vita
638 1699 702 1746 est
734 1721 743 1746 2
777 1703 880 1761 quia
909 1702 1015 1745 vivit
1043 1701 1184 1744 anima
1210 1700 1382 1744 artificis
1398 1735 1409 1755 ,
1434 1701 1511 1744 ubi
1533 1710 1635 1744 sunt
1656 1701 1736 1744 ista

342 1774 488 1818 omnia
506 1782 740 1832 antequam
764 1771 1061 1831 proferantur.
1089 1772 1157 1817 Sie
1175 1786 1293 1829 ergo,
1311 1770 1462 1815 fratres
1478 1771 1731 1825 charissimi,

341 1845 444 1903 quia
468 1844 686 1902 Sapientia
709 1843 809 1898 Dei,
835 1858 912 1902 per
933 1858 1066 1902 quam
1092 1841 1204 1886 facta
1238 1851 1341 1885 sunt
1369 1842 1538 1896 omnia,
1575 1857 1734 1886 secun-

342 1916 447 1959 dum
478 1924 611 1958 artem
636 1915 831 1958 continet
862 1915 1035 1967 omnia,
1075 1923 1308 1973 antequam
1341 1912 1524 1957 fabricet
1557 1914 1731 1969 omnia,

343 1987 444 2030 hinc
461 2001 561 2044 quae
585 1985 696 2027 fiunt
719 1999 794 2041 per
812 1985 946 2042 ipsam
969 1994 1103 2028 artem
1127 2019 1136 2036 ,
1164 1999 1253 2027 non
1275 1984 1485 2027 continuo
1505 1984 1591 2027 vita
1613 1993 1730 2037 sunt,

343 2057 418 2100 sed
449 2054 667 2116 quidquid
689 2053 852 2098 factum
878 2064 941 2097 est
958 2090 968 2108 ,
995 2055 1081 2097 vita
1104 2054 1148 2096 in
1170 2053 1245 2097 illo
1277 2063 1354 2097 est.
1384 2057 1555 2097 Terram
1579 2053 1699 2098 vides
1719 2089 1729 2108 ,

341 2136 406 2170 est
428 2126 471 2168 in
493 2135 584 2168 arte
606 2134 719 2168 terra
742 2144 750 2168 :
771 2124 932 2167 coelum
955 2123 1098 2177 vides,
1129 2134 1190 2167 est
1210 2124 1253 2166 in
1272 2133 1362 2166 arte
1379 2122 1541 2166 eoelum
1567 2142 1576 2167 :
1598 2123 1732 2167 solem

343 2206 386 2240 et
417 2196 569 2239 lunam
605 2194 722 2238 vides
740 2229 750 2246 ‚
787 2202 888 2237 sunt
916 2202 959 2236 et
987 2194 1065 2236 ista
1088 2193 1133 2235 in
1158 2202 1248 2236 arte
1274 2212 1282 2236 ς
1315 2192 1389 2236 sed
1420 2192 1523 2236 foris
1551 2208 1731 2251 corpora

341 2276 465 2320 sunt,
500 2266 544 2308 in
575 2274 667 2308 arte
698 2264 784 2307 vita
814 2272 929 2307 sunt.
964 2262 1145 2315 Videte,
1183 2263 1217 2305 si
1246 2278 1334 2321 quo
1362 2262 1492 2306 modo
1525 2263 1729 2321 potesti53

340 2352 498 2395 magna
522 2335 637 2378 enim
663 2351 727 2377 res
744 2334 855 2377 dicta
881 2343 942 2376 est
959 2354 969 2390 3
988 2342 1030 2376 et
1053 2332 1085 2376 si
1109 2348 1197 2375 non
1215 2349 1238 2375 a
1263 2349 1330 2375 me
1348 2348 1522 2391 magno,
1548 2342 1622 2376 aut
1644 2349 1732 2377 non

340 2424 417 2468 per
439 2422 508 2450 me
529 2421 762 2464 magnum,
794 2414 939 2448 tamen
962 2420 983 2446 a
1008 2419 1183 2460 magno.
1209 2406 1306 2447 Non
1334 2403 1448 2446 enim
1473 2419 1497 2446 a
1526 2419 1596 2446 me
1630 2419 1730 2462 par-

339 2476 443 2522 vulo
465 2476 580 2520 dicta
605 2484 707 2519 sunt
733 2474 827 2517 haec
855 2492 864 2518 :
888 2473 963 2516 sed
983 2473 1055 2516 ille
1085 2487 1174 2516 non
1195 2482 1259 2516 est
1283 2472 1488 2531 parvulus
1511 2473 1566 2517 ad
1599 2488 1730 2533 quem

340 2547 545 2606 respicio,
570 2555 621 2589 ut
639 2544 797 2589 dicam.
823 2543 978 2602 Capiat
993 2543 1178 2602 quisque
1203 2551 1251 2586 ut
1268 2551 1425 2600 potest,
1451 2542 1495 2586 in
1515 2553 1729 2602 quantum
