1819 3301
408 273 453 299 IN
486 270 660 300 solimus
691 269 1000 308 EvANGELmM,
1035 269 1181 297 TRACT.
1217 270 1275 298 iv.
1450 259 1526 298 441

152 337 375 382 ineffabile
397 347 713 382 sacramentum
737 357 745 383 :
770 338 884 393 vide,
905 337 1006 397 quia
1027 336 1142 380 solus
1160 336 1355 380 Christus
1379 339 1535 381 meruit

151 408 359 468 baptizari
394 409 570 451 ,loannis
606 408 834 466 baptismo.
874 411 1018 467 Atque
1055 407 1112 450 ita
1152 407 1287 466 major
1315 406 1535 450 videretur

151 478 389 538 baptismus
410 478 535 532 servi,
567 465 698 538 quam
721 478 960 538 baptismus
992 477 1176 521 Domini.
1207 477 1415 535 Baptizati
1437 487 1536 521 sunt

151 557 194 592 et
221 548 292 591 alii
320 548 537 606 baptismo
560 548 764 603 Joannis,
790 563 845 591 ne
868 547 1018 591 melior
1051 547 1290 606 baptismus
1318 547 1529 591 videretur

151 618 329 662 Joannis
354 633 484 677 quam
502 618 661 662 Christi
688 637 695 661 :
724 618 965 676 baptizatus
997 627 1140 661 autem
1161 627 1203 661 et
1229 617 1467 672 Dominus,
1488 627 1538 661 ut

152 689 338 733 Domino
359 689 617 748 suscipiente
645 689 909 747 baptismum
931 688 1062 741 servi,
1090 703 1177 731 non
1200 687 1538 745 dedignarentur

150 757 220 802 alii
242 759 351 802 servi
373 758 589 817 suscipere
614 759 881 817 baptismum
904 757 1097 814 Domini3
1123 756 1177 800 ad
1199 758 1282 801 hoc
1307 772 1408 815 ergo
1433 757 1537 801 mis-

152 844 222 872 sus
243 838 334 873 erat
357 832 562 872 Joannes.

209 902 306 943 XV.
363 899 447 944 Sed
481 908 660 943 noverat
681 899 924 953 Christum,
957 914 1101 942 aunon
1134 900 1344 942 noverat?
1374 898 1415 942 Si
1450 913 1538 941 uon

153 980 347 1025 noverat,
375 986 508 1030 quare
527 970 696 1014 dicebat
720 970 897 1030 quando
919 969 1036 1014 venit
1059 970 1113 1013 ad
1131 970 1312 1013 fluvium
1325 970 1534 1021 Christus,

156 1060 176 1083 a
201 1045 296 1099 Ego
318 1056 340 1084 a
363 1049 405 1083 te
431 1040 570 1084 debeo
595 1041 801 1100 baptizari
826 1042 867 1083 ¹?
899 1059 918 1081 »
941 1041 1023 1084 hoc
1046 1049 1133 1095 est,
1165 1041 1259 1084 Scio
1293 1040 1367 1099 qui
1398 1040 1465 1083 sis.
1497 1039 1539 1083 Si

154 1127 254 1169 ergo
276 1113 365 1171 Jam
389 1120 589 1165 noverat,
620 1121 736 1155 certe
765 1121 870 1154 tunc
894 1111 1096 1167 cognovit
1126 1110 1302 1170 quando
1325 1109 1432 1154 vidit
1464 1126 1539 1153 co-

151 1182 347 1225 lumbam
381 1180 732 1225 descendentem.
771 1181 1050 1225 Manifestum
1088 1190 1152 1223 est
1198 1181 1299 1239 quia
1338 1180 1539 1223 columba

151 1268 240 1296 non
271 1251 493 1296 descendit
521 1267 649 1310 super
678 1251 937 1305 Dominum,
964 1251 1046 1294 nisi
1077 1259 1364 1310 posteaquam
1390 1265 1539 1293 ascen-

155 1322 220 1366 dit
246 1322 300 1365 ab
339 1338 450 1381 aqua
486 1321 704 1380 baptismi.
742 1321 951 1364 Dominus
986 1321 1226 1379 baptizatus
1261 1319 1452 1363 ascendit
1485 1320 1539 1362 ab

155 1408 288 1452 aqua,
311 1391 447 1450 aperti
474 1400 573 1434 sunt
596 1391 718 1445 coeli,
744 1399 786 1434 et
807 1390 916 1434 vidit
937 1406 1066 1449 super
1088 1406 1186 1433 eum
1205 1390 1468 1434 columbam.
1498 1389 1538 1434 Si

153 1477 253 1519 ergo
287 1471 382 1520 post
413 1461 676 1520 baptismum
709 1459 930 1504 descendit
961 1459 1180 1514 columba,
1223 1470 1266 1504 ct
1303 1469 1538 1519 antequam
1583 1518 1585 1522 ι

154 1533 448 1592 baptizaretur
482 1533 711 1585 Dominus,
745 1532 850 1574 dixit
882 1531 941 1574 illi
967 1534 1156 1576 Joannes
1185 1551 1192 1576 :
1233 1550 1252 1572 «
1287 1534 1351 1574 Tu
1385 1530 1439 1574 ad
1474 1545 1541 1573 me

158 1623 177 1645 »
212 1604 347 1658 venis,
374 1619 454 1661 ego
479 1619 501 1646 a
525 1613 564 1646 te
587 1602 724 1646 debeo
744 1603 948 1661 baptizari
973 1604 990 1646 ‚³
1011 1621 1029 1643 »
1053 1612 1172 1657 ante,
1193 1601 1315 1645 illum
1339 1610 1538 1654 noverat,

156 1674 226 1718 cui
245 1673 350 1717 dixit
371 1693 379 1717 ;
415 1692 434 1715 «
461 1676 525 1716 Tu
545 1673 600 1716 ad
623 1689 691 1716 me
710 1672 830 1716 venis
846 1708 856 1727 ‚
883 1688 962 1730 ego
981 1688 1003 1715 a
1027 1682 1068 1716 te
1092 1671 1231 1716 debeo
1254 1672 1493 1731 baptizari?
1520 1690 1538 1711 »

156 1743 379 1804 quomodo
397 1758 498 1801 ergo
521 1744 626 1787 dixit
650 1763 657 1787 :
688 1763 706 1785 «
728 1746 784 1786 Et
801 1757 879 1799 ego
898 1742 1141 1786 nesciebam
1157 1758 1277 1796 eum,
1300 1741 1372 1785 sed
1387 1742 1543 1801 quimc

160 1834 179 1855 »
215 1815 328 1858 misit
355 1814 573 1873 baptizare
595 1814 639 1856 in
671 1829 808 1873 aqua,
833 1811 905 1855 ille
933 1812 1038 1855 mihi
1071 1811 1176 1855 dixit
1203 1831 1212 1857 ε
1242 1814 1378 1870 Super
1411 1827 1540 1870 quem

161 1903 180 1925 »
215 1883 372 1928 videris
394 1884 598 1942 Spiritum
615 1881 948 1926 descendentem
970 1882 1080 1925 sicut
1103 1881 1351 1925 columbam
1368 1916 1379 1932 ,
1405 1890 1446 1924 et
1461 1896 1545 1924 ma-

161 1973 181 1995 »
216 1962 393 1997 nentem
431 1968 559 2012 super
594 1968 693 1996 eum
736 1953 826 2011 ipse
864 1961 927 1995 est
967 1952 1043 2010 qui
1079 1951 1270 2010 baptizat
1304 1955 1347 1994 in
1384 1951 1545 2009 Spiritu

163 2044 182 2066 »
217 2034 366 2069 sancto
380 2026 421 2066 2⁵?
439 2043 457 2065 »
482 2027 577 2069 Non
596 2040 724 2083 parva
739 2026 920 2083 quaestio
933 2032 1016 2076 est,
1036 2021 1185 2066 fratres
1200 2023 1298 2065 mei.
1324 2023 1362 2065 Si
1383 2021 1546 2065 vidistis

160 2094 462 2155 quzestionem,
480 2110 568 2138 non
583 2109 733 2153 parum
749 2093 914 2137 vidistis
935 2103 1150 2152 :superest
1166 2103 1214 2135 ut
1230 2092 1359 2150 ipsius
1373 2091 1548 2135 solutio-

160 2180 261 2209 nem
278 2164 582 2209 Dominusdet.
601 2162 885 2207 Tamenillud
895 2162 1008 2216 dico,
1026 2162 1231 2206 sividistis
1243 2162 1546 2221 quaestionem,

160 2251 250 2280 non
269 2245 333 2279 est
353 2251 521 2294 parum.
550 2237 662 2279 Ecce
684 2235 848 2295 positus
869 2243 930 2277 est
951 2235 1139 2277 Joannes
1161 2242 1260 2277 ante
1279 2232 1425 2276 oculos
1453 2248 1551 2277 ves-

162 2316 271 2361 tros,
298 2315 413 2350 stans
436 2305 488 2348 ad
519 2305 703 2349 fluvium
735 2308 922 2349 Joannes
946 2304 1135 2363 Baptista
1157 2321 1167 2347 .·
1195 2319 1293 2348 0000
1322 2304 1440 2348 venit
1464 2307 1553 2347 Do-

163 2377 306 2420 minus
327 2375 470 2419 adhuc
501 2375 800 2434 baptizandus,
828 2374 1025 2418 nondum
1052 2375 1292 2433 baptizatus
1320 2393 1328 2419 z
1357 2373 1458 2417 audi
1476 2389 1553 2418 vo-

163 2463 256 2492 cem
270 2447 446 2490 Joannis
465 2465 473 2491 z
495 2465 515 2489 ιι
533 2449 597 2490 Tu
613 2446 751 2490 adme
765 2446 913 2491 venis?
928 2461 1007 2504 ego
1024 2462 1045 2489 a
1060 2455 1101 2490 te
1118 2445 1258 2489 debeo
1274 2445 1479 2504 baptizari
1499 2464 1506 2488 :
1526 2464 1546 2486 »

161 2532 259 2562 0000
275 2518 364 2576 jam
382 2517 603 2575 cognoscit
628 2517 876 2569 Dominum,
903 2531 926 2559 a
948 2531 1035 2575 quo
1060 2515 1155 2560 vult
1182 2516 1404 2575 baptizari.
1436 2518 1551 2574 Bap-

214 2609 222 2624 ¹
242 2601 362 2633 Maith.
386 2611 435 2643 ιιι,
461 2600 510 2643 ¹5}-
535 2618 575 2624 --
597 2608 608 2623 ²
633 2603 722 2633 Joan.
746 2612 768 2642 1,
790 2599 841 2633 33.
