1819 3301
339 291 421 331 186
770 305 803 331 s.
840 302 1069 331 Auous'rnu
1102 303 1282 330 zmscom

336 368 468 414 vellet
481 368 689 429 impendi.
709 368 792 414 Sed
807 370 1013 430 quoniam
1034 368 1162 413 facies
1179 384 1268 413 non
1287 376 1430 429 potest
1444 368 1530 413 dici
1549 367 1723 415 dextera

337 449 381 483 et
401 439 584 494 sinistra,
605 449 648 483 et
661 448 807 483 tamen
826 439 1029 483 nobilitas
1047 448 1090 483 et
1108 438 1349 483 secundum
1367 442 1505 483 Deum
1518 447 1561 483 et
1576 454 1726 484 secun-

338 509 444 554 dum
469 510 550 554 hoc
572 508 781 553 saeculum
804 518 1070 568 potestesse3
1090 509 1148 553 ita
1163 508 1438 553 distribuitur
1455 518 1662 569 tanquam
1680 510 1727 553 in

339 582 558 625 dexteram
583 578 799 623 maxillam
816 588 860 623 et
880 579 1095 624 sinistram
1116 589 1166 623 ut
1200 580 1246 623 in
1274 595 1554 640 quocumque
1590 579 1727 624 Disci—

339 650 446 711 pulo
459 649 617 694 Christi
630 659 932 709 eontemptum
944 651 1076 695 fuerit
1091 650 1213 710 quod
1221 651 1489 695 Christianus
1497 659 1576 705 est,
1589 650 1728 694 multo

339 720 474 779 magis
493 720 537 763 in
554 736 598 765 se
615 721 837 764 contemni
855 730 1030 780 paratus
1046 721 1115 775 sit,
1141 722 1174 764 si
1196 737 1305 781 quos
1321 722 1450 781 hujus
1478 720 1627 765 saeculi
1646 721 1730 765 ho-

340 806 466 835 nores
481 790 629 834 habet.
655 791 774 835 Sicut
798 791 915 834 idem
937 790 1186 850 Apostolus,
1208 806 1309 834 cum
1331 791 1377 834 in
1410 806 1461 835 eo
1495 806 1731 851 perseque-

341 870 493 905 rentur
507 861 703 905 homines
721 877 881 905 nomen
900 861 1202 916 christianum,
1221 861 1255 904 si
1272 870 1431 905 taceret
1443 861 1497 905 de
1520 861 1732 920 dignitate
1772 884 1775 889 Δ

343 947 473 991 quam
490 931 679 975 habebat
691 931 734 974 in
747 931 921 985 saeculo,
935 947 1021 975 non
1037 932 1282 991 praebuerat
1295 931 1474 976 alteram
1490 931 1729 987 maxillam,

344 1002 614 1047 caedentibus
630 1002 981 1062 dexteram-Non
993 1003 1109 1046 enim
1131 1002 1343 1047 dicendo:
1364 1003 1513 1047 «Civis
1530 1016 1735 1046 romanus

346 1090 367 1114 »
403 1087 499 1116 sum
517 1074 528 1098 ¹
546 1107 557 1128 ‚
573 1090 592 1112 η
610 1088 699 1116 non
721 1081 814 1116 erat
835 1082 1012 1132 paratus
1031 1073 1174 1117 hocin
1190 1088 1234 1116 se
1247 1073 1492 1129 contemni,
1511 1072 1632 1133 quod
1654 1087 1735 1132 pro

346 1142 529 1186 minimo
546 1141 737 1186 habebat
752 1177 763 1197 ‚
788 1142 842 1186 ab
865 1143 924 1187 eis
945 1143 1022 1203 qui
1042 1143 1088 1186 in
1110 1142 1187 1187 illo
1205 1158 1368 1187 nomen
1381 1152 1471 1187 tam
1495 1143 1736 1202 pretiosum

347 1223 390 1257 et
402 1212 589 1257 salutare
601 1222 966 1272 contempserant.
990 1212 1216 1273 Numquid
1233 1214 1348 1257 enim
1363 1212 1463 1258 ideo
1477 1214 1621 1257 minus
1634 1227 1736 1273 pos-

348 1292 417 1327 tea
438 1283 611 1328 vincula
629 1283 848 1339 toleravit,
865 1300 964 1343 quae
981 1284 1148 1328 civibus
1163 1284 1348 1328 romanis
1366 1299 1456 1328 non
1476 1283 1637 1328 licebat
1651 1283 1737 1327 im-

348 1355 479 1414 poni,
517 1364 592 1399 aut
632 1370 899 1415 quemquam
933 1354 988 1398 de
1018 1356 1100 1399 hac
1132 1355 1289 1415 injuria
1330 1354 1470 1399 voluit
1508 1355 1740 1399 accusare?

350 1428 407 1470 Et
429 1426 462 1469 si
487 1426 564 1486 qui
579 1427 806 1485 eipropter
820 1426 1001 1469 civitatis
1032 1441 1223 1470 romanae
1242 1441 1402 1470 nomen
1432 1432 1736 1485 pepercerunt,

352 1512 442 1541 non
465 1506 611 1540 tamen
632 1497 705 1540 ille
724 1497 822 1541 ideo
840 1513 929 1541 non
952 1497 1138 1556 praebuit
1158 1496 1277 1556 quod
1294 1496 1490 1551 ferirent,
1511 1509 1610 1540 cum
1628 1510 1699 1540 eos
1717 1511 1740 1539 a

354 1576 474 1611 tanta
497 1568 775 1625 perversitate
803 1567 1016 1625 corrigere
1047 1576 1226 1626 cuperet
1262 1566 1472 1625 patientia
1500 1581 1576 1610 sua
1593 1601 1604 1621 ‚
1632 1579 1742 1626 quos

352 1636 532 1682 videbat
557 1638 602 1680 in
624 1653 667 1681 se
690 1638 879 1682 sinistras
897 1647 1038 1696 partes
1061 1637 1194 1695 magis
1227 1652 1360 1696 quam
1381 1635 1576 1681 dexteras
1597 1638 1742 1681 hono-

354 1723 462 1751 rare.
494 1706 609 1750 Illud
642 1717 705 1751 est
740 1709 854 1751 enim
887 1717 1058 1751 tantum
1091 1707 1408 1752 attendendum
1428 1743 1438 1762 ‚
1472 1723 1560 1768 quo
1597 1707 1743 1751 animo

356 1777 518 1821 faceret
535 1778 680 1821 omnia
693 1812 703 1831 ,
730 1793 862 1838 quam
884 1777 1094 1822 benevole
1116 1787 1158 1822 et
1171 1778 1408 1822 clementer
1423 1778 1468 1821 in
1487 1793 1580 1832 eos,
1606 1793 1629 1821 a
1645 1777 1744 1837 qui-

357 1848 439 1892 bus
461 1848 541 1891 isla
571 1848 832 1907 patiebatur.
864 1850 974 1893 Nam
1004 1857 1047 1891 et
1076 1848 1291 1906 pontificis
1314 1848 1438 1907 jussu
1468 1848 1611 1907 palma
1642 1861 1744 1907 per-

357 1933 503 1962 cussus
522 1953 532 1972 ‚
574 1916 695 1978 quod
726 1917 1037 1961 contumeliose
1069 1918 1184 1962 visus
1211 1927 1275 1961 est
1310 1912 1484 1971 dicere3
1520 1933 1620 1961 cum
1644 1918 1703 1961 ait
1732 1935 1742 1961 ε

362 2007 382 2030 ι(
417 1988 634 2032 Percutiet
654 1998 693 2031 te
717 1991 845 2042 Deus,
866 1989 1002 2047 paries
1024 1986 1272 2042 dealbate2,
1301 2006 1320 2028 »
1338 1988 1480 2031 minus
1495 1987 1745 2047 intelligen-

358 2058 475 2103 tibus
498 2057 744 2102 convicium
769 2067 913 2102 sonat:
933 2058 1275 2115 intelligentibus
1295 2073 1398 2102 vero
1414 2058 1642 2117 prophetia
1663 2066 1742 2101 est.

360 2129 502 2174 Paries
525 2130 685 2188 quippe
703 2127 950 2183 dealbatus,
976 2129 1214 2187 hypocrisis
1232 2138 1322 2183 est,
1354 2127 1398 2172 id
1420 2137 1503 2182 est,
1529 2127 1748 2172 simulatio

360 2199 672 2245 sacerdotalem
694 2199 927 2258 praeferens
962 2198 1242 2257 dignitatem,
1271 2208 1314 2242 et
1345 2199 1427 2243 sub
1460 2200 1544 2243 hoc
1571 2198 1748 2242 nomine

362 2279 570 2331 tanquam
589 2270 778 2314 candido
799 2270 989 2329 tegmine
1008 2270 1258 2314 interiorem
1277 2269 1399 2329 quasi
1417 2268 1580 2312 luteam
1604 2269 1748 2328 turpi-

362 2341 561 2385 tudinem
582 2341 820 2384 occultans.
839 2343 946 2385 Nam
966 2339 1086 2399 quod
1106 2338 1361 2383 humilitatis
1378 2338 1477 2394 fuit,
1495 2338 1751 2382 mirabiliter

363 2411 622 2465 custodivit,
648 2427 747 2455 cum
772 2411 809 2454 ei
832 2410 1048 2455 diceretur
1069 2430 1076 2454 :
1104 2429 1123 2451 «
1148 2410 1336 2469 Principi
1359 2409 1632 2454 sacerdotum
1657 2424 1750 2453 ma-

367 2501 386 2523 »
413 2482 584 2526 ledicis?
602 2480 845 2541 respondit:
861 2482 1046 2536 Nescivi‚
1061 2480 1236 2535 fratres,
1254 2481 1363 2541 'quia
1380 2482 1582 2540 princeps
1602 2489 1665 2524 est
1687 2495 1749 2524 sa-

369 2570 389 2593 »
425 2553 669 2608 cerdotum,
694 2571 712 2593 υ
737 2552 946 2611 scriptum
968 2561 1031 2596 est
1062 2552 1177 2596 enim
1202 2571 1211 2596 2
1237 2571 1255 2593 «
1285 2552 1470 2610 Principi
1504 2549 1654 2610 populi
1683 2551 1748 2594 tui

416 2643 423 2657 ¹
444 2638 515 2667 Act.
539 2648 616 2677 xxii,
639 2637 690 2668 25.
716 2654 755 2659 —
774 2644 784 2658 ²
810 2636 855 2667 Id.
879 2647 968 2676 xxiii,
993 2635 1024 2666 3.
