1819 3301
307 316 361 343 DE
389 314 600 343 cousnusn
631 310 1046 352 numentanam«,
1080 313 1163 341 Lm.
1198 313 1264 339 111.
1419 299 1474 340 43

97 398 119 423 »
153 380 409 440 Respondit,
427 380 570 439 inquit
586 415 596 434 ,
614 379 778 424 Pilatus
795 398 803 424 ε
819 379 1043 439 Numquid
1058 392 1139 436 ego
1155 379 1180 421 J
1183 375 1336 420 udaeus
1349 391 1443 421 sum
1458 380 1475 421 Ρ

96 468 117 492 ))
152 452 266 494 Gens
287 459 361 498 tua
385 459 427 493 ct
450 450 674 509 pontifices
694 449 965 493 tradiderunt
979 458 1021 492 te
1033 448 1137 491 mihi
1157 465 1164 492 :
1183 446 1295 500 Quid
1314 446 1476 491 fecisti?

96 538 117 563 »
152 522 392 580 Respondit
405 524 525 564 Jesus
542 524 762 579 :Regnum
781 536 925 564 meum
943 535 1029 564 non
1041 529 1104 563 est
1122 520 1176 562 de
1188 519 1353 562 mundo
1368 519 1472 576 hoc3

96 610 117 634 »
152 593 185 636 si
197 608 248 635 ex
261 593 344 636 hoc
356 591 522 635 mundo
535 601 643 635 esset
659 606 841 650 regnum
854 607 998 634 meum
1009 626 1017 644 ‚
1029 590 1212 634 ministri
1224 590 1307 633 mei
1324 590 1476 649 utique

95 679 116 703 »
151 661 421 706 decertarent
434 671 483 705 ut
498 678 587 706 non
602 660 963 705 traderersudaeis
977 679 985 706 ς
997 677 1114 704 nunc
1129 669 1275 704 autem
1292 675 1476 718 regnum

97 752 115 774 »
149 748 294 777 meum
314 749 402 776 non
416 742 479 776 est
496 733 612 776 hinc.
641 733 753 777 Dixit
773 733 918 792 itaque
936 732 973 775 ei
997 731 1159 775 Pilatus
1181 731 1319 789 :Ergo
1337 747 1411 774 rex
1432 747 1476 775 es

93 820 114 844 »
149 805 224 846 tu?
239 803 481 862 Respondit
496 806 617 847 Jesus
637 822 645 847 ε
664 806 729 846 Tu
747 803 868 857 dicis,
889 803 988 861 quia
1008 817 1079 844 rex
1097 816 1192 844 sum
1205 816 1301 860 ego.
1326 820 1345 842 »
1365 804 1476 845 Ecce

91 873 268 933 quando
289 883 469 917 ventum
491 883 554 917 est
577 873 631 916 ad
656 872 717 927 id,
738 872 858 933 quod
881 872 951 915 alii
972 871 1260 930 Evangelistae
1282 887 1475 915 comme—

90 953 384 988 moraverunt.
413 946 617 1004 Sequitur
638 960 740 1003 ergo
761 980 770 999 ‚
796 945 900 988 item
919 943 1088 987 dicente
1110 943 1252 999 adhuc
1270 943 1472 995 Domino,

90 1014 209 1075 quod
233 1015 376 1059 caeteri
403 1023 657 1058 tacuerunt:
677 1033 697 1056 «
717 1017 811 1072 Ego
826 1014 872 1056 in
889 1014 972 1058 hoc
984 1023 1111 1057 natus
1124 1028 1235 1068 sum,
1261 1022 1304 1057 et
1324 1013 1379 1057 ad
1392 1014 1475 1057 hoc

93 1100 114 1124 »
148 1084 248 1128 veni
266 1084 310 1127 in
332 1083 548 1127 mundum
564 1119 576 1139 ‚
617 1092 666 1126 ut
687 1084 983 1127 testimonium
1014 1083 1266 1141 perhibeam
1286 1083 1471 1127 veritati.

93 1171 114 1195 »
149 1154 298 1197 Omnis
319 1154 393 1213 qui
416 1162 479 1197 est
502 1169 553 1197 ex
580 1154 762 1198 veritate
779 1188 789 1207 ‚
815 1152 937 1196 audit
955 1167 1104 1196 vocem
1122 1167 1279 1196 meam.
1306 1153 1418 1197 Dicit
1438 1153 1475 1196 ei

93 1240 114 1264 »
150 1223 314 1267 Pilatus
334 1243 344 1268 ι
364 1223 477 1276 Quid
497 1232 561 1267 est
582 1224 737 1267 veritas
755 1225 772 1267 P
791 1226 847 1268 Et
868 1238 969 1267 cum
989 1224 1073 1266 hoc
1089 1223 1262 1267 dixisset
1289 1242 1298 1268 2
1316 1223 1476 1267 iterum

93 1312 113 1336 »
149 1295 248 1339 exiit
272 1294 326 1338 ad
348 1294 524 1338 Judaeos
540 1329 550 1349 ‚
574 1304 616 1338 et
639 1294 744 1339 dicit
769 1295 851 1338 eis:
871 1297 962 1352 Ego
980 1294 1145 1337 nullam
1170 1294 1345 1338 invenio
1362 1295 1406 1338 in
1424 1310 1475 1339 eo

93 1383 113 1406 »
148 1380 337 1409 causam.
363 1368 440 1409 Est
471 1375 616 1409 autem
645 1365 916 1409 consuetudo
933 1364 1056 1409 vobis
1071 1399 1081 1419 ‚
1100 1374 1150 1408 ut
1171 1380 1310 1408 unum
1334 1365 1475 1410 dimit-

92 1453 113 1476 »
148 1444 235 1478 tam
252 1435 376 1478 vobis
397 1435 441 1478 in
466 1436 625 1478 Pascha
651 1454 659 1479 2
678 1435 808 1479 vultis
830 1451 932 1494 ergo
946 1435 1159 1479 dimittam
1182 1435 1306 1479 vobis
1328 1451 1473 1494 regem

91 1523 111 1546 »
148 1504 428 1549 Judaeorum?
447 1505 755 1549 Clamaverunt
774 1521 946 1549 rursum
959 1521 1124 1560 omnes,
1142 1505 1334 1550 dicentes
1352 1526 1360 1550 :
1378 1509 1475 1551 Non

91 1594 112 1617 »
146 1576 265 1619 hunc
287 1610 297 1630 ‚
339 1575 415 1619 sed
449 1576 694 1619 Barabbam
734 1595 742 1620 :
779 1586 871 1620 erat
905 1585 1049 1620 autem
1087 1577 1304 1620 Barabbas
1346 1577 1471 1621 latro.

91 1664 112 1688 η
149 1649 272 1690 Tunc
288 1661 389 1704 ergo
405 1646 692 1706 apprehendit
708 1645 871 1690 Pilatus
894 1650 1060 1702 Jesum,
1081 1656 1120 1691 et
1143 1647 1394 1706 flagellavit.
1419 1651 1476 1692 Et

91 1734 112 1758 »
146 1716 303 1761 milites
321 1716 557 1776 plectentes
571 1732 774 1761 coronam
792 1717 847 1760 de
864 1717 1010 1775 spiniS‚
1028 1717 1332 1776 imposuerunt
1345 1718 1475 1777 capiti

90 1805 111 1829 »
147 1788 254 1847 ejus,
279 1796 322 1831 et
335 1797 453 1831 veste
473 1803 693 1847 purpurea
711 1787 1095 1831 circumdederunt
1116 1803 1215 1831 eum
1244 1808 1252 1833 ε
1278 1797 1320 1832 et
1335 1789 1477 1833 venie1

90 1875 112 1898 »
145 1857 253 1901 bant
265 1857 319 1901 ad
331 1872 448 1911 eum,
464 1867 507 1901 et
521 1857 858 1912 dicebantzAve‚
871 1873 944 1900 rex
961 1859 1238 1916 Judaeorum3
1255 1868 1298 1903 et
1311 1858 1478 1903 dabant

88 1945 111 1969 -»
146 1928 184 1971 ei
205 1927 364 1987 alapas.
385 1929 498 1972 Exiit
519 1929 678 1972 iterum
696 1928 859 1973 Pilatus
879 1928 1013 1983 foras,
1039 1939 1081 1972 et
1101 1929 1207 1974 dicit
1241 1930 1300 1973 eis
1332 1947 1344 1973 ε
1363 1932 1478 1974 Ecce

90 2015 111 2040 »
147 1997 319 2042 adduco
341 2013 441 2042 eum
466 1999 589 2043 vobis
607 1999 718 2043 foras
733 2034 743 2054 ‚
770 2009 818 2042 ut
832 1999 1101 2058 cognoscatis
1118 2001 1220 2060 quia
1243 2001 1287 2044 in
1305 2015 1355 2044 co
1373 1999 1476 2044 nul-

90 2085 111 2109 »
146 2068 233 2111 lam
255 2083 428 2112 causam
444 2068 634 2113 invenio.
664 2069 781 2112 Exiit
801 2085 904 2127 ergo
928 2072 1051 2113 Jesus
1073 2079 1248 2128 portans
1269 2086 1475 2114 coronam

91 2155 112 2179 n
146 2139 357 2197 spineam,
374 2147 418 2181 et
436 2153 705 2197 purpureum
726 2138 1051 2193 vestimentum7
1073 2148 1116 2181 et
1134 2139 1239 2182 dicit
1256 2140 1313 2182 eis
1339 2142 1476 2183 :Ecce

91 2226 112 2249 »
146 2208 293 2251 homo.
318 2209 430 2252 Cum
453 2223 556 2266 ergo
585 2208 793 2252 vidissent
827 2224 926 2251 eum
950 2209 1176 2267 pontifices
1199 2218 1242 2251 et
1264 2208 1472 2263 ministri,

93 2299 110 2319 »
145 2277 393 2321 clamabant
411 2278 627 2323 dicentes:
644 2279 859 2337 Crucifige
879 2313 890 2334 ‚
911 2280 1128 2337 crucifige.
1151 2279 1262 2323 Dicit
1281 2283 1339 2323 eis
1359 2279 1474 2323 Pila-

79 2365 110 2389 *»
145 2355 214 2390 tus
238 2365 247 2390 z
269 2347 464 2406 Accipite
497 2363 595 2391 eum
618 2364 720 2402 vos,
742 2358 785 2392 et
806 2350 1048 2408 crucifigite
1075 2369 1084 2393 ε
1117 2365 1198 2407 ego
1233 2349 1350 2391 enim.
1385 2365 1474 2392 non

88 2435 110 2459 ³)
144 2418 317 2461 invenio
333 2418 377 2460 in
401 2433 452 2461 eo
475 2434 671 2462 causam:
698 2418 1035 2478 Responderunt
1054 2420 1092 2462 ei
1115 2420 1282 2463 Judaei:
1308 2422 1395 2464 Nos
1412 2419 1476 2463 le-

88 2505 109 2528 »
145 2503 241 2546 gem
263 2488 501 2541 habemus,
537 2497 580 2532 et
612 2489 854 2532 secundum
876 2488 1015 2546 legem
1052 2488 1184 2532 debet
1213 2489 1345 2543 mori,
1370 2489 1470 2548 quia

89 2577 108 2599 »
144 2558 304 2601 Filium
323 2559 398 2601 Dei
416 2574 459 2602 se
478 2558 594 2602 fecit.
615 2577 634 2599 »
652 2562 746 2603 Hoc
767 2569 909 2618 potest
921 2575 1160 2617 congruere
1174 2560 1229 2613 ei,
1248 2560 1368 2619 quod
1381 2564 1472 2603 Lu-

86 2643 154 2672 cas
168 2637 477 2672 commemorat
489 2629 533 2671 in
547 2629 820 2673 accusatione
832 2632 855 2671 J
861 2629 1085 2673 udaeorum
1100 2629 1267 2673 dictum
1283 2649 1291 2673 :
1311 2649 1330 2671 «
1346 2632 1473 2674 Hunc
