1819 3301
337 219 422 259 414
760 232 792 258 s.
829 230 1060 259 Auens-nm
1093 233 1272 259 zriscom

332 297 462 341 corde
481 305 710 355 gestemus.
739 297 918 354 Signum
936 299 1027 356 ejus
1041 332 1051 351 ‚
1072 305 1135 340 est
1150 295 1370 341 humilitas
1391 297 1498 356 ejus.
1518 300 1599 340 Per
1621 295 1722 340 stel-

330 368 416 411 lam
442 383 543 411 eum
560 368 676 427 Magi
699 377 998 424 cognoverunt
1017 369 1055 425 ¹3
1081 376 1124 413 et
1146 376 1237 410 erat
1258 368 1341 411 1106
1364 367 1535 424 signum
1558 366 1613 410 de
1635 370 1721 410 Do-

332 438 449 482 mino
481 437 656 490 datum,
696 436 872 480 coeleste
896 446 1027 497 atque
1061 437 1321 496 praeelarum
1347 435 1520 480 :noluit
1554 435 1723 480 stellam

332 523 421 550 esse
442 507 488 549 in
511 506 653 550 fronte
682 505 879 550 fidelium
909 507 1082 565 signum
1104 521 1231 550 suum
1249 543 1259 560 ‚
1280 507 1354 550 sed
1377 521 1550 550 crucem
1582 521 1721 549 suam.

337 578 459 621 Lfnde
480 575 733 635 humiliatus
751 611 762 631 ‚
784 577 888 620 inde
910 576 1174 636 glorificatus
1201 597 1209 620 :
1236 577 1336 635 inde
1358 577 1491 620 erexit
1519 574 1722 630 humiles,

334 662 421 706 quo
440 646 692 690 humiliatus
704 648 794 705 ipse
808 646 1047 691 descendit.
1063 647 1278 691 Pertinem
1287 662 1333 689 us
1349 662 1450 705 ergo
1467 647 1519 690 ad
1533 649 1724 704 Evange-

333 717 457 769 lium,
471 715 738 775 pertinemus
753 716 806 759 ad
816 723 981 761 Novum
992 723 1331 760 Testamentum.
1344 735 1361 755 «
1376 719 1462 759 Lex
1472 731 1546 774 per
1554 722 1728 772 Moysen

338 804 356 825 »
377 785 478 829 data
494 794 573 839 est,
592 786 728 843 gratia
740 795 887 829 autem
904 796 948 830 et
958 787 1113 831 veritas
1126 802 1202 845 per
1215 789 1238 830 J
1243 800 1364 829 esum
1375 786 1594 830 Christum
1614 783 1729 828 facta

337 873 356 896 »
379 859 484 899 est2.
511 873 532 896 )›
558 858 881 914 Interrogamus
906 856 1164 916 Apostolum
1180 891 1190 911 ,
1214 865 1257 900 et
1285 855 1392 900 dicit
1412 855 1560 909 nobis,
1582 856 1728 906 «Quo-

340 945 359 966 »
380 926 495 969 niam
510 942 599 970 non
614 942 763 970 sumus
785 927 866 971 sub
884 927 995 986 lege,
1016 927 1089 971 sed
1110 928 1192 971 sub
1211 927 1389 985 gratia³.
1405 927 1521 970 Misit
1535 940 1639 984 ergo
1658 925 1730 968 Fi-

344 1016 360 1036 »
382 996 486 1040 lium
505 1012 630 1040 suum
650 996 816 1041 lactum
834 1014 885 1040 ex
899 997 1096 1052 muliere,
1113 998 1279 1041 factum
1294 998 1374 1041 sul)
1387 997 1500 1055 lege,
1511 1005 1559 1039 ut
1572 1011 1643 1039 eos
1655 995 1731 1054 qui

340 1087 358 1108 »
380 1067 571 1126 sublege
587 1077 710 1111 erant
728 1069 975 1123 redimeret,
997 1078 1043 1112 ut
1057 1069 1336 1128 adoptionem
1352 1067 1542 1112 filiorum
1567 1066 1732 1125 recipe-

340 1157 358 1180 »
379 1141 564 1182 remu54.
581 1157 600 1179 »
616 1142 730 1182 Ecce
742 1139 797 1182 ad
814 1141 898 1184 1106
911 1141 1031 1184 venit
1050 1141 1263 1194 Christus,
1288 1149 1335 1183 ut
1349 1155 1421 1182 eos
1438 1139 1516 1198 qui
1536 1137 1731 1194 sublege
1754 1151 1762 1159 ·

337 1219 461 1252 erant
474 1208 704 1269 redimeret
724 1228 732 1254 :
750 1210 897 1269 utjam
911 1225 999 1254 non
1013 1211 1145 1253 simus
1161 1208 1375 1268 sublege:
1393 1208 1467 1252 sed
1480 1208 1561 1251 sub
1578 1206 1728 1265 gratia.

338 1279 444 1331 Quis
456 1294 557 1335 ergo
571 1278 692 1323 dedit
714 1279 886 1337 legem?
908 1280 986 1323 Ille
1007 1279 1129 1323 dedit
1148 1279 1310 1338 1636111,
1331 1279 1407 1338 qui
1431 1279 1552 1322 dedit
1569 1287 1613 1320 et
1635 1291 1733 1335 gra-

341 1350 445 1392 tiam
467 1368 474 1392 :
501 1348 577 1391 sed
598 1348 736 1405 legem
762 1364 839 1407 per
871 1365 1042 1393 servum
1065 1351 1177 1393 misit
1193 1385 1203 1403 ,
1225 1365 1324 1393 cum
1350 1350 1483 1408 gratia
1514 1349 1604 1407 ipse
1632 1346 1740 1390 des-

338 1418 501 1461 cendit.
527 1420 582 1461 Et
615 1417 733 1460 unde
762 1417 864 1462 facti
888 1428 1010 1462 erant
1033 1420 1231 1463 homines
1254 1420 1336 1463 sub
1368 1418 1493 1476 lege?
1518 1414 1616 1462 'non
1647 1417 1733 1460 im—

340 1487 502 1548 plendo
519 1488 676 1545 legem.
702 1488 788 1541 Qui
810 1488 927 1531 enim
943 1488 1085 1547 legem
1109 1490 1259 1548 implet
1276 1524 1286 1544 ‚
1313 1505 1403 1532 non
1421 1498 1484 1532 est
1506 1487 1698 1546 sublege
1719 1522 1730 1541 ‚

339 1559 414 1603 sed
436 1575 537 1603 cum
559 1559 654 1618 lege
680 1579 688 1603 ε
715 1559 791 1618 qui
814 1570 959 1603 autem
982 1560 1063 1603 sub
1095 1561 1192 1618 lege
1215 1569 1304 1614 est,
1340 1576 1428 1604 non
1449 1559 1703 1603 sublevatur
1719 1593 1730 1613 ‚

340 1629 415 1672 sed
433 1629 645 1688 premitur
666 1628 775 1688 1636.
798 1631 960 1673 Omnes
977 1630 1126 1689 itaque
1142 1630 1342 1673 homines
1355 1630 1437 1673 sub
1455 1630 1550 1686 lege
1571 1629 1734 1673 consti-

343 1708 458 1744 tutos
475 1734 485 1752 ‚
511 1714 605 1742 reos
627 1699 726 1743 facit
747 1699 840 1757 lex3
865 1709 907 1742 et
935 1698 990 1742 ad
1010 1701 1093 1744 1106
1114 1699 1202 1743 11115
1237 1715 1368 1758 super
1389 1708 1522 1758 eaput
1560 1708 1623 1742 est
1641 1734 1651 1752 ,
1686 1707 1736 1742 ut

328 1768 542 1826 ‚ostendat
564 1778 738 1828 peccata
752 1805 762 1824 ,
785 1785 874 1813 non
898 1768 1036 1813 tollat.
1065 1773 1151 1813 Lex
1173 1786 1276 1828 ergo
1292 1771 1420 1829 jubet
1440 1805 1450 1824 ‚
1483 1769 1609 1813 dator
1628 1769 1734 1828 legis

342 1840 570 1883 miseretur
587 1839 633 1882 in
650 1855 701 1883 eo
715 1839 835 1899 quod
851 1841 979 1899 jubet
996 1840 1078 1883 lex.
1097 1842 1317 1885 Conantes
1334 1840 1532 1884 homines
1553 1839 1734 1899 implere

342 1910 506 1953 viribus
523 1911 608 1954 suis
627 1910 747 1969 quod
761 1927 782 1954 a
800 1910 896 1969 lege
917 1921 1186 1970 praeceptum
1201 1920 1279 1965 651,
1300 1911 1391 1970 ipsa
1409 1927 1484 1954 sua
1511 1910 1735 1954 temeraria

342 1990 385 2023 et
408 1980 618 2038 praecipiti
633 1981 971 2039 praesumptione
994 1981 1248 2025 ceciderunt
1269 2002 1280 2038 3
1320 1992 1363 2024 et
1385 1996 1474 2025 non
1497 1989 1599 2024 sunt
1632 1995 1734 2023 cum

341 2049 436 2107 lege
452 2085 462 2104 ‚
488 2050 564 2093 sed
586 2050 666 2093 sub
690 2050 784 2107 lege
808 2049 907 2093 facti
932 2061 1032 2093 sunt
1056 2052 1114 2094 rei
1140 2071 1148 2094 ;
1168 2061 1211 2094 61
1228 2051 1437 2110 quoniam
1459 2050 1546 2094 suis
1570 2051 1734 2093 viribus

342 2119 524 2177 implere
546 2135 636 2163 non
654 2129 855 2178 poterant
875 2119 1017 2178 legem
1037 2155 1046 2173 ‚
1072 2120 1176 2163 facti
1200 2122 1258 2163 rei
1280 2120 1362 2163 sub
1380 2120 1473 2177 lege
1493 2155 1504 2174 ,
1530 2119 1736 2179 implora-

341 2199 499 2233 verunt
536 2189 777 2234 liberatoris
801 2190 1036 2245 auxilium3
1066 2200 1109 2233 et
1132 2201 1273 2233 reatus
1305 2190 1409 2247 16315
1433 2190 1534 2233 feeit
1556 2191 1735 2248 aegritu-

343 2258 489 2303 dinem
508 2260 719 2318 superbis.
738 2258 971 2318 AEgritudo
984 2261 1290 2318 superborum.
1307 2259 1419 2303 saeta
1437 2269 1500 2303 est
1520 2259 1733 2304 confessio

343 2329 578 2373 humilium
607 2350 614 2374 :
635 2331 723 2391 jam
747 2331 1012 2373 confitentur
1033 2331 1182 2387 aegroti
1201 2332 1301 2389 quia
1324 2339 1564 2389 {egrotant3
1587 2331 1734 2374 veniat

343 2402 538 2444 medicus
555 2436 566 2455 ,
587 2410 630 2444 et
652 2410 772 2444 sanet
794 2411 992 2457 aegrotos.

401 2474 480 2515 111.
498 2471 694 2516 Medicus
711 2471 834 2531 quis?
852 2473 1060 2516 Dominus
1079 2480 1223 2515 noster
1240 2474 1362 2515 Jesus
1384 2471 1595 2516 Christus.
1620 2470 1725 2524 Quis

393 2560 400 2575 ⁸
423 2555 538 2587 Matth.
558 2567 593 2596 n,
612 2565 643 2588 2.
665 2572 706 2578 --
725 2562 738 2578 ²
752 2557 843 2587 Joan.
865 2566 888 2596 1,
908 2566 958 2596 ¹7·
974 2572 1013 2579 -
1036 2552 1049 2577 3
1063 2557 1154 2587 Rom.
1173 2565 1216 2596 vi,
1239 2554 1288 2596 14.
1310 2572 1352 2591 -,-
1366 2554 1501 2588 4Galat.
1519 2565 1566 2597 iv,
1585 2553 1620 2597 4,
1639 2554 1670 2586 5.
