1819 3301
398 257 452 294 82
835 264 868 293 s.
906 266 1136 294 Aneusnm
1170 267 1349 294 EPISCOPJ

395 349 415 373 »
451 323 542 375 ras?
563 345 696 390 quem
717 331 902 391 quaeris?
926 331 1005 375 Illa
1027 331 1274 375 existimans
1295 332 1397 391 quia
1420 330 1678 375 hortulanus
1695 342 1783 388 est,
1811 333 1816 340 “

395 419 415 443 »
451 399 556 446 dicit
574 401 613 445 ei
646 420 654 445 :
692 402 890 456 Domine,
910 402 944 445 si
967 410 1016 445 tu
1037 400 1247 445 sustulisti
1271 417 1370 445 eum
1388 436 1399 456 ,
1421 400 1554 445 dicito
1573 402 1682 446 mihi
1711 403 1786 447 ubi

392 490 413 514 »
449 472 631 531 posuisti
653 487 754 516 eum
770 507 780 526 ‚
801 481 844 516 et
866 486 944 529 ego
973 487 1073 516 eum
1092 471 1259 516 tollam.
1282 472 1396 516 Dicit
1416 472 1454 515 ei
1472 474 1610 526 JesuS,
1631 473 1782 518 Maria.

391 561 411 584 »
446 544 664 588 Conversa
684 542 756 586 illa
774 543 878 587 dicit
899 543 960 598 ei,
987 543 1217 598 Rabhoni,
1239 543 1357 604 quod
1379 543 1540 587 dicitur
1562 544 1783 603 Magister.

391 631 411 654 »
448 613 560 658 Dicit
586 614 624 657 ei
647 616 670 657 J
676 628 770 657 esus
793 632 802 658 ε
822 612 920 659 Noli
942 629 1010 657 me
1036 622 1236 672 tangere,
1258 612 1456 658 nondum
1474 614 1590 658 enim
1613 614 1787 659 ascendi

392 702 414 726 »
449 684 504 730 ad
526 688 696 728 Patrem
723 700 869 729 meum
896 701 907 729 .·
932 686 1041 729 vade
1064 695 1212 730 autem
1235 685 1291 729 ad
1313 684 1464 730 fratres
1488 700 1628 741 meos,
1653 695 1696 730 et
1717 685 1786 730 dic

394 775 413 797 »
449 755 531 811 eis,
560 755 761 801 Ascendo
784 755 839 800 ad
871 759 1042 800 Patrem
1064 772 1211 800 meum
1231 767 1274 800 et
1296 760 1469 801 Patrem
1492 765 1682 802 vestrum
1701 792 1712 812 ‚
1742 767 1787 802 et

392 844 411 867 »
446 828 586 870 Deum
617 842 763 871 meum
795 836 838 870 et
870 830 1010 871 Deum
1037 838 1241 870 vestrum.
1278 827 1410 871 Venit
1438 827 1573 871 Maria
1601 826 1784 885 Magda-

392 916 411 937 >›
447 897 545 941 lene
565 898 830 942 annuntians
846 896 1089 957 Discipulis,
1113 897 1224 950 Quia
1241 896 1331 941 vidi
1348 898 1610 953 Dominum,
1630 906 1674 942 et
1690 898 1784 943 haec

393 987 412 1010 »
447 968 555 1013 dixit
576 969 685 1013 mihi
708 971 738 1013 ¹.
769 988 788 1011 »
818 972 868 1013 In
889 969 970 1013 hac
992 969 1171 1013 Joannis
1193 969 1442 1013 narratione
1464 967 1555 1012 dies
1579 967 1650 1012 vel
1671 978 1785 1013 tem-

388 1054 469 1098 pus
491 1055 580 1099 quo
602 1049 783 1083 ventum
805 1048 868 1083 est
894 1039 950 1083 ad
979 1048 1314 1083 monumentum
1329 1074 1339 1093 ,
1366 1054 1467 1083 cum
1489 1040 1656 1084 caeteris
1677 1055 1785 1084 con-

389 1109 510 1153 venit
540 1128 548 1153 :
574 1108 685 1153 illud
712 1110 842 1153 etiam
865 1108 986 1169 quod
1008 1108 1096 1154 duo
1119 1109 1273 1167 Angeli
1295 1109 1375 1153 visi
1397 1119 1523 1164 sunt,
1549 1110 1786 1162 coneordat
1818 1131 1819 1144 π

390 1195 490 1224 cum
509 1183 627 1223 Luca
652 1199 660 1224 :
692 1178 766 1223 sed
788 1179 908 1239 quod
928 1179 1000 1223 ille
1023 1189 1184 1223 stantes
1208 1179 1315 1224 dicit
1339 1179 1529 1239 Angelos
1553 1180 1680 1236 visos,
1706 1181 1786 1226 iste

389 1260 535 1294 autem
552 1251 771 1304 sedentes,
797 1259 840 1294 et
857 1260 1012 1294 caetera
1034 1266 1133 1310 quae
1157 1249 1219 1293 illi
1241 1266 1332 1294 non
1360 1250 1536 1305 dicunt,
1562 1250 1786 1311 quomodo
1818 1243 1819 1254 ¹

389 1321 460 1365 hic
482 1321 647 1380 possint
668 1319 850 1378 intelligi
873 1336 962 1364 non
990 1320 1233 1380 discrepare
1260 1337 1284 1365 a
1312 1322 1500 1376 caeteris,
1525 1330 1569 1365 et
1594 1337 1683 1381 quo
1711 1337 1784 1366 or-

388 1391 491 1435 dine
514 1401 632 1450 gesta
655 1391 755 1446 sint,
792 1391 873 1434 nisi
896 1390 1124 1449 diligenter
1148 1390 1469 1436 considerenter
1495 1427 1506 1448 ,
1532 1407 1785 1451 repugnan-
1818 1385 1819 1394 ¹

391 1462 464 1516 tia,
490 1471 673 1521 possunt
694 1461 846 1507 videri.

450 1535 606 1577 LXIX.
655 1535 931 1592 Quapropter
975 1533 1070 1577 haec
1118 1533 1263 1577 omnia
1305 1548 1405 1593 quae
1450 1532 1564 1577 circa
1613 1542 1786 1594 tempus

393 1604 716 1648 resurrectionis
732 1604 905 1648 Domini
918 1602 1031 1647 facta
1046 1613 1164 1658 sunt,
1182 1604 1423 1647 secundum
1437 1603 1634 1648 omnium
1648 1607 1786 1650 Evan-

395 1672 643 1732 gelistarum
674 1673 917 1718 testimonia
941 1674 987 1716 in
1015 1689 1103 1717 una
1137 1674 1327 1733 quadam
1352 1674 1622 1730 narratione,
1647 1690 1789 1735 quan-

391 1753 486 1788 tum
513 1760 592 1788 nos
616 1745 824 1789 Dominus
848 1744 1087 1804 adjuverit,
1111 1743 1487 1804 quemadmodum
1511 1746 1600 1802 geri
1629 1755 1786 1805 potue-

394 1816 500 1869 rint,
543 1814 808 1860 ordinemus.
854 1816 994 1858 Prima
1032 1815 1201 1858 sabbati
1225 1813 1426 1858 diluculo
1443 1849 1454 1870 ,
1491 1815 1603 1860 sicut
1636 1831 1786 1861 omnes

392 1886 695 1940 consentiunt,
720 1894 902 1930 ventum
928 1893 991 1928 est
1021 1883 1076 1928 ad
1104 1893 1460 1929 monumentum.
1496 1887 1590 1928 Jam
1620 1884 1784 1930 factum

393 1965 483 1999 erat
504 1955 623 2016 quod
640 1955 754 1999 solus
772 1956 1005 2000 Matthaeus
1025 1963 1341 1999 commemorat
1370 1955 1426 1998 de
1448 1963 1574 1999 terrae
1597 1967 1722 2001 motu
1742 1966 1786 2001 et

391 2026 535 2085 lapide
560 2026 757 2071 revoluto
781 2026 1111 2085 conterritisque
1134 2025 1390 2070 custodibus
1407 2060 1418 2080 ,
1439 2025 1498 2069 ita
1521 2035 1571 2070 ut
1592 2027 1638 2070 in
1661 2036 1784 2086 parte

394 2097 537 2157 aliqua
553 2097 674 2142 velut
701 2098 1086 2157 mortuijacerent.
1117 2097 1244 2140 Venit
1272 2105 1434 2151 autem,
1463 2096 1575 2141 sicut
1596 2100 1784 2143 Joannes

393 2167 499 2212 dicit
529 2187 537 2212 :
569 2167 704 2212 Maria
726 2166 1009 2226 Magdalene,
1037 2167 1128 2210 sine
1157 2166 1293 2210 dubio
1315 2166 1479 2210 caeteris
1501 2167 1779 2224 mulieribus,

393 2254 492 2298 quae
516 2239 700 2283 Domino
715 2238 1077 2291 ministraverant,
1100 2235 1341 2296 plurimum
1363 2235 1596 2281 dilectione
1613 2238 1781 2283 ferven-

392 2309 477 2354 tior
507 2318 556 2353 ut
577 2325 667 2353 non
697 2308 913 2352 immerito
935 2311 1122 2351 Joannes
1145 2306 1281 2351 solam
1304 2318 1685 2364 commemoraret,
1712 2318 1779 2354 ta-
1811 2348 1813 2353 ,

392 2380 485 2423 citis
511 2380 568 2424 eis
599 2395 699 2439 quae
721 2393 821 2422 cum
842 2377 916 2421 illa
939 2376 1140 2432 fuerunt,
1169 2378 1280 2421 sicut
1301 2377 1371 2421 alii
1396 2387 1623 2422 testantur.
1650 2380 1780 2424 Venit
1814 2408 1817 2413 r

392 2464 516 2508 ergo,
548 2459 592 2494 et
612 2458 662 2493 ut
691 2449 797 2493 vidit
819 2447 1009 2508 lapidem
1030 2446 1252 2491 sublatum
1271 2463 1294 2491 a
1317 2458 1603 2494 monumento
1620 2483 1631 2504 ,
1657 2459 1780 2494 ante—

391 2536 522 2580 quam
547 2520 712 2581 aliquid
739 2519 988 2578 diligentius
1021 2518 1273 2579 inspiceret,
1304 2535 1394 2564 non
1418 2519 1624 2566 dubitans
1652 2520 1775 2566 abla-
1809 2569 1811 2586 ἲ

440 2613 448 2628 ¹
466 2608 558 2638 Joan.
582 2617 634 2646 xx,
665 2606 759 2638 1-18.
