1819 3301
290 273 344 298 DE
376 269 586 298 CONSENSU
618 268 1031 308 EVANGELISTARUM,
1067 271 1148 296 Lm.
1186 271 1245 296 ιν.
1375 261 1452 297 111

82 333 166 380 Sed
188 343 231 378 et
251 335 342 394 ipse
363 338 499 379 Lucas
520 355 527 379 :
554 354 572 376 «
599 338 654 379 Et
691 350 789 379 cum
824 334 1070 394 projecisset
1091 333 1214 376 illum
1233 368 1244 387 ,
1284 333 1455 392 inquit,

82 422 102 445 »
136 403 400 448 daemonium
423 405 468 448 in
491 404 679 448 medium
699 439 710 459 ,
738 404 867 448 exivit
894 404 949 447 ab
966 403 1041 447 illo
1058 438 1068 456 ,
1105 402 1302 462 nihilque
1324 404 1362 446 ei
1380 419 1461 447 no-

83 493 103 516 »
138 476 228 520 cuit
249 477 277 518 ¹.
308 494 327 517 »
355 474 479 519 Unde
497 474 753 533 intelligitur
775 476 858 519 hoc
878 474 1031 519 dixisse
1052 478 1270 529 Marcum,
1301 494 1317 513 «
1341 476 1461 518 Con-

84 562 104 586 »
138 560 294 590 vexans
321 560 421 588 eum
447 579 457 598 ,
493 563 512 585 »
542 544 661 604 quod
684 547 821 588 Lucas
843 545 949 588 dixit
976 564 984 589 :
1021 565 1040 587 «
1072 547 1183 589 Cum
1218 545 1464 603 projecisset

84 632 104 655 ι)
140 629 238 658 eum
267 615 313 657 in
334 614 527 658 medium
554 633 563 658 z
591 632 610 654 »
637 623 687 657 ut
707 614 827 673 quod
848 623 1021 658 secutus
1042 615 1100 658 ait
1122 634 1130 659 :
1162 633 1180 655 «
1201 614 1406 673 Nihilque
1424 613 1464 656 ei

86 702 105 725 »
140 684 319 738 nocuit,
344 685 467 728 »hoc
499 682 789 742 intelligatur,
815 684 915 743 quia
936 682 1009 726 illa
1037 685 1214 743 jactatio
1249 685 1466 728 membro·

82 769 179 798 rum
200 763 330 814 atque
351 754 520 798 vexatio
541 769 631 798 non
652 769 752 797 eum
768 752 1036 806 debilitavit,
1055 755 1167 796 sicut
1189 752 1329 796 solent
1351 753 1464 796 exire

83 823 285 869 demonia
299 824 428 868 etiam
440 824 701 884 quibusdam
718 823 1077 868 membrisamota
1088 823 1313 868 vexatione
1335 823 1463 867 elisis.

85 992 224 1008 OEWKWW

578 991 1465 1007 mmmm-mmfimmmmw

546 1112 764 1160 CAPUT
800 1115 886 1159 Mi.

440 1256 589 1300 Petro
620 1270 794 1300 nomen
819 1257 1106 1314 impositam.

151 1392 225 1433 IV.
249 1392 469 1443 Serrrmz
490 1390 604 1433 idem
628 1394 799 1434 Marcus
826 1410 833 1434 :
860 1410 879 1432 «
905 1393 961 1434 Et
983 1390 1102 1433 venit
1123 1391 1177 1434 ad
1211 1406 1308 1434 cum
1327 1391 1473 1451 lepro-

95 1477 114 1500 »
148 1474 218 1502 sus
239 1458 474 1517 deprecans
497 1475 596 1502 eum
617 1481 627 1516 3
651 1469 694 1503 et
723 1475 838 1518 genu
857 1460 967 1503 flexo
1001 1460 1108 1503 dixit
1131 1480 1138 1504 2
1168 1461 1209 1504 Si
1232 1461 1293 1504 vis
1311 1496 1321 1515 ,
1354 1470 1475 1520 potes

96 1548 114 1570 n
151 1545 218 1573 me
242 1530 452 1573 mundare
470 1566 480 1585 ‚
509 1550 527 1571 »
554 1541 637 1575 etc.
666 1546 803 1590 usque
827 1532 880 1574 ad
902 1530 1013 1574 illud
1032 1532 1108 1575 ubi
1136 1532 1195 1574 ait
1219 1567 1229 1587 ,
1261 1552 1279 1573 «
1306 1535 1362 1576 Et
1385 1532 1476 1576 cla-

98 1618 115 1640 »
152 1599 328 1643 mabant
351 1599 541 1643 dicentes
560 1620 567 1644 :
591 1604 655 1644 Tu
671 1616 714 1644 es
738 1600 871 1643 Filius
887 1601 984 1644 Dei:
1005 1610 1047 1644 et
1062 1602 1341 1645 vehementer
1359 1618 1479 1646 com-

97 1688 116 1710 »
152 1670 402 1712 minabatur
433 1671 492 1712 eis
519 1685 574 1713 ne
601 1668 927 1713 manifestarent
954 1669 1079 1713 illum
1097 1672 1128 1713 ².
1165 1690 1182 1711 η
1213 1672 1324 1715 Huic
1359 1671 1479 1731 quod

95 1739 299 1783 ultimum
317 1740 538 1798 posuimus
564 1740 701 1783 simile
726 1740 891 1798 aliquid
913 1750 956 1783 et
978 1744 1114 1784 Lucas
1136 1741 1242 1785 dicit
1257 1777 1267 1795 ,
1293 1742 1368 1785 sed
1390 1743 1480 1786 sine

96 1810 239 1869 aliqua
267 1810 566 1868 repugnantiae
600 1810 880 1868 quaestione?
910 1811 1116 1869 Sequitur
1145 1814 1316 1855 Marcus
1344 1827 1352 1852 :
1385 1816 1482 1856 «Et

100 1898 120 1921 »
156 1878 389 1923 ascendens
406 1880 451 1922 in
469 1888 664 1923 montem
687 1880 858 1923 vocavit
881 1879 936 1923 ad
958 1896 1002 1923 se
1025 1896 1133 1939 quos
1149 1881 1288 1925 voluit
1309 1882 1414 1942 ipse,
1441 1892 1483 1927 et

102 1968 122 1990 »
156 1959 372 1993 venerunt
393 1948 448 1992 ad
469 1963 569 1992 eum
587 1968 594 1993 :
614 1958 656 1992 et
675 1947 776 1992 fecit
796 1958 845 1993 ut
866 1959 1006 1993 essent
1020 1950 1252 1995 duodecim
1269 1968 1369 1996 cum
1388 1953 1480 2007 illo,

105 2038 124 2059 »
159 2028 202 2062 et
224 2027 273 2062 ut
294 2019 485 2062 mitteret
511 2034 582 2062 eos
598 2018 834 2077 praedicare
862 2038 870 2063 2
896 2029 940 2062 et
967 2020 1088 2063 dedit
1110 2020 1191 2064 illis
1227 2031 1485 2079 potestatem

107 2108 126 2130 »
161 2089 343 2133 curandi
362 2089 656 2143 infirmitates,
681 2099 724 2132 et
742 2088 941 2148 ejiciendi
961 2089 1191 2134 daemonia.
1211 2094 1267 2134 Et
1283 2092 1489 2150 imposuit

106 2177 126 2200 »
165 2159 329 2203 Simoni
359 2174 520 2202 nornen
556 2162 708 2202 Petrus
725 2193 736 2212 ‚
765 2177 785 2199 »
806 2168 890 2202 etc.
925 2175 1063 2218 usque
1086 2160 1139 2203 ad
1167 2160 1277 2203 illud
1297 2162 1373 2204 ubi
1397 2163 1455 2206 ait
1478 2182 1485 2205 :

112 2249 132 2271 «
165 2231 223 2272 Et
244 2228 375 2282 abiit,
405 2237 448 2271 et
469 2228 602 2287 coepit
633 2229 869 2287 praedicare
898 2229 943 2271 in
980 2229 1183 2288 Decapoli
1214 2240 1376 2290 quanta
1410 2232 1491 2275 sibi

111 2317 129 2338 n
166 2296 333 2342 fecisset
350 2300 472 2342 Jesus
490 2333 501 2351 ‚
525 2308 568 2341 et
587 2314 738 2342 omnes
770 2298 1082 2342 mirabantur4.
1108 2318 1126 2340 »
1154 2303 1215 2343 De
1240 2301 1492 2345 nominibus

109 2368 429 2427 Discipulorum
446 2370 537 2429 jam
559 2378 604 2413 et
626 2378 751 2413 antea
774 2384 843 2412 me
864 2369 1009 2413 locum
1033 2371 1140 2425 scio,
1167 2387 1267 2414 cum
1295 2373 1490 2416 Matthaei

109 2453 310 2498 sequerer
325 2438 523 2483 ordinem
539 2440 552 2465 ⁵
576 2457 585 2483 :
607 2448 650 2482 et
666 2438 737 2483 hie
755 2454 902 2483 rursus
922 2438 1157 2494 admoneo,
1180 2456 1234 2484 ne
1262 2442 1494 2502 quisquam

159 2541 167 2558 ¹
190 2536 266 2567 Luc.
287 2546 333 2576 iv,
361 2534 477 2567 33-35.
505 2552 546 2558 -
566 2542 578 2558 ²
597 2537 703 2567 Marc.
733 2547 754 2575 ι,
774 2534 830 2577 4ο,
851 2539 884 2567 et
902 2547 948 2576 ιιι,
971 2547 1021 2575 ιι,
1051 2545 1102 2568 12.
1124 2552 1165 2558 —
1186 2534 1198 2558 ³
1218 2538 1294 2569 Luc.
1315 2547 1361 2578 ιν,
1380 2537 1434 2580 ίμ.
1456 2553 1498 2561 —-

112 2587 129 2619 lo
149 2591 233 2622 Marc
255 2616 259 2620 .
281 2599 328 2630 ιιι,
353 2589 515 2629 13-16,et
531 2602 565 2632 v,
581 2599 632 2623 20.
660 2606 695 2613 -·
718 2589 732 2614 5
748 2590 826 2624 vide
842 2601 937 2634 supra
954 2589 1007 2624 lib.
1029 2602 1064 2633 n,
1081 2602 1152 2634 capi
1174 2602 1240 2624 xvn
1258 2595 1292 2625 et
1314 2603 1376 2626 mu·
