1819 3301
357 296 642 332 QUAESTIONUM
675 292 1042 331 EvAuGEuoRUM,
1077 294 1160 321 Lm.
1196 295 1244 320 11.
1398 280 1480 321 347

97 376 215 405 nunc
237 370 280 405 et
301 376 449 405 omnes
473 372 700 421 unguntur
718 398 728 416 ,
754 361 874 422 quod
907 370 1012 406 tunc
1034 360 1208 420 regibus
1237 368 1410 403 tantum
1439 370 1482 405 et

97 430 386 475 sacerdotibcs
420 432 552 475 fiebat
578 450 586 474 t
612 441 655 476 et
694 433 813 491 quod
849 432 908 475 ait
946 434 1096 475 Petrus
1121 429 1175 474 ad
1199 430 1482 474 christianum

97 500 311 560 populum
347 501 536 545 scribens
558 537 568 556 ‚
606 521 626 543 «
663 500 823 558 Regale
855 500 1143 545 sacerdotium
1159 503 1172 526 1
1205 520 1213 544 :
1256 518 1276 541 »
1312 509 1484 543 utrum-

96 587 181 631 que
218 586 377 614 nomen
409 571 472 615 illi
514 572 677 631 populo
715 572 946 615 convenire
983 570 1217 615 declaravit
1236 606 1246 625 ,
1283 586 1372 630 quo
1410 569 1483 613 illa

96 641 248 685 unctio
292 641 552 700 pertinebat.
593 644 758 687 Caetera
789 643 937 702 itaque
980 641 1082 685 vitia
1120 650 1330 701 tanquam
1367 639 1484 685 vale-

95 712 259 756 tudinis
301 721 343 756 et
382 714 504 773 quasi
535 715 830 757 membrorum
874 713 1029 757 animae
1069 723 1198 776 atque
1243 728 1443 765 sensuum
1470 748 1480 768 ‚

98 798 175 842 per
196 798 239 826 se
262 785 403 842 ipsum
435 784 614 828 interius
636 785 680 827 in
709 784 945 828 contientia
963 793 1005 827 et
1027 783 1251 827 intellectu
1275 783 1484 838 Dominus

95 862 215 897 sanat
248 863 291 897 et
314 854 488 912 corrigit
515 870 523 895 ε
550 854 747 899 doctrina
768 870 871 899 vero
892 854 961 898 vel
983 853 1208 899 imbuendi
1233 869 1307 913 per
1333 856 1483 898 Sacra-

96 932 267 978 menta⁷
306 923 375 967 vel
398 924 693 968 catechizandi
717 940 794 984 per
827 939 1067 968 sermonem
1106 933 1328 968 sonantem
1354 932 1484 983 atque

95 992 327 1036 lectionem
348 1029 358 1048 ‚
383 994 459 1037 ubi
483 994 602 1038 color
624 995 801 1054 quidam
827 994 1081 1053 intelligitur
1102 1010 1228 1039 verus
1250 1003 1380 1054 atque
1402 995 1486 1038 sin-2

93 1078 232 1117 cerus,
259 1064 356 1123 quia
382 1065 425 1107 in
452 1074 657 1123 promptu
687 1074 809 1108 estet
841 1064 941 1108 soris
959 1065 1343 1119 eminentissimus,
1365 1066 1483 1122 (non

95 1134 207 1177 enim
247 1134 291 1177 in
327 1134 505 1178 occultis
538 1135 894 1193 cogitationibus,
931 1135 1003 1178 sed
1034 1136 1077 1178 in
1107 1134 1343 1179 manifestis
1380 1149 1484 1193 ope-

92 1204 334 1248 rationibus
371 1206 463 1248 haee
499 1215 715 1263 aguntur,
751 1208 766 1261 )
796 1205 1000 1249 Ecclesiae
1027 1205 1200 1265 proprie
1234 1204 1482 1249 contributa

93 1284 170 1319 est.
200 1279 352 1335 Itaque
376 1284 418 1318 et
442 1276 599 1320 Paulus
622 1292 728 1320 voce
750 1276 919 1320 Domini
940 1276 1102 1330 audita,
1127 1296 1144 1317 «
1163 1274 1273 1329 Quid
1291 1291 1360 1318 me
1383 1291 1482 1334 per-

96 1363 117 1387 »
153 1346 365 1406 sequeris?
392 1365 410 1386 »
437 1356 505 1401 et,
536 1366 554 1387 «
580 1349 671 1404 Ego
702 1362 796 1390 sum
830 1349 950 1389 Jesus
968 1382 978 1401 ,
1004 1361 1134 1406 quem
1170 1355 1217 1389 tu
1247 1360 1481 1405 perseque-

95 1435 115 1458 »
151 1417 207 1460 ris
232 1436 241 1460 ·.
271 1435 289 1457 »
312 1416 364 1460 ad
387 1418 601 1460 Ananiam
624 1417 769 1461 tamen
792 1417 943 1460 missus
966 1426 1029 1460 est
1048 1452 1057 1470 ,
1076 1425 1124 1460 ut
1144 1415 1218 1460 illo
1242 1415 1481 1460 sacerdotio

92 1487 212 1548 quod
234 1489 278 1530 in
303 1487 490 1531 Ecclesia
508 1490 795 1532 constitutum
821 1498 881 1531 cst
898 1524 907 1542 ,
934 1498 1249 1531 sacramentum
1271 1487 1481 1532 doctrinae

91 1558 192 1602 fidei
214 1559 482 1617 perciperet,
521 1568 564 1602 et
590 1574 715 1602 verus
744 1560 835 1618 ejus
859 1559 1173 1616 approbaretur
1195 1557 1314 1602 color
1328 1561 1359 1600 2.
1385 1560 1482 1602 Non

93 1629 195 1687 quia
218 1644 304 1671 non
328 1637 467 1686 potest
487 1644 563 1687 per
579 1644 621 1671 se
636 1629 774 1688 ipsum
800 1630 1006 1672 Dominus
1029 1628 1172 1672 omnia
1197 1627 1359 1685 facere3
1381 1643 1482 1671 narn

93 1699 188 1757 quis
211 1697 318 1741 alius
338 1698 430 1741 haec
459 1697 562 1742 facit
586 1699 714 1741 etiam
738 1699 783 1741 in
809 1698 999 1742 Ecclesia
1021 1700 1038 1739 ‘?
1058 1698 1131 1741 sed
1156 1707 1202 1741 ut
1234 1699 1324 1757 ipsa
1347 1698 1484 1742 socie-

93 1776 156 1811 tas
179 1776 543 1825 congregatorum
573 1766 767 1811 fidelium
787 1803 797 1822 ‚
829 1767 1114 1827 approbando
1137 1769 1181 1811 in
1214 1768 1397 1812 invicem
1415 1777 1482 1812 at-

93 1852 179 1897 que
200 1836 566 1881 communicando
582 1851 695 1880 verae
715 1837 816 1881 fidei
834 1837 1077 1881 doctrinam
1098 1838 1143 1881 in
1166 1837 1368 1883 omnibus
1384 1853 1483 1898 quae

94 1906 301 1951 dicuntur
318 1906 475 1961 verbis,
493 1906 560 1950 vel
577 1907 802 1965 signantur
820 1908 1110 1962 sacramentis,
1128 1917 1336 1968 tanquam
1351 1923 1484 1951 unam

23 1970 31 1977 “
94 1977 279 2036 speciem
302 1978 391 2020 veri
413 1977 569 2021 coloris
595 1976 804 2021 obducat.
825 1977 892 2021 Ad
910 1978 992 2021 hoc
1015 1979 1141 2021 etiam
1158 1978 1344 2037 pertinet
1364 1978 1484 2038 quod

95 2047 210 2092 idern
235 2047 340 2092 dicit
360 2048 606 2107 Apostolus.
638 2067 656 2089 «
687 2049 850 2092 Deinde
880 2058 976 2108 post
997 2065 1131 2093 annos
1153 2049 1483 2109 quatuordecim

99 2136 118 2160 »
145 2118 317 2162 ascendi
331 2119 643 2175 „lerosolymam
659 2134 758 2162 cum
777 2119 987 2173 Barnaba,
1001 2129 1221 2178 assumpto
1234 2129 1275 2162 et
1292 2119 1408 2164 Tito:
1426 2135 1488 2163 as·

99 2207 118 2231 »
140 2189 268 2234 cendi
284 2199 429 2233 autem
441 2190 680 2233 secundum
696 2190 1000 2234 revelationem
1016 2212 1025 2247 3
1040 2200 1080 2233 et
1093 2191 1267 2249 exposui
1280 2190 1338 2234 eis
1349 2193 1490 2234 Evan-

99 2277 118 2300 »
143 2258 303 2318 gelium
322 2260 441 2318 quod
460 2258 650 2318 praedico
667 2260 711 2302 in
731 2261 946 2317 gentibus,
965 2275 1157 2303 seorsum
1180 2270 1325 2303 autem
1350 2260 1396 2303 iis
1411 2261 1489 2320 qui

101 2347 120 2370 »
143 2330 403 2373 videbantur
429 2350 436 2374 :
455 2346 508 2373 ne
531 2329 642 2373 forte
658 2331 702 2373 in
725 2346 911 2374 vacuum
932 2346 1075 2385 curro,
1091 2339 1166 2375 aut
1187 2332 1372 2375 cucurri.
1395 2335 1489 2375 »Et

97 2399 228 2458 paulo
262 2409 383 2458 post⁷
415 2420 432 2441 α
473 2403 584 2444 Cum
614 2402 946 2459 cognovissent,
980 2401 1150 2460 inquit,
1188 2403 1365 2458 gratiam
1389 2417 1488 2461 quae

101 2488 120 2511 »
143 2469 241 2514 data
261 2480 323 2514 est
345 2471 467 2525 mihi,
485 2471 689 2525 Jacobus,
708 2475 874 2524 Petrus,
900 2480 942 2514 et
960 2474 1164 2525 Joannes,
1186 2472 1261 2531 qui
1283 2471 1490 2515 videban-

101 2558 120 2582 »
148 2550 218 2585 tur
237 2540 453 2585 columnae
486 2555 575 2585 esse
595 2575 605 2596 ‚
626 2540 819 2586 dexteras
852 2541 1068 2587 dederunt
1087 2543 1190 2586 mihi
1212 2552 1254 2587 et
1276 2543 1484 2587 Banarbae

144 2628 153 2644 ¹
175 2634 194 2658 ‘2
212 2628 395 2669 Petr.11,9.
421 2644 459 2650 -ν
483 2635 495 2650 ²
516 2630 589 2661 Act.
609 2640 654 2668 ix,
674 2628 771 2671 4-19.
