1819 3301
377 303 461 344 134
798 316 832 342 s.
869 313 1097 340 Δηοῦς-ΠΜ
1134 311 1309 337 zriscorl

373 374 516 425 verbis
538 380 826 439 conjicientes.
868 380 975 421 Nam
1002 377 1060 419 sic
1091 376 1180 434 ipse
1212 389 1353 418 sermo
1379 371 1684 428 concluditur,
1708 375 1759 418 ut
1817 374 1819 413 ζ

373 459 577 510 appareat
599 450 641 492 in
665 464 716 492 eo
734 456 948 506 praccepta
969 461 1057 489 esse
1080 445 1223 489 omnia
1243 460 1340 504 quae
1364 444 1418 486 ad
1438 442 1758 488 informandam
1818 504 1819 511 ἵ

372 522 505 566 vitam
532 520 766 579 pertinent.
801 518 868 562 Sic
895 518 1010 560 enim
1041 516 1146 560 dicit
1168 535 1176 559 2
1201 535 1220 556 «
1248 514 1399 558 Omnis
1425 529 1527 571 ergo
1545 514 1619 573 qui
1638 512 1759 558 audit
1818 526 1819 567 ζ

374 610 395 633 n
431 591 559 635 verba
579 605 669 633 mea
693 590 803 643 haec,
826 598 868 632 et
890 587 992 632 facit
1011 603 1076 640 ea,
1102 585 1300 630 similabo
1323 600 1423 627 eum
1447 584 1538 628 viro
1557 584 1754 643 sapienti,

373 681 393 703 »
430 662 506 721 qui
529 659 758 703 aedificavit
787 658 966 702 domum
996 673 1117 701 suam
1148 671 1274 714 supra
1298 663 1463 713 petram
1492 673 1499 697 :
1533 654 1759 699 descendit
1818 650 1819 659 ¹

373 749 392 772 »
428 730 574 789 pluvia
590 765 600 783 ,
626 737 839 772 venerunt
863 728 1043 771 ssumina
1062 763 1071 781 ,
1098 727 1314 769 flaverunt
1337 724 1476 777 venti,
1499 732 1541 766 et
1562 723 1756 792 offe-nde·
1793 779 1796 782 ⁴

370 819 390 842 »
427 809 531 843 runt
566 800 611 842 in
639 797 818 842 domum
848 798 988 851 illam,
1024 807 1067 840 ct
1096 811 1185 839 non
1220 795 1403 850 cecidit,
1436 794 1617 837 fundata
1641 795 1756 837 enim

371 890 390 912 »
411 879 517 921 'erat
534 882 662 928 super
684 879 864 928 petram.
892 871 948 911 Et
967 868 1106 911 omnis
1131 867 1206 926 qui
1231 865 1352 908 audit
1370 865 1500 908 verba
1525 880 1618 908 mea
1639 865 1753 920 haec,

372 963 388 982 »
425 951 469 984 et
486 957 574 984 non
598 939 701 983 facit
723 955 769 982 ea
786 975 796 992 ,
824 938 1023 981 similabo
1046 952 1147 980 eum
1169 938 1261 979 viro
1283 935 1420 978 stulto
1441 970 1451 988 ,
1478 935 1553 994 qui
1573 936 1758 980 aedifica-

371 1029 392 1052 »
426 1011 488 1054 vit
504 1011 683 1053 domum
706 1024 827 1052 suam
851 1023 980 1066 super
1009 1022 1180 1050 arenam
1209 1026 1216 1049 :
1242 1004 1466 1069 descendit
1486 1004 1656 1063 pluvia,
1682 1021 1756 1049 ve-

369 1084 390 1123 )“)’
426 1078 587 1124 nerun‘t
606 1079 808 1133 flumina,
837 1077 1053 1121 ssaveru'nt
1079 1076 1198 1119 venti
1217 1111 1228 1130 ,
1254 1085 1297 1119 ct
1317 1072 1598 1119 offenderunt
1616 1076 1661 1118 in'
1683 1074 1756 1120 do-

369 1170 389 1192 »
427 1167 547 1194 mum
568 1150 704 1203 illam,
725 1159 768 1192 ct
785 1148 963 1204 cecidit,
985 1157 1028 1191 et
1052 1146 1161 1190 facta
1181 1155 1246 1189 est:
1264 1147 1387 1189 ruina
1413 1146 1503 1204 ejus
1526 1149 1752 1204 magna¹.»

367 1223 479 1265 Cum
501 1235 604 1277 ergo
628 1235 716 1262 non
740 1218 868 1272 dixit,
899 1237 918 1259 «
951 1217 1037 1270 Qui
1066 1216 1187 1260 audit
1223 1216 1355 1258 verba
1387 1231 1479 1258 mea
1507 1234 1526 1255 »
1554 1224 1753 1271 tanturn,

367 1291 442 1334 sed
465 1289 632 1334 addidit
654 1290 800 1332 dicens
824 1309 831 1332 :
870 1307 889 1329 α
912 1288 997 1340 Qui
1023 1286 1144 1330 audit
1161 1287 1291 1330 verba
1321 1301 1413 1329 mea
1438 1288 1531 1330 haec
1559 1306 1567 1330 :
1591 1305 1610 1326 »
1632 1286 1752 1341 satis,

369 1370 420 1404 ut
442 1361 649 1412 arbitror,
670 1358 927 1416 significavit
943 1358 1036 1401 haec
1053 1357 1183 1399 verba
1201 1392 1210 1410 ,
1232 1372 1330 1416 quae
1347 1357 1391 1399 in
1410 1366 1559 1399 monte
1583 1356 1755 1400 locutus

368 1440 453 1483 est,
475 1440 563 1473 tam
586 1428 776 1488 perfecte
798 1429 1011 1471 instruere
1031 1428 1163 1470 vitam
1187 1442 1335 1471 eorum
1359 1427 1433 1485 qni
1458 1426 1674 1471 voluerint
1690 1443 1753 1470 se-

367 1500 561 1553 cundum
588 1515 636 1543 ea
662 1500 805 1541 vivere
821 1534 830 1551 ,
852 1507 901 1541 ut
924 1498 1078 1541 merito
1100 1508 1408 1557 comparentur
1430 1497 1663 1542 aedificanti
1681 1514 1755 1542 su-

368 1586 445 1630 per
467 1579 649 1629 petram.
673 1571 766 1612 Hoc
790 1568 902 1622 dixi,
937 1577 985 1611 ut
1006 1577 1210 1627 appareat
1234 1568 1364 1611 istum
1395 1583 1638 1611 sermonem
1664 1584 1753 1612 om-

369 1642 499 1684 nibus
529 1639 754 1698 praeceptis
770 1674 780 1693 ,
807 1639 965 1698 quibus
998 1639 1227 1682 christiana
1246 1639 1333 1682 vita
1356 1639 1641 1693 informatur,
1667 1655 1756 1683 esse

367 1711 612 1770 perfectum
631 1729 639 1753 :
661 1725 761 1753 nam
784 1708 838 1752 de
860 1710 943 1753 hoc
961 1708 1153 1768 capitulo
1171 1709 1422 1768 diligentius
1438 1726 1516 1754 suo
1538 1710 1633 1754 loeo
1650 1719 1752 1754 trac·
1784 1723 1788 1727 ’

367 1781 548 1824 tabitur.

425 1854 482 1894 II.
506 1851 644 1909 Hujus
666 1850 798 1908 igitur
819 1849 1026 1892 sermonis
1047 1849 1219 1892 initium
1242 1850 1300 1892 sic
1319 1850 1551 1894 assumitur
1571 1870 1580 1895 :
1607 1852 1754 1895 «Cum

372 1939 393 1961 »
428 1919 603 1963 vidisset
626 1929 771 1962 autem
792 1919 941 1962 turbas
975 1918 1132 1962 multas
1148 1954 1158 1972 ,
1185 1919 1378 1962 ascendit
1398 1920 1442 1962 in
1467 1929 1659 1963 montem
1676 1956 1687 1974 ,
1712 1930 1755 1964 et
1781 1922 1783 1924 ’

371 2009 390 2031 ))
426 2006 526 2033 cum
559 1990 760 2042 sedisset,
799 1998 1069 2032 accesserunt
1103 1988 1156 2032 ad
1188 2005 1287 2032 eum
1315 1989 1519 2048 Discipuli
1554 1991 1673 2049 ejus,
1712 1999 1753 2033 et

371 2078 389 2101 »
427 2059 620 2117 aperiens
641 2075 686 2101 os
713 2073 838 2101 suum
865 2057 1051 2101 docebat
1081 2074 1152 2101 cos
1170 2094 1179 2110 ,
1207 2059 1398 2102 dicens&
1431 2078 1449 2098 n
1482 2059 1521 2102 Si
1544 2059 1754 2118 quaeritur

367 2129 475 2190 quid
496 2129 708 2187 significet
732 2144 854 2172 mons
870 2164 880 2182 ,
907 2129 1018 2172 bene
1052 2129 1307 2185 intelligitur
1330 2129 1570 2186 significare
1593 2131 1752 2189 majora

367 2209 583 2259 praecepta
615 2200 790 2259 justitias
812 2218 821 2244 ε
846 2200 945 2259 quia
979 2199 1146 2242 minora
1181 2209 1303 2242 erant
1334 2215 1433 2257 quac
1468 2199 1629 2243 Judaeis
1652 2200 1752 2244 data

368 2281 484 2315 sunt.
510 2273 630 2314 Unus
654 2280 800 2314 tamen
827 2273 938 2313 Deus
956 2285 1033 2328 per
1053 2279 1223 2313 sanctos
1248 2271 1484 2328 Prophetas
1507 2280 1549 2313 et
1568 2269 1751 2316 famulos
1777 2289 1780 2291 ’

368 2357 492 2396 suos,
525 2341 768 2385 secundum
796 2340 1153 2384 ordinatissimam
1193 2339 1544 2384 distributionem
1576 2351 1748 2400 tempo-

366 2417 492 2467 rum,
525 2411 645 2455 dedit
674 2412 839 2455 minora
867 2421 1083 2470 praecepta
1126 2411 1316 2470 populo,
1355 2426 1486 2470 quem
1518 2411 1662 2456 adhuc
1694 2412 1750 2457 ti—

364 2487 484 2526 more
510 2481 676 2540 alligari
698 2482 928 2539 'oportebat
947 2504 958 2539 3
978 2491 1021 2525 et
1042 2497 1119 2541 per
1143 2481 1303 2525 Filium
1321 2497 1445 2525 suum
1480 2483 1640 2541 maj0ra
1673 2499 1747 2542 po-

363 2551 484 2610 pulo,
511 2567 642 2611 quem
665 2551 872 2595 charitate
888 2553 978 2610 jam
992 2552 1164 2597 liberari
1179 2562 1454 2596 convenerat.
1468 2555 1579 2597 Cum
1597 2563 1742 2597 autem

414 2642 421 2657 ¹
440 2635 556 2667 Matth.
578 2646 637 2676 vn,
655 2634 773 2676 24-27.
795 2652 837 2658 —
855 2642 866 2657 ²
887 2636 932 2667 Id.
953 2646 985 2676 v,
1009 2647 1038 2677 1,
1058 2644 1090 2668 2.
