1819 3301
354 271 435 308 122
786 281 818 310 s.
856 283 1086 312 Anous'ruu
1120 284 1299 311 EPISCOH

350 355 393 390 et
421 347 777 391 resurrectionem
805 367 813 391 :
844 349 917 407 qui
942 357 1058 391 totus
1090 348 1211 391 locus
1235 364 1258 391 a
1291 363 1415 391 coena
1439 349 1569 407 ipsius
1595 365 1734 410 usque

350 415 404 459 ad
428 417 581 470 finem,
614 418 672 460 sic
700 433 722 460 a
751 417 876 460 nobis
905 425 1111 475 tractatus
1141 426 1226 477 est,
1262 427 1312 461 ut
1340 418 1537 462 omnium
1567 417 1733 474 collatis

350 486 603 530 testimoniis
621 487 729 529 nihil
746 502 817 530 eos
840 485 1063 530 dissentire
1080 487 1348 531 doceremus.

350 643 418 658 m
422 642 1730 659 ΜΜΜΜΜΜΜΜΜΜΜΜΜΜΜΜΜΜΜΜΜΜΜΜἋ

872 763 1086 810 (ΙΑΡΠὟ-
1148 764 1211 811 λζ.

346 902 423 946 De
442 900 636 947 Jocmne
659 902 972 964 evangelista)
1001 902 1120 960 quid
1139 919 1171 947 α
1192 904 1380 948 caeterz's
1407 902 1557 948 tribus
1574 902 1730 950 distet.

404 1039 483 1079 XI.
510 1039 701 1086 JOANNES
719 1046 781 1081 est
804 1037 1012 1097 reliquus,
1039 1038 1115 1097 qui
1127 1038 1216 1097 jam
1242 1052 1330 1087 =non
1348 1046 1479 1081 restat
1501 1037 1570 1091 cui
1589 1036 1735 1091 eonfe-

346 1115 480 1153 ratur.
506 1106 729 1169 Quidquid
749 1107 864 1152 ,enim
887 1107 1046 1165 singuli
1075 1108 1303 1161 dixerunt,
1328 1123 1427 1167 quae
1450 1107 1504 1150 ab
1527 1106 1618 1163 aliis
1646 1122 1735 1161 non

347 1174 461 1218 dicta
484 1185 606 1229 sunt,
639 1175 816 1219 difficile
839 1185 902 1219 est
923 1186 972 1219 ut
1000 1177 1190 1229 habeant
1213 1176 1403 1236 aliquam
1434 1177 1734 1234 repugnantiae

346 1246 646 1305 quaestionem.
673 1251 734 1290 Ac
764 1262 839 1305 per
862 1247 944 1290 hoc
966 1247 1134 1306 liquido
1166 1256 1335 1291 constat
1359 1257 1443 1290 tres
1470 1248 1593 1301 istos,
1618 1250 1734 1290 Mat-

346 1316 509 1359 thaeum
533 1315 709 1372 scilicet,
726 1319 921 1364 Marcum
946 1325 985 1362 et
1010 1320 1172 1360 Lucam
1190 1317 1372 1360 maxime
1396 1318 1507 1360 cirea
1528 1317 1734 1360 humani-

346 1394 478 1435 tatem
498 1386 667 1429 Domini
691 1386 825 1429 nostri
850 1389 951 1433 Jesu
974 1386 1131 1430 Christi
1153 1401 1242 1429 esse
1260 1395 1466 1440 versatos,
1493 1386 1734 1431 secundum

346 1472 476 1515 quam
499 1466 542 1499 et
566 1472 638 1499 rex
662 1466 704 1503 et
732 1456 928 1501 sacerdos
953 1466 1030 1500 est.
1058 1459 1112 1500 Et
1142 1456 1240 1500 ideo
1265 1460 1436 1501 Marcus
1453 1492 1463 1511 ,
1489 1456 1565 1515 qui
1592 1456 1637 1499 in
1660 1455 1735 1500 illo

345 1528 552 1583 mysterio
573 1537 763 1586 quatuor
777 1527 1028 1571 animalium
1044 1528 1230 1570 hominis
1250 1527 1420 1571 videtur
1439 1526 1734 1578 demonstrare

349 1612 571 1654 personam
592 1600 603 1622 ¹
620 1632 630 1650 ‚
659 1597 726 1640 vel
743 1598 939 1645 Matthaei
964 1597 1096 1655 magis
1123 1612 1265 1640 comes
1288 1597 1458 1641 videtur
1474 1631 1485 1651 ,
1510 1598 1610 1656 quia
1632 1612 1734 1647 cum

344 1665 419 1715 illo
438 1666 561 1724 plura
584 1666 687 1710 dicit
708 1676 883 1725 propter
906 1667 1066 1724 regiam
1091 1682 1335 1724 personam,
1361 1682 1460 1726 quae
1483 1666 1735 1709 incomitata

345 1751 435 1779 esse
462 1751 551 1779 non
588 1735 718 1790 solet,
743 1735 863 1795 quod
892 1737 935 1779 in
960 1737 1101 1795 primo
1133 1736 1246 1779 libro
1277 1736 1635 1797 commemoravi3
1667 1735 1737 1779 vel

345 1806 466 1865 quod
504 1806 770 1865 probabilius
803 1806 1086 1863 intelligitur,
1127 1822 1228 1850 Cum
1265 1806 1478 1849 ambobus
1516 1806 1680 1855 incedit
1700 1809 1731 1847 ².

344 1878 453 1919 Nam
478 1877 672 1934 quamvis
700 1877 908 1921 Mattliaeo
932 1876 976 1918 in
1006 1866 1204 1934 pluribus
1221 1910 1231 1928 ‚
1257 1884 1403 1918 tamen
1434 1876 1477 1918 in
1507 1875 1598 1918 aliis
1622 1890 1735 1930 non-

345 1945 476 1989 nullis
508 1949 637 1989 Lucae
671 1947 806 2004 magis
829 1947 1029 2004 congruit
1057 1965 1065 1989 t
1095 1955 1145 1988 ut
1179 1946 1262 1989 hoc
1293 1945 1386 2004 ipso
1415 1944 1736 2000 demonstretur

347 2015 401 2058 ad
424 2015 593 2059 leonem
626 2025 669 2058 et
701 2015 753 2058 ad
778 2015 988 2070 vitulum,
1015 2016 1098 2059 hoc
1121 2024 1210 2068 est,
1238 2024 1281 2058 et
1306 2014 1360 2058 ad
1393 2014 1582 2073 regalem
1605 2029 1735 2075 quam

347 2086 595 2138 Matthaeus,
618 2095 661 2128 et
689 2085 744 2128 ad
764 2085 1074 2128 sacerdotalem
1098 2100 1227 2144 quam
1253 2087 1388 2127 Lucas
1415 2084 1606 2137 insinuat
1636 2099 1736 2148 per-

347 2169 513 2207 sonam,
540 2153 585 2196 id
609 2153 727 2212 quod
742 2155 942 2198 Christus
964 2155 1095 2200 homo
1118 2163 1196 2208 est,
1221 2154 1451 2212 pertinere,
1472 2169 1603 2212 quam
1626 2153 1737 2211 figu-

346 2239 438 2266 ram
460 2227 631 2266 Marcus
664 2225 772 2282 gerit
795 2223 1015 2281 pertinens
1038 2223 1092 2266 ad
1118 2232 1366 2281 utrumque.
1396 2222 1604 2266 Divinitas
1633 2237 1736 2267 vero

347 2294 505 2338 Christi
536 2310 620 2351 qua
653 2293 830 2352 aequalis
865 2303 928 2337 est
953 2294 1090 2347 Patri,
1122 2292 1363 2337 secundum
1393 2292 1513 2351 quod
1540 2293 1734 2355 Verbum

348 2374 411 2407 cst
433 2374 475 2407 et
499 2368 610 2408 Deus
634 2364 749 2422 apud
783 2368 920 2408 Deum
945 2373 988 2408 et
1010 2364 1201 2407 Verbum
1226 2379 1324 2423 caro
1347 2363 1513 2407 factum
1538 2372 1588 2406 ut
1609 2363 1736 2407 habi-

349 2435 520 2477 taretin
534 2435 659 2478 nobis
676 2436 708 2489 ³,
725 2435 965 2478 secundum
983 2435 1103 2494 quod
1119 2435 1209 2493 ipse
1227 2444 1269 2477 et
1288 2437 1413 2477 Pater
1429 2450 1564 2478 unum
1583 2443 1685 2486 sunt
1698 2435 1732 2487 4,
1782 2449 1785 2451 ’

351 2519 374 2546 a
397 2506 564 2547 Joanne
595 2505 779 2548 maxime
817 2504 1161 2554 commendanda
1189 2514 1388 2564 suscepta
1404 2515 1473 2553 ,est
1490 2540 1501 2559 ,
1525 2505 1602 2565 qui
1624 2505 1736 2550 sicut

400 2604 407 2619 ¹
431 2600 640 2639 Apoc.1v,6‚
657 2610 689 2640 7.
713 2616 754 2621 —
778 2606 790 2621 ¹
813 2600 869 2630 Lib
897 2611 921 2640 i,
943 2611 1015 2641 cap.
1038 2599 1069 2632 3.
1086 2617 1127 2623 —
1145 2599 1158 2623 3
1174 2599 1441 2641 Joan.1‚r14.-
1465 2598 1541 2636 4121.
1558 2610 1591 2641 x,
1614 2599 1666 2644 30.
