1819 3301
357 293 608 337 1N‘JoANms
643 307 950 344 EVANGELIUM‚
986 305 1133 332 TRACT.
1172 307 1200 332 1.
1391 297 1473 334 393

92 374 253 419 fabrica
278 389 378 432 ergo
396 376 474 418 ista
497 374 827 418 animadvertite
848 372 976 433 quale
992 372 1173 416 verbum
1192 380 1255 415 est
1270 386 1346 430 per
1358 372 1477 431 quod

88 445 200 489 faeta
222 454 285 488 est
307 464 315 488 :
337 455 378 488 et
394 460 483 488 non
505 444 594 488 sola
615 443 724 487 sacta
741 453 819 488 est.
841 443 998 487 Omnia
1017 442 1129 485 enim
1153 442 1231 485 ista
1253 442 1474 497 videntur,

88 516 189 576 quia
212 516 432 574 pertinent
457 514 510 558 ad
533 530 705 558 sensum
737 514 944 573 corporis.
972 517 1053 557 Per
1089 512 1200 556 illud
1234 513 1416 556 verbum
1436 523 1478 557 et

88 585 244 645 Angeli
265 584 366 630 facti
400 594 501 630 sunt
533 605 541 630 :
567 601 643 645 per
664 584 774 629 illud
799 585 992 629 Verbum
1021 593 1062 628 et
1091 584 1352 643 Archangeli
1374 584 1477 628 facti

87 666 203 701 sunt.
232 660 469 700 Potestates
488 691 498 711 ,
521 656 670 711 Sedes,
702 656 1024 699 Dominationes
1040 689 1050 709 ‚
1078 651 1351 713 Principatus
1373 675 1382 699 ;
1403 670 1478 713 per

86 725 198 770 illud
219 726 412 769 Verbum
437 724 549 770 facta
572 734 674 770 sunt
691 725 833 770 omnia
862 744 869 769 :
889 725 990 769 hinc
1013 725 1201 784 cogitate
1223 724 1355 785 quale
1374 727 1478 768 Ver-

85 797 192 841 bum
216 805 293 841 est.

142 869 198 910 X.
226 865 476 926 Respondet
492 866 598 909 mihi
613 866 745 910 modo
768 865 881 910 forte
903 865 1162 925 nescioquis
1180 884 1188 910 ;
1206 868 1262 909 Εῖ
1281 865 1377 924 quis
1394 865 1478 910 hoc

85 938 279 982 Verbum
303 938 490 995 cogitat?
513 937 610 983 Noli
627 953 730 996 ergo
746 937 825 981 tibi
843 937 965 996 quasi
983 936 1066 980 vile
1089 936 1253 995 aliquid
1272 935 1475 992 formare,

85 1023 186 1052 cum
209 1007 332 1051 audis
356 1007 551 1051 Verbum
566 1016 608 1051 et
623 1008 836 1066 conjicere
858 1006 987 1051 verba
1011 1022 1108 1065 quae
1126 1005 1247 1049 audis
1265 1005 1474 1066 quotidie,

86 1078 166 1121 lile
189 1078 290 1121 talia
312 1077 444 1120 verba
467 1077 594 1131 dixit,
621 1076 736 1120 Talia
755 1077 887 1120 verba
915 1076 1086 1120 locutus
1109 1085 1192 1131 est,
1213 1076 1329 1119 Talia
1346 1076 1477 1120 verba

84 1149 190 1191 mihi
221 1163 399 1204 narra53
439 1146 607 1191 assidue
635 1147 751 1190 enim
785 1146 971 1190 dicendo
1003 1148 1178 1190 nomina
1215 1147 1473 1201 verborum,

84 1218 207 1278 quasi
237 1218 462 1261 viluerunt
490 1216 635 1261 verba.
676 1220 731 1260 Et
765 1216 942 1275 quando
964 1216 1087 1259 audis
1116 1235 1124 1260 ε
1157 1218 1242 1259 «In
1267 1217 1477 1274 principio

87 1307 106 1329 n
141 1297 233 1332 erat
247 1287 461 1342 Verbum,
484 1305 504 1328 »
523 1302 577 1330 ne
590 1285 674 1330 vile
689 1285 853 1346 aliquid
871 1296 1062 1346 putares,
1077 1285 1203 1345 quale
1219 1287 1477 1330 consuevisti

83 1360 286 1416 cogitare,
305 1373 407 1402 cum
423 1358 555 1402 verba
579 1358 770 1401 humana
793 1357 950 1401 soleres
973 1357 1143 1411 audire,
1162 1355 1263 1400 audi
1280 1356 1386 1416 quid
1404 1372 1477 1400 co-

19 1452 21 1456 ⁴
84 1431 191 1489 gites
214 1449 223 1475 ε
253 1433 400 1474 «Deus
423 1437 512 1472 erat
536 1428 747 1472 Verbum.
772 1446 791 1469 »

141 1504 221 1547 XI.
246 1504 381 1545 Exeat
403 1516 520 1544 nunc
543 1499 686 1542 nescio
709 1499 805 1558 quis
828 1497 1013 1542 infidelis
1032 1499 1215 1542 Arianus
1238 1517 1246 1542 :
1268 1507 1311 1542 et
1332 1498 1446 1543 dicat
1465 1519 1472 1544 :

83 1571 195 1625 Quia
224 1573 421 1615 Verbum
454 1570 533 1614 Dei
569 1568 731 1613 factum
757 1579 835 1613 est.
874 1569 1106 1621 Quomodo
1139 1578 1280 1628 potest
1314 1569 1405 1612 fieri
1427 1579 1477 1613 ut

85 1642 279 1685 Verbum
308 1641 384 1684 Dei
415 1639 576 1683 factum
601 1641 678 1693 sit,
704 1638 880 1699 quando
904 1642 1016 1682 Deus
1048 1655 1125 1698 per
1152 1640 1346 1682 Verbum
1374 1639 1478 1683 fecit

84 1711 260 1756 omnia?
294 1711 335 1755 Si
366 1719 409 1754 et
432 1710 626 1753 Verbum
652 1709 727 1753 Dei
750 1709 891 1767 ipsum
922 1708 1087 1752 factum
1123 1717 1211 1763 est,
1249 1724 1325 1767 per
1357 1708 1476 1768 quod

84 1780 202 1825 aliud
223 1781 417 1825 Verbum
441 1779 605 1823 factum
629 1780 717 1822 est?
743 1779 785 1823 Si
807 1779 890 1822 hoc
913 1778 1043 1833 dicis,
1069 1779 1170 1838 quia
1192 1788 1255 1821 est
1278 1779 1471 1821 Verbum

84 1852 238 1905 Verbi,
265 1866 341 1910 per
362 1850 482 1911 quod
506 1850 667 1894 factum
687 1858 750 1893 est
767 1848 875 1892 illud
893 1868 901 1892 :
919 1849 1061 1908 ipsum
1084 1848 1182 1892 dico
1198 1864 1278 1907 ego
1296 1849 1475 1892 unicum

85 1921 246 1965 Filium
271 1922 359 1965 Dei.
393 1921 435 1966 Si
459 1929 604 1964 autem
627 1935 717 1964 non
742 1919 848 1963 dicis
869 1919 1065 1962 Verbum
1090 1919 1249 1973 Verbi,
1285 1918 1477 1963 concede

84 2009 173 2037 non
197 1991 358 2036 factum
378 2007 453 2051 per
476 1992 596 2050 quod
629 1991 740 2034 facta
763 1999 864 2034 sunt
898 1991 1056 2034 omnia.
1083 1992 1181 2034 Non
1203 1989 1318 2033 enim
1342 2005 1478 2048 perse

85 2063 228 2121 ipsum
248 2062 341 2105 fieri
362 2062 505 2121 potuit
523 2097 532 2116 ‚
557 2076 633 2119 per
657 2060 775 2120 quod
797 2060 910 2103 facta
933 2068 1035 2102 sunt
1050 2060 1210 2113 omnia,
1236 2059 1364 2102 crede
1378 2074 1477 2116 ergo

85 2131 385 2190 Evangelistae.
426 2135 601 2175 Poterat
623 2130 737 2173 enim
760 2128 902 2173 dicere
922 2149 930 2173 ;
950 2133 999 2172 In
1019 2128 1229 2188 principio
1244 2128 1348 2171 fecit
1366 2132 1477 2172 Deus

87 2202 281 2246 Verbum
301 2221 310 2246 :
328 2200 551 2261 quomodo
569 2201 674 2245 dixit
689 2203 859 2257 Moyses
881 2218 889 2243 :
915 2218 933 2240 «
948 2202 998 2243 In
1017 2198 1227 2258 principio
1246 2197 1347 2242 fecit
1366 2201 1477 2241 Deus

89 2291 109 2314 »
134 2272 295 2316 coelum
313 2282 356 2316 et
377 2281 535 2315 terram
551 2275 580 2317 ¹:
601 2281 679 2315 »et
701 2271 845 2316 omnia
867 2271 926 2314 sic
944 2278 1169 2314 enumerat
1187 2288 1195 2314 :
1214 2269 1325 2312 Dixit
1346 2272 1473 2313 Deus:

88 2343 205 2397 Fiat,
231 2352 274 2386 et
294 2341 461 2386 factum
484 2352 560 2386 est.
590 2343 631 2386 Si
656 2341 786 2396 dixit,
812 2341 908 2400 quis
930 2340 1068 2383 dixit?
1091 2340 1243 2398 utique
1267 2342 1394 2382 Deus.
1421 2341 1478 2382 Et

87 2412 195 2472 quid
216 2412 381 2456 factum
403 2414 495 2456 est?
523 2415 728 2457 Creatura
750 2411 910 2471 aliqua.
948 2413 1067 2454 Inter
1091 2409 1307 2472 dicentem
1338 2411 1475 2452 Deum

88 2492 130 2526 et
156 2482 317 2526 factam
347 2491 588 2526 creaturam
613 2482 721 2542 quid
752 2491 815 2525 est
846 2496 922 2540 per
944 2479 1065 2540 quod
1087 2478 1252 2523 factum
1276 2488 1365 2533 est,
1396 2478 1476 2522 nisi

88 2552 316 2596 Verbum?
342 2552 450 2605 Quia
472 2552 580 2597 dixit
602 2555 715 2596 Deus
735 2570 744 2597 ι
763 2551 881 2606 Fiat,
904 2559 947 2594 et
967 2549 1131 2594 factum
1150 2559 1227 2594 est.
1255 2551 1348 2593 Hoc
1363 2551 1475 2592 Ver-

138 2643 144 2658 ¹
166 2639 243 2669 Gen.
260 2647 283 2677 1,
304 2648 332 2668 1.
