1819 3301
305 234 388 274 374
731 248 762 271 s.
800 246 1027 271 AUGUS'rth
1065 245 1242 271 muscum

303 325 505 354 acervum
528 310 788 353 zizaniorum
813 309 901 351 fieri
926 307 1062 351 dixit?
1084 308 1171 352 Nisi
1204 307 1316 352 forte
1343 318 1520 368 propter
1541 311 1685 354 varie-

303 391 435 426 tatem
479 381 782 425 haereticorum
798 413 808 430 ,
835 386 877 421 et
899 393 988 421 non
1012 377 1151 421 solum
1172 395 1195 422 a
1218 379 1375 435 tritico,
1400 382 1687 426 verumetiam

301 470 324 498 a
338 469 381 497 se
394 452 494 512 ipsis
512 450 864 509 discrepantium,
884 449 975 508 ipsa
993 450 1334 510 uniuscujusque
1352 452 1561 496 haereseos
1583 468 1687 512 pro-

299 524 392 584 pria
413 521 717 567 conventicula
735 556 746 575 ‚
771 520 816 564 in
834 520 994 580 quibus
1011 520 1258 578 singiliatim
1279 538 1355 566 sua
1377 524 1689 568 communione

300 593 489 638 devincti
521 601 644 646 sunt,
676 591 850 634 nomine
878 589 1184 635 fasciculorum
1222 592 1492 651 designavit:
1519 603 1570 638 ut
1596 595 1687 654 jam

301 675 406 709 tunc
422 663 635 722 incipiant
657 659 823 720 alligari
845 660 899 705 ad
917 662 1283 718 comburendum,
1306 679 1406 707 cum
1429 679 1453 707 a
1475 663 1688 709 catholica

299 734 607 779 communione
630 731 842 791 segregati
859 747 953 776 suas
966 733 1159 791 proprias
1172 734 1295 792 quasi
1312 733 1510 778 ecclesias
1528 735 1689 778 habere

300 805 529 863 coeperint,
555 818 605 847 ut
627 802 870 847 combustio
893 818 1041 846 earum
1061 803 1114 847 sit
1130 804 1175 846 in
1187 803 1273 847 fine
1286 803 1449 859 saeculi,
1471 804 1603 848 modo
1625 803 1690 849 al-
1710 817 1712 821 ’

301 876 450 934 ligatio
473 874 793 919 fasciculorum.
817 873 900 918 Sed
923 875 955 917 si
976 874 1035 917 ita
1049 883 1178 927 esset,
1205 889 1292 918 non
1310 875 1401 934 jam
1416 874 1567 918 multae
1586 875 1691 919 resi-

300 945 507 1006 piscendo
522 981 532 1000 ,
564 955 606 989 et
625 946 669 989 in
692 943 962 989 Catholicam
984 943 1217 988 remeando
1238 945 1293 987 ab
1316 960 1460 988 errore
1481 944 1691 989 descisce-

302 1027 413 1060 rent.
452 1019 728 1075 Quapropter
749 1024 792 1058 et
816 1014 1007 1072 alligatio
1029 1013 1336 1059 fasciculorum
1363 1015 1409 1058 in
1431 1016 1517 1075 fine
1544 1014 1692 1060 futura

303 1097 382 1142 est,
403 1096 558 1135 utnon
575 1085 773 1140 confuse,
793 1084 869 1130 sed
888 1100 965 1144 pro
980 1084 1112 1130 modo
1129 1086 1417 1144 perversitatis
1439 1101 1529 1130 suae
1541 1087 1693 1131 unius-

304 1160 517 1218 cujusque
539 1157 694 1201 erroris
714 1156 950 1216 pertinacia
974 1156 1197 1214 puniatur.

360 1231 437 1272 IV.
477 1230 576 1273 «Ne
616 1226 730 1271 forte
763 1225 1014 1284 colligentes
1044 1226 1204 1270 zizania
1235 1224 1460 1270 eradicetis
1489 1226 1617 1270 simul
1649 1236 1693 1271 et

304 1318 324 1341 »
352 1299 601 1343 triticum.»
631 1300 786 1342 Utrum
810 1297 911 1357 quia
942 1297 1071 1340 etiam
1098 1297 1205 1341 honi
1228 1312 1329 1340 cum
1357 1297 1502 1341 adhuc
1531 1297 1693 1342 infirmi

299 1377 419 1423 sunt,
446 1382 554 1426 opus
577 1368 743 1411 habent
763 1367 808 1410 in
831 1366 1095 1427 quibusdam
1121 1366 1332 1410 malorum
1357 1367 1663 1411 commixtione
1678 1403 1689 1423 ‚

299 1440 388 1483 sive
419 1448 467 1482 ut
491 1454 567 1497 per
589 1454 660 1482 eos
684 1448 987 1491 exerceantur,
1013 1438 1101 1481 sive
1124 1447 1172 1481 ut
1195 1452 1345 1481 eorum
1368 1439 1692 1496 comparatione

300 1525 457 1568 magna
482 1508 565 1553 illis
588 1509 829 1553 exhortatio
849 1509 924 1552 fiat
942 1544 952 1563 ,
973 1518 1023 1552 ut
1044 1508 1239 1552 nitantur
1258 1507 1312 1550 ad
1330 1506 1506 1562 melius,
1532 1508 1693 1567 quibus

299 1580 480 1623 sublatis
496 1580 681 1624 altitudo
704 1580 922 1624 charitatis
940 1580 1063 1639 quasi
1085 1579 1230 1624 evulsa
1250 1590 1472 1634 marescat‚
1491 1581 1611 1640 quod
1629 1591 1693 1625 est

299 1650 526 1694 eradicari.
545 1653 654 1694 Nam
677 1650 736 1694 sic
752 1651 811 1694 ait
828 1643 1086 1708 Apostolus:
1102 1670 1121 1691 α
1140 1651 1256 1694 Utin
1278 1650 1488 1694 charitate
1510 1651 1692 1696 radicati

303 1740 320 1761 »
337 1730 380 1764 et
397 1719 573 1764 fundati
587 1721 756 1779 possitis
772 1720 1212 1779 comprehendere1.»
1232 1723 1300 1763 An
1315 1719 1426 1765 sorte
1444 1721 1542 1765 ideo
1563 1721 1693 1766 simul

297 1791 542 1836 eradicatur
561 1793 752 1836 triticum
771 1826 780 1843 ,
807 1806 906 1837 cum
931 1790 1192 1836 auferuntur
1219 1791 1380 1834 zizania
1395 1825 1406 1844 ‚
1439 1791 1540 1850 quia
1562 1791 1691 1836 multi

297 1861 438 1919 primo
458 1863 625 1906 zizania·
649 1871 772 1915 sunt,
800 1871 842 1904 et
871 1871 1016 1920 postea
1038 1862 1232 1905 triticum
1250 1862 1391 1905 fiunt?
1415 1863 1488 1921 qui
1514 1863 1594 1906 nisi
1611 1878 1691 1921 pa-

294 1930 453 1974 tienter
476 1946 579 1976 cum
595 1931 697 1975 mali
721 1939 822 1974 sunt
839 1930 1095 1984 tolerentur,
1123 1931 1176 1975 ad
1195 1931 1461 1976 laudabilem
1483 1933 1692 1976 mutatio-

294 2015 395 2043 nem
415 2016 503 2045 non
526 2002 786 2060 perveniunt
804 2017 811 2040 :
831 2001 980 2059 itaque
997 2000 1032 2044 si
1048 2001 1181 2045 evulsi
1202 2000 1381 2056 fuerint,
1402 2001 1532 2045 simul
1549 2001 1690 2046 eradi-

292 2080 416 2114 catur
435 2081 478 2116 et
502 2072 710 2126 triticum,
736 2069 857 2130 quod
877 2069 1017 2114 futuri
1040 2079 1196 2121 esseut,
1218 2071 1253 2114 si
1275 2071 1334 2114 eis
1358 2080 1623 2129 parceretur.

783 2209 1034 2259 QUAESTIO
1072 2210 1174 2247 XIII.

350 2363 370 2386 «
396 2346 549 2388 SIMILE
568 2352 631 2387 est
647 2357 831 2401 regnum
852 2340 1068 2385 coelorum
1089 2339 1257 2384 homini
1279 2339 1536 2397 negotiatori
1555 2355 1681 2400 quae-

287 2432 307 2455 »
334 2414 445 2457 renti
464 2414 598 2458 bonas
612 2413 876 2471 margaritas.
897 2414 1078 2461 Inventa
1093 2418 1240 2460 autem
1256 2425 1342 2453 una
1359 2403 1546 2468 pretiosa
1567 2425 1682 2458 mar-

283 2501 304 2525 »
330 2484 493 2541 gama,
520 2483 625 2527 abiit
657 2492 699 2527 et
738 2481 934 2532 vendidit
963 2481 1106 2525 omnia
1142 2495 1242 2539 quae
1272 2480 1454 2535 habuit,
1491 2488 1534 2523 et
1568 2480 1678 2529 emit

338 2587 345 2602 ¹
367 2579 485 2620 Ephes.
506 2590 552 2619 iu,
577 2589 627 2619 17.
