1819 3301
353 299 636 338 QUAEsTioNUM
668 297 1035 339 EvANGEmoRUM,
1071 302 1153 328 Lin.
1191 304 1221 328 1.
1391 291 1473 329 293

98 366 192 411 mul
212 380 360 411 omnes
376 401 387 422 ‚
413 367 572 426 quibus
592 375 760 411 constat
786 366 976 411 Ecclesia
991 401 1002 421 ‚
1027 375 1164 411 mater
1186 366 1370 424 dicitur3
1389 367 1478 411 sin-

99 436 190 496 guli
213 446 357 481 autem
380 435 512 480 iidem
534 437 615 496 ipsi
631 436 707 480 filii
729 436 1019 496 appellantur.

579 585 815 634 QUAESTIO
846 587 950 625 XIX.

156 720 284 771 Quon
305 716 448 761 turbae
466 716 722 761 obtulerunt
745 716 930 761 Domino
953 735 972 758 «
986 719 1132 762 Mutos
1150 719 1181 773 ¹,
1204 735 1225 759 »
1247 718 1322 778 qui
1342 720 1482 763 Deum

99 804 189 833 non
209 787 412 843 laudant,
436 788 506 832 vel
523 804 610 832 non
629 788 894 832 confitentur
917 789 1046 831 fidem
1074 808 1083 833 2
1113 807 1132 830 «
1158 790 1331 844 Caecos,
1360 807 1381 830 »
1405 790 1482 849 qui

98 873 188 903 non
209 858 481 917 intelligunt,
507 858 637 902 etiam
657 857 688 901 si
708 858 1012 917 obtemperant
1028 858 1285 918 jubentibus
1307 878 1316 904 :
1340 878 1360 901 «
1380 862 1484 904 Sur-

101 947 122 971 »
157 929 234 973 dos
252 964 263 984 ‚
296 947 316 970 »
353 929 429 989 qui
474 944 561 973 non
611 928 938 988 obtemperant,
983 929 1148 974 etiamsi
1189 929 1441 990 intelligunt
1469 949 1477 975 :

104 1017 124 1042 α
157 998 373 1056 Claudos,
394 1017 414 1042 »
432 999 508 1061 qui
530 1008 746 1059 praecepta
769 1014 859 1043 non
875 999 1073 1059 implent.

599 1149 835 1199 QUAEs'rlo
867 1150 953 1188 xx.

160 1282 287 1333 Qnon
309 1280 418 1324 dixit
434 1280 668 1325 Dominus:
694 1299 712 1322 «
735 1284 869 1324 Facto
886 1295 1062 1339 vespere
1080 1279 1220 1325 dicitis
1242 1300 1250 1326 ς
1279 1282 1488 1326 Serenum

102 1370 122 1392 »
159 1352 264 1406 erit,
292 1351 589 1395 rubicundum
611 1361 675 1395 est·
696 1351 812 1395 enim
837 1351 996 1395 coelum
1014 1355 1047 1405 2,
1072 1370 1091 1391 »
1113 1351 1157 1394 id
1180 1360 1259 1406 est,
1278 1353 1488 1410 sanguine

99 1421 304 1480 passionis
339 1422 519 1477 Christi,
544 1423 589 1465 in
612 1422 752 1481 primo
775 1421 965 1466 adventu
988 1421 1260 1478 indulgentia
1284 1432 1486 1481 peccato-

99 1508 196 1536 rum
213 1491 355 1537 datur.
374 1511 392 1534 «
412 1496 467 1537 Et
486 1508 612 1536 mane
633 1513 641 1537 :
669 1492 807 1536 Hodie
826 1500 1070 1551 tempestas,
1096 1493 1224 1536 rubet
1247 1494 1362 1537 enim
1386 1509 1486 1538 cum

103 1579 123 1604 »
158 1562 328 1606 tristitia
360 1561 520 1605 coelum
538 1597 549 1617 ‚
578 1581 597 1603 »
624 1562 668 1605 id
690 1571 753 1606 est
773 1597 783 1616 ,
815 1562 936 1621 quod
957 1562 1149 1606 secundo
1172 1562 1362 1607 adventu
1388 1564 1487 1622 igne

100 1633 373 1692 praecedente
402 1641 612 1676 venturus
648 1642 725 1676 est.
767 1651 786 1673 «
825 1632 996 1676 Faciem
1032 1648 1134 1691 ergo
1163 1632 1262 1676 coeli
1291 1633 1488 1693 judicare

103 1721 123 1743 »
160 1702 320 1757 nostis,
349 1704 469 1761 signa
508 1711 653 1746 autem
685 1711 930 1761 temporum
966 1717 1053 1746 non
1077 1703 1285 1761 potestis?
1311 1722 1330 1743 υ
1360 1704 1488 1761 Signa

105 1782 346 1832 temporum
374 1772 477 1816 dixit
501 1771 555 1816 de
590 1772 782 1816 adventu
816 1788 894 1816 suo
918 1772 985 1816 vel
1007 1773 1204 1831 passione
1221 1808 1231 1827 ‚
1261 1774 1331 1817 cui
1353 1773 1489 1817 simile

103 1853 166 1887 est
189 1858 357 1886 roseum
381 1842 542 1886 coelum
567 1858 744 1901 vespere
768 1862 776 1887 :
802 1852 845 1886 ct
875 1844 978 1886 item
1004 1843 1058 1886 de
1080 1843 1360 1887 tribulatione
1390 1853 1490 1887 ante

104 1913 340 1957 adventum
365 1928 491 1956 suum
513 1911 659 1957 futura
679 1948 689 1968 ‚
711 1913 781 1957 cui
802 1912 939 1956 simile
962 1922 1025 1957 est
1046 1929 1174 1957 mane
1196 1929 1367 1958 roseum
1389 1929 1490 1958 cum

103 1985 272 2029 tristitia
294 1983 471 2029 eoelum.

617 2134 853 2184 QUAEsiio
886 2135 987 2173 xxi.

166 2267 292 2319 Quoi)
315 2263 421 2309 dixit
450 2265 661 2309 Dominus
687 2284 695 2310 ε
721 2284 740 2307 «
766 2265 881 2310 Elias
905 2264 1081 2325 quidem
1104 2274 1314 2310 venturus
1336 2276 1422 2321 est,
1448 2275 1491 2311 et

109 2354 129 2377 n
166 2336 362 2379 restituet
385 2336 553 2379 omnia³
573 2371 583 2390 ‚
609 2354 627 2376 n
650 2335 696 2379 id
718 2345 781 2379 est
798 2371 808 2391 ,
832 2335 899 2380 vel
923 2351 994 2379 eos
1012 2352 1119 2395 quos
1137 2337 1375 2395 persecutio
1398 2339 1491 2380 An-

107 2407 290 2450 tichristi
324 2406 677 2465 conturbaverit3
713 2406 784 2451 vel
822 2416 871 2450 ut
912 2407 1002 2466 ipse
1036 2407 1231 2451 restituat
1267 2407 1491 2453 moriendo

109 2493 207 2537 quae
230 2476 375 2521 (lebet.

156 2580 165 2596 ¹
187 2573 307 2605 Matth.
330 2584 385 2615 xv,
407 2573 456 2607 30.
479 2590 519 2596 -
541 2574 702 2615 ²1‹l.xv1‚
725 2582 758 2615 2,
786 2573 815 2604 3.
837 2589 878 2595 -—-
905 2570 984 2605 ³141.
1008 2583 1084 2614 xvii,
1111 2584 1160 2605 11.
