1819 3301
365 298 649 335 QUAESTIONUM
681 295 1046 335 EVANGELioRUM‚
1082 296 1164 323 Lm.
1201 297 1248 323 11.
1419 288 1501 327 329

121 366 232 410 hanc
274 365 408 410 vitam
438 364 662 425 prodigam
704 361 852 419 vocat,
889 371 1106 407 amantem
1149 360 1331 407 fundere
1370 373 1501 425 atque

120 437 293 497 spatiari
313 437 481 497 pompis
518 436 822 491 exterioribus,
864 436 979 479 intus
1011 434 1332 479 inanescentem
1353 470 1364 490 ,
1402 452 1501 481 cum

121 522 169 551 ea
192 509 375 568 quisque
396 508 590 567 sequitur
619 523 717 567 quae
739 507 794 551 ab
826 505 898 550 illa
924 506 1190 566 procedunt,
1222 515 1264 550 et
1296 506 1503 567 relinquit

119 594 218 622 eum
236 580 310 639 qui
331 579 412 623 sibi
434 578 702 622 estinterior.
723 578 856 636 Regio
876 578 1022 637 itaque
1043 576 1282 638 longinqua
1302 612 1313 632 ‚
1339 578 1500 624 oblivio

118 650 194 694 Dei
216 659 294 708 est.
316 653 465 693 Fames
487 660 629 693 autem
649 650 694 692 in
716 649 787 693 illa
807 649 983 708 regione
998 684 1008 704 ‚
1030 659 1092 693 est
1119 649 1357 708 indigentia
1379 651 1501 695 verbi

116 711 323 765 veritatisj
348 723 467 765 Unus
486 721 644 765 civium
666 719 851 779 regionis
873 720 987 764 illius
1002 755 1012 775 ,
1036 720 1191 780 aliquis
1218 720 1357 764 aerius
1380 721 1501 780 prin-

115 807 214 851 ceps
236 792 291 836 ad
314 791 510 836 militiam
533 791 695 836 diaboli
712 791 948 851 pertinens.
975 790 1088 835 Villa
1103 792 1193 851 ejus
1209 826 1220 846 ,
1242 791 1396 836 modus
1417 808 1500 852 po-

118 863 282 907 testatis
304 864 409 923 ejus.
437 863 583 917 Porci,
609 862 822 906 immundi
839 862 1013 921 spiritus
1035 862 1110 921 qui
1129 861 1209 905 sub
1227 862 1319 921 ipso
1341 872 1495 909 essent.

86 988 92 993 1
117 932 291 994 Siliquae
302 934 459 994 quibus
480 949 630 993 porcos
646 934 862 994 pascebat,
880 933 1104 977 saeculares
1118 932 1344 987 doctrinae,
1366 933 1499 978 sterili

112 1006 303 1050 vanitate
324 1015 571 1050 resonantes
589 1041 599 1061 ‚
627 1006 680 1049 de
702 1006 861 1066 quibus
891 1004 1041 1049 laudes
1072 1004 1291 1048 idolorum
1324 1003 1497 1050 fabula·

113 1091 299 1135 rumque
318 1076 373 1120 ad
395 1076 497 1121 deos
515 1076 709 1134 gentium
731 1076 1041 1136 pertinentium
1065 1076 1184 1120 vario
1211 1091 1408 1120 sermone
1430 1087 1497 1122 at-

112 1163 197 1207 que
215 1148 479 1191 carminibus
498 1157 770 1206 percrepant,
787 1148 944 1207 quibus
965 1147 1179 1190 <tremonia
1195 1147 1466 1191 delectantur
1485 1168 1493 1192 :

111 1217 228 1262 unde
249 1234 350 1262 cum
380 1219 457 1262 iste
478 1219 659 1262 sat-arari
683 1218 906 1278 cupiebat,
935 1216 1099 1277 aliquid
1120 1216 1308 1261 solidum
1331 1228 1373 1262 et
1402 1234 1496 1263 rec-

109 1298 204 1333 tum
227 1290 346 1350 quod
370 1288 424 1333 ad
444 1289 615 1333 beatam
647 1290 779 1333 vitam
817 1288 1075 1348 pertineret,
1106 1288 1300 1333 invenire
1323 1288 1498 1334 volebat

109 1361 154 1404 in
176 1360 361 1415 talibus,
388 1370 431 1404 et
453 1377 541 1405 non
557 1370 741 1420 poterat.
770 1364 861 1405 Hoc
884 1370 947 1405 est
969 1360 1084 1404 enim
1118 1359 1239 1421 quod
1273 1360 1331 1404 ait
1357 1379 1365 1405 :
1396 1379 1415 1403 «
1440 1364 1497 1407 Et

112 1449 132 1472 »
167 1447 296 1476 nemo
325 1431 387 1475 illi
409 1431 556 1476 dabat.
586 1450 605 1473 »

168 1505 250 1546 III.
280 1522 300 1545 «
321 1506 371 1546 In
393 1518 436 1547 se
465 1512 608 1547 autem
636 1518 856 1557 reversus,
886 1520 905 1543 »
935 1504 1024 1562 jam
1047 1502 1209 1548 scilicet
1231 1503 1285 1547 ab
1317 1504 1375 1548 eis
1398 1520 1496 1565 quae

107 1572 343 1617 forinsecus
374 1574 530 1618 frustra
560 1573 746 1618 illiciunt
784 1583 826 1617 et
864 1574 1108 1628 seducunt,
1145 1575 1190 1617 in
1220 1576 1495 1620 conscientiae

106 1645 308 1688 interiora
343 1644 545 1688 reducem
586 1644 745 1687 faciens
780 1644 1065 1688 intentionem
1104 1661 1224 1688 suam
1253 1665 1261 1689 ε
1306 1665 1325 1688 α
1358 1647 1490 1702 Dixit,

109 1732 129 1755 »
165 1715 325 1767 Quanti
348 1715 603 1759 mercenarii
634 1715 679 1757 in
703 1714 834 1758 domo
858 1715 987 1773 patris
1011 1716 1095 1759 mei
1119 1715 1346 1760 abundant
1368 1717 1493 1775 pani-

109 1803 129 1826 »
166 1785 278 1829 bus‘?
303 1804 322 1826 »
342 1786 497 1829 Uunde
520 1787 602 1829 hoc
623 1786 730 1829 scire
752 1796 944 1844 poterat⁷
970 1787 1014 1829 in
1029 1803 1122 1846 vquo
1137 1796 1227 1830 erat
1246 1796 1366 1830 tanta
1386 1788 1494 1831 obli—

105 1856 175 1900 vio
205 1857 301 1910 Dei,
337 1857 447 1900 sicut
484 1856 527 1899 in
546 1857 749 1900 omnibus
777 1856 1014 1900 idololatris
1039 1857 1122 1900 fnit
1143 1892 1154 1910 ‚
1188 1858 1267 1901 nisi
1290 1858 1392 1917 quia
1414 1859 1493 1902 ista

105 1926 355 1983 recogitatio
384 1927 473 1985 jam
509 1927 791 1985 resipiscentis
828 1937 912 1981 est,
939 1943 1039 1971 cum
1070 1928 1356 1986 Evangelium
1380 1945 1494 1988 prse-

105 1995 355 2040 dicaretur?
378 1999 474 2040 Jam
497 1997 615 2040 enim
637 2006 807 2056 poterat
838 1997 931 2041 talis
959 1998 1300 2042 animadvertere
1332 2000 1491 2045 multos

104 2066 339 2126 praedicare
359 2068 582 2111 veritatem
598 2103 607 2121 ‚
635 2068 746 2112 inter
763 2084 871 2128 quos
889 2069 1065 2128 quidam
1090 2079 1230 2113 essent
1250 2085 1337 2114 non
1359 2071 1491 2129 ipsius

104 2152 249 2181 amore
282 2137 471 2181 veritatis
509 2137 628 2182 ducti
648 2174 658 2193 ,
702 2139 776 2183 sed
814 2140 1053 2198 cupiditate
1097 2141 1490 2199 comparandorum

103 2207 374 2251 saecularium
398 2208 746 2253 commodorum.
773 2213 835 2254 De
860 2210 1020 2270 quibns
1045 2210 1215 2254 dicebat
1238 2213 1486 2270 Apostolus,

103 2293 192 2322 esse
213 2279 423 2338 quosdam
455 2282 529 2338 qui
554 2280 837 2338 Evangelium
856 2282 1164 2324 annuntiarent
1188 2298 1276 2326 non
1299 2293 1412 2327 caste
1438 2286 1450 2309 1
1475 2319 1487 2336 ,

103 2350 390 2405 existimantes
407 2361 622 2410 quscstum
642 2368 730 2396 esse
746 2353 948 2411 pictatem
963 2356 994 2395 2.
1015 2355 1108 2397 Non
1131 2354 1247 2397 enim
1269 2354 1387 2399 aliud
1408 2371 1488 2401 an-

102 2421 380 2477 nuntiabant,
400 2422 510 2466 sicut
524 2423 736 2482 haerctici3
755 2424 829 2468 sed
842 2424 924 2468 1100
940 2425 1057 2484 quod
1070 2424 1286 2484 apostolus
1305 2426 1483 2484 Paulus,

102 2508 191 2536 non
212 2508 263 2536 eo
286 2502 430 2537 tamen
453 2494 597 2539 animo
620 2512 707 2556 quo
730 2496 947 2555 apostolus
973 2496 1153 2542 Paulus:
1178 2497 1296 2542 unde
1311 2508 1353 2543 et
1370 2515 1486 2544 mer-

102 2563 260 2607 cenarii
281 2573 392 2608 recte
405 2564 693 2625 appellantur,
714 2568 756 2611 in
773 2567 921 2613 eadem
940 2567 1116 2628 quidem
1132 2569 1262 2614 domo
1278 2570 1485 2615 eumdem

151 2655 157 2670 ¹
182 2648 290 2690 Philip.
316 2660 338 2691 1,
361 2661 410 2691 ¹7·
445 2668 473 2672 —
495 2658 506 2673 ²
531 2664 540 2682 1
566 2652 644 2683 Τῖιη.
673 2664 720 2692 vr,
746 2654 776 2684 Γ).
