1819 3301
289 264 343 289 DE
374 262 584 289 consumo
616 255 1031 297 EvANGEusT-ARUM,
1068 259 1150 284 mn.
1186 259 1246 284 ιν.
1382 247 1462 284 127

83 348 103 371 »
138 328 292 373 mundi
316 330 346 371 1.
367 346 387 369 »
416 326 486 371 Illi
499 327 616 369 enim
638 335 845 384 tanquam
860 324 1036 367 lucerna
1052 357 1063 378 ‚
1079 338 1178 383 quae
1199 337 1289 366 non
1306 332 1369 366 est
1387 330 1466 381 po-

80 398 225 444 nenda
259 398 341 442 sub
372 395 545 451 modio,
578 396 650 439 sed
679 410 808 454 super
838 393 1171 450 candelabrum,
1201 393 1312 436 sicut
1344 401 1387 435 et
1413 392 1467 435 de

82 472 250 513 Joanne
276 467 464 526 Baptista
478 501 489 521 ,
511 484 531 507 «
552 465 630 508 Ille
648 474 739 508 erat
757 500 767 518 ‚
783 465 927 524 inquit
942 499 952 519 ,
967 463 1144 508 lucerna
1161 464 1314 506 ardens
1331 472 1374 506 et
1397 462 1468 505 lu-

85 556 106 579 »
141 553 240 582 cens
252 540 286 590 2,
308 555 327 576 n
354 534 429 579 sed
448 536 539 594 ipse
567 535 678 578 sieut
699 534 976 592 principium,
994 534 1048 576 de
1069 548 1158 593 quo
1176 532 1341 576 dictum
1369 540 1432 574 est
1457 550 1466 574 ε

87 627 108 649 «
140 610 382 651 Nosomnes
400 605 454 648 de
470 603 740 663 plenitudine
759 605 847 662 ejus
868 605 1109 661 accepimus
1129 605 1159 645 ³.
1180 621 1199 642 »
1223 602 1290 645 Ibi
1307 602 1411 645 dixit
1428 616 1471 643 se

85 678 243 722 Filium
257 691 345 720 esse
355 675 617 729 ve1·itatem⁴‚
633 690 731 733 quae
744 673 822 717 nisi
838 673 1100 726 liberaverit,
1113 688 1240 716 nemo
1250 673 1331 716 erit
1343 671 1468 715 liber.

143 749 308 791 XVIII.
344 745 450 789 Inde
489 754 637 804 postea
649 759 778 803 quam
808 742 1074 787 illuminavit
1095 759 1116 786 a
1141 743 1363 786 nativitate
1390 757 1475 786 cae-

86 832 186 862 cum
204 851 215 871 ,
241 832 291 859 ex
319 817 411 874 ipsa
434 815 658 859 occasione
695 815 742 857 in
769 813 936 873 prolixo
966 816 1057 873 ejus
1099 829 1293 856 sermone
1321 812 1474 856 demo-

94 898 214 932 ratur
239 890 449 940 Joannes,
476 886 529 929 de
552 886 721 940 ovibus,
746 894 787 928 et
805 888 997 943 pastore,
1019 894 1062 928 et
1079 886 1227 944 janua,
1253 893 1295 926 et
1319 883 1372 926 de
1393 899 1475 941 po—

91 966 243 1000 testate
264 955 455 1014 ponendi
483 955 668 998 animam
702 969 821 997 suam
846 964 888 997 et
911 954 1066 997 iterum
1097 953 1295 997 sumendi
1323 968 1415 996 eam
1437 956 1474 1007 5,

90 1029 135 1070 in
158 1042 245 1085 quo
269 1024 665 1069 excellentissimam
688 1033 943 1083 potestatem
965 1041 1052 1067 suae
1075 1024 1310 1067 divinitatis
1333 1032 1477 1066 osten-

94 1096 172 1140 dit.
198 1096 307 1139 Inde
339 1110 439 1138 cum
468 1094 674 1137 Encaenia
706 1094 751 1136 in
784 1093 1060 1150 Jerosolymis
1087 1094 1263 1146 fierent,
1289 1108 1479 1136 comme-

92 1175 233 1209 morat
254 1166 292 1208 ei
327 1164 480 1207 dixis'se
513 1166 711 1217 Judaeos,
751 1183 769 1203 α
802 1166 1040 1221 Quousque
1073 1163 1261 1204 animam
1290 1171 1479 1204 nostram

99 1255 118 1277 »
153 1234 292 1279 tollis?
310 1235 342 1277 si
366 1244 413 1277 tu
435 1249 478 1278 es
497 1234 693 1278 Christus
709 1269 718 1286 ‚
741 1233 809 1276 die
829 1233 956 1276 nobis
979 1232 1119 1290 palam
1142 1267 1150 1274 .
1183 1253 1198 1271 »
1220 1236 1363 1290 Atque
1380 1231 1481 1274 inde

95 1316 265 1364 sumpta
313 1304 641 1363 opportunitate
687 1304 894 1347 sermonis
948 1319 1046 1361 quae
1098 1302 1225 1345 etiam
1280 1302 1478 1345 sublimia

99 1375 274 1427 dixerit,
304 1383 463 1417 narrat.
492 1373 559 1416 Ibi
577 1373 684 1416 dixit
708 1392 716 1416 :
748 1392 767 1413 «
796 1376 887 1430 Ego
910 1381 951 1415 et
973 1376 1098 1415 Pater
1115 1386 1251 1414 unum
1275 1386 1437 1414 sumus.
1460 1388 1479 1410 »

99 1443 206 1487 lnde
223 1444 311 1502 jam
331 1442 631 1486 resuscitatum
647 1443 700 1485 ab
719 1457 770 1485 eo
787 1445 998 1484 Lazarum
1018 1441 1238 1498 praedicat,
1260 1440 1337 1482 ubi
1353 1439 1479 1483 dixit:

103 1533 121 1554 «
144 1516 235 1569 Ego
253 1527 347 1555 sum
371 1513 625 1555 resurrectio
647 1521 690 1554 et
713 1512 799 1554 vita
826 1529 834 1554 t
862 1511 937 1569 qui
961 1510 1098 1553 credit
1120 1509 1164 1552 in
1189 1525 1277 1562 me,
1303 1509 1431 1551 etiam
1452 1509 1485 1552 si

103 1602 122 1624 »
158 1592 353 1626 mortuus
376 1581 530 1634 fuerit,
562 1582 710 1625 vivet:
743 1591 786 1625 et
815 1581 955 1624 omnis
983 1581 1058 1639 qui
1086 1580 1191 1623 vivit
1220 1588 1261 1622 et
1283 1579 1419 1622 credit
1442 1580 1485 1621 in

105 1672 123 1694 υ
159 1669 243 1706 me,
267 1667 355 1695 non
374 1653 582 1695 morietur
600 1652 644 1693 in
667 1661 895 1694 aetcrnum.
925 1669 944 1690 »
969 1654 1015 1693 In
1034 1651 1194 1709 quibus
1217 1650 1357 1702 verbis
1380 1649 1486 1708 quid

103 1723 183 1766 nisi
202 1721 475 1765 altitudinem
493 1720 730 1763 divinitatis
748 1722 839 1779 ejus
859 1721 1145 1777 agnoscimus,
1163 1720 1284 1777 cujus
1305 1720 1348 1761 in
1369 1728 1488 1761 aeter-

104 1808 208 1836 num
228 1792 560 1850 participatione
577 1791 797 1834 vivemus?
823 1791 930 1833 Inde
950 1790 1105 1832 iterum
1124 1793 1311 1832 Joannes
1335 1805 1488 1833 occur-

106 1863 158 1905 rit
180 1862 224 1903 in
243 1862 449 1904 Bethania
473 1861 678 1909 Matthaeo
701 1869 743 1902 et
767 1863 914 1903 Marco
938 1860 969 1911 ὓ,
996 1859 1072 1900 ubi
1104 1857 1265 1901 factum
1289 1867 1352 1900 est
1381 1858 1489 1901 illud

110 1932 165 1975 de
188 1940 414 1988 unguento
437 1930 639 1989 pretioso,
660 1946 748 1988 quo
778 1929 908 1988 pedes
935 1930 1025 1987 ejus
1059 1945 1080 1971 a
1110 1929 1244 1972 Maria
1275 1939 1493 1988 caputque

108 2000 330 2060 perfusum
364 2009 426 2043 est
453 2019 461 2043 ε
487 2009 617 2058 atque
647 1999 747 2042 hinc
775 1999 978 2056 deinceps
1005 2014 1142 2057 usque
1169 1999 1222 2041 ad
1251 1999 1488 2056 passionem

110 2079 153 2113 et
172 2070 524 2112 resurrectionem
549 2068 719 2111 Domini
750 2083 848 2111 cum
884 2068 1020 2110 tribus
1050 2068 1333 2125 Evangelistis
1355 2072 1491 2112 Joan-

111 2155 186 2182 nes
209 2138 417 2195 graditur,
442 2137 516 2180 sed
534 2137 579 2180 in
597 2137 700 2181 locis
718 2137 876 2180 eisdem
896 2138 1141 2180 narratione
1159 2147 1370 2181 versante.

170 2211 289 2252 XIX.
311 2210 528 2252 Caeterum
551 2206 671 2266 quod
694 2208 746 2250 ad
770 2222 987 2250 sermones
1011 2207 1179 2250 Domini
1199 2209 1377 2261 attinet,
1404 2224 1493 2253 non

114 2287 250 2322 cessat
270 2293 312 2320 se
336 2276 531 2320 attollere
551 2276 596 2319 in
617 2292 663 2320 ea
686 2293 784 2336 quae
811 2276 882 2319 ille
905 2278 958 2319 ab
980 2278 1080 2320 hinc
1102 2278 1229 2320 etiam
1253 2278 1494 2321 sublimiter

116 2348 408 2406 diuturneque
432 2347 603 2395 locutus
626 2356 703 2389 est.
738 2350 844 2391 Nam
875 2356 918 2390 et
943 2347 1119 2406 quando
1142 2363 1238 2389 eum
1262 2347 1496 2392 voluerunt

116 2418 262 2462 videre
288 2416 469 2475 gentiles
497 2432 574 2476 per
603 2408 850 2475 Philippum
878 2425 920 2459 et
953 2416 1218 2470 Andream⁷‚
1250 2417 1404 2460 habuit
1427 2433 1498 2462 ex-

171 2521 177 2535 ¹
201 2512 321 2544 Matth.
338 2523 369 2552 v,
391 2511 442 2552 ¹4·
462 2528 501 2534 —-
523 2519 535 2534 ²
562 2514 652 2543 Joan.
674 2524 707 2553 v,
724 2512 776 2542 33.
797 2528 839 2533 —
857 2509 869 2532 3
895 2512 982 2551 1d.i‚
1006 2511 1057 2542 16.
1076 2528 1116 2533 —
1142 2510 1155 2539 4
1182 2512 1227 2542 td.
1245 2521 1313 2553 vm,
1337 2512 1373 2544 31
1392 2518 1425 2545 et
1443 2514 1495 2545 36.

125 2586 162 2591 --
181 2567 195 2590 5
211 2569 254 2599 Id.
273 2580 307 2609 n,
331 2579 427 2599 10.—-
445 2563 461 2589 5
481 2567 599 2599 Matth.
622 2567 991 2606 xxv1,‹j-13‚t·tMarc.
1014 2577 1081 2607 xiv,
1097 2567 1215 2608 3-9.-—
1229 2575 1241 2599 7
1255 2570 1344 2599 Joan.
1366 2580 1425 2608 xli,
1446 2578 1496 2600 ρο.
