<?xml version="1.0" encoding="UTF-8"?>
<!DOCTYPE html PUBLIC "-//W3C//DTD XHTML 1.0 Transitional//EN"
    "http://www.w3.org/TR/xhtml1/DTD/xhtml1-transitional.dtd">
<html xmlns="http://www.w3.org/1999/xhtml" xml:lang="en" lang="en">
 <head>
  <title>
</title>
<meta http-equiv="Content-Type" content="text/html;charset=utf-8" />
  <meta name='ocr-system' content='tesseract 3.04.00' />
  <meta name='ocr-capabilities' content='ocr_page ocr_carea ocr_par ocr_line ocrx_word'/>
</head>
<body>
  <div class='ocr_page' id='page_1' title='image "./operaomniaaccura14auguuoft_0252.png"; bbox 0 0 1819 3301; ppageno 0'>
   <div class='ocr_carea' id='block_1_1' title="bbox 307 240 1257 279">
    <p class='ocr_par' dir='ltr' id='par_1_1' title="bbox 307 240 1257 279">
     <span class='ocr_line' id='line_1_1' title="bbox 307 240 1257 279; baseline -0.004 0"><span class='ocrx_word' id='word_1_1' title='bbox 307 240 392 279; x_wconf 78' lang='lat'>226</span> <span class='ocrx_word' id='word_1_2' title='bbox 738 248 772 278; x_wconf 85' lang='lat' dir='ltr'>s.</span> <span class='ocrx_word' id='word_1_3' title='bbox 808 247 1040 278; x_wconf 68' lang='lat' dir='ltr'>Ancus-rrm</span> <span class='ocrx_word' id='word_1_4' title='bbox 1072 249 1257 277; x_wconf 69' lang='lat'>13121500121</span> 
     </span>
    </p>
   </div>
   <div class='ocr_carea' id='block_1_2' title="bbox 304 311 1707 1712">
    <p class='ocr_par' dir='ltr' id='par_1_2' title="bbox 304 311 1707 1712">
     <span class='ocr_line' id='line_1_2' title="bbox 305 311 1695 375; baseline -0.002 -16"><span class='ocrx_word' id='word_1_5' title='bbox 305 313 484 375; x_wconf 86' lang='lat' dir='ltr'>quando</span> <span class='ocrx_word' id='word_1_6' title='bbox 501 314 658 359; x_wconf 80' lang='lat' dir='ltr'>famem</span> <span class='ocrx_word' id='word_1_7' title='bbox 675 315 854 375; x_wconf 82' lang='lat' dir='ltr'>patitur,</span> <span class='ocrx_word' id='word_1_8' title='bbox 877 313 1073 374; x_wconf 83' lang='lat' dir='ltr'>quotidie</span> <span class='ocrx_word' id='word_1_9' title='bbox 1094 313 1218 373; x_wconf 87' lang='lat' dir='ltr'>panis</span> <span class='ocrx_word' id='word_1_10' title='bbox 1235 311 1498 356; x_wconf 84' lang='lat' dir='ltr'>necessarius</span> <span class='ocrx_word' id='word_1_11' title='bbox 1512 320 1591 366; x_wconf 84' lang='lat' dir='ltr'>est,</span> <span class='ocrx_word' id='word_1_12' title='bbox 1606 326 1695 371; x_wconf 89' lang='lat' dir='ltr'>quo</span> 
     </span>
     <span class='ocr_line' id='line_1_3' title="bbox 305 384 1696 443; baseline -0.001 -13"><span class='ocrx_word' id='word_1_13' title='bbox 305 386 523 431; x_wconf 86' lang='lat' dir='ltr'>reficiatur</span> <span class='ocrx_word' id='word_1_14' title='bbox 533 387 738 441; x_wconf 83' lang='lat' dir='ltr'>esuriens,</span> <span class='ocrx_word' id='word_1_15' title='bbox 755 396 797 430; x_wconf 91' lang='lat' dir='ltr'>et</span> <span class='ocrx_word' id='word_1_16' title='bbox 812 385 1009 429; x_wconf 84' lang='lat' dir='ltr'>relabens</span> <span class='ocrx_word' id='word_1_17' title='bbox 1020 384 1224 443; x_wconf 82' lang='lat' dir='ltr'>erigatur.</span> <span class='ocrx_word' id='word_1_18' title='bbox 1246 384 1521 443; x_wconf 84' lang='lat' dir='ltr'>Sicutitaque</span> <span class='ocrx_word' id='word_1_19' title='bbox 1539 398 1696 442; x_wconf 86' lang='lat' dir='ltr'>corpus</span> 
     </span>
     <span class='ocr_line' id='line_1_4' title="bbox 307 454 1692 511; baseline -0.003 -10"><span class='ocrx_word' id='word_1_20' title='bbox 307 466 505 503; x_wconf 89' lang='lat' dir='ltr'>nostrum</span> <span class='ocrx_word' id='word_1_21' title='bbox 534 458 579 500; x_wconf 91' lang='lat' dir='ltr'>in</span> <span class='ocrx_word' id='word_1_22' title='bbox 602 457 683 500; x_wconf 83' lang='lat' dir='ltr'>hac</span> <span class='ocrx_word' id='word_1_23' title='bbox 701 455 789 501; x_wconf 84' lang='lat' dir='ltr'>vita</span> <span class='ocrx_word' id='word_1_24' title='bbox 808 491 819 511; x_wconf 85' lang='lat'><strong><em>‚</em></strong></span> <span class='ocrx_word' id='word_1_25' title='bbox 855 465 954 500; x_wconf 82' lang='lat' dir='ltr'>ante</span> <span class='ocrx_word' id='word_1_26' title='bbox 981 455 1098 499; x_wconf 83' lang='lat' dir='ltr'>illam</span> <span class='ocrx_word' id='word_1_27' title='bbox 1125 455 1289 499; x_wconf 87' lang='lat' dir='ltr'>scilicet</span> <span class='ocrx_word' id='word_1_28' title='bbox 1318 454 1692 508; x_wconf 78' lang='lat' dir='ltr'>immutationem,</span> 
     </span>
     <span class='ocr_line' id='line_1_5' title="bbox 307 525 1698 586; baseline -0.004 -13"><span class='ocrx_word' id='word_1_29' title='bbox 307 528 406 573; x_wconf 81' lang='lat' dir='ltr'>cibo</span> <span class='ocrx_word' id='word_1_30' title='bbox 429 528 636 582; x_wconf 84' lang='lat' dir='ltr'>reficitur,</span> <span class='ocrx_word' id='word_1_31' title='bbox 663 527 765 586; x_wconf 86' lang='lat' dir='ltr'>quia</span> <span class='ocrx_word' id='word_1_32' title='bbox 777 527 908 570; x_wconf 83' lang='lat' dir='ltr'>sentit</span> <span class='ocrx_word' id='word_1_33' title='bbox 925 525 1203 586; x_wconf 85' lang='lat' dir='ltr'>dispendium</span> <span class='ocrx_word' id='word_1_34' title='bbox 1231 546 1239 571; x_wconf 72' lang='grc' dir='ltr'>ε</span> <span class='ocrx_word' id='word_1_35' title='bbox 1261 526 1319 570; x_wconf 90' lang='lat' dir='ltr'>sic</span> <span class='ocrx_word' id='word_1_36' title='bbox 1337 535 1380 569; x_wconf 89' lang='lat' dir='ltr'>et</span> <span class='ocrx_word' id='word_1_37' title='bbox 1394 525 1563 569; x_wconf 79' lang='lat' dir='ltr'>animus</span> <span class='ocrx_word' id='word_1_38' title='bbox 1585 541 1698 584; x_wconf 86' lang='lat' dir='ltr'>quo—</span> 
     </span>
     <span class='ocr_line' id='line_1_6' title="bbox 306 595 1697 658; baseline -0.002 -15"><span class='ocrx_word' id='word_1_39' title='bbox 306 600 422 644; x_wconf 83' lang='lat' dir='ltr'>niam</span> <span class='ocrx_word' id='word_1_40' title='bbox 444 597 757 658; x_wconf 82' lang='lat' dir='ltr'>temporalibus</span> <span class='ocrx_word' id='word_1_41' title='bbox 778 597 1008 642; x_wconf 83' lang='lat' dir='ltr'>affectibus</span> <span class='ocrx_word' id='word_1_42' title='bbox 1026 598 1149 657; x_wconf 86' lang='lat' dir='ltr'>quasi</span> <span class='ocrx_word' id='word_1_43' title='bbox 1171 595 1448 656; x_wconf 86' lang='lat' dir='ltr'>dispendium</span> <span class='ocrx_word' id='word_1_44' title='bbox 1471 596 1526 639; x_wconf 83' lang='lat' dir='ltr'>ab</span> <span class='ocrx_word' id='word_1_45' title='bbox 1559 597 1697 640; x_wconf 88' lang='lat' dir='ltr'>inten-</span> 
     </span>
     <span class='ocr_line' id='line_1_7' title="bbox 306 667 1694 728; baseline -0.003 -14"><span class='ocrx_word' id='word_1_46' title='bbox 306 669 423 714; x_wconf 85' lang='lat' dir='ltr'>tione</span> <span class='ocrx_word' id='word_1_47' title='bbox 447 669 523 712; x_wconf 91' lang='lat' dir='ltr'>Dei</span> <span class='ocrx_word' id='word_1_48' title='bbox 546 668 708 728; x_wconf 86' lang='lat' dir='ltr'>patitur</span> <span class='ocrx_word' id='word_1_49' title='bbox 729 703 740 724; x_wconf 81' lang='lat'><strong><em>,</em></strong></span> <span class='ocrx_word' id='word_1_50' title='bbox 759 677 1079 728; x_wconf 72' lang='lat' dir='ltr'>praeceptorum</span> <span class='ocrx_word' id='word_1_51' title='bbox 1101 668 1199 712; x_wconf 93' lang='lat' dir='ltr'>cibo</span> <span class='ocrx_word' id='word_1_52' title='bbox 1224 667 1454 710; x_wconf 81' lang='lat' dir='ltr'>reficiatur.</span> <span class='ocrx_word' id='word_1_53' title='bbox 1486 686 1505 708; x_wconf 91' lang='lat'>«</span> <span class='ocrx_word' id='word_1_54' title='bbox 1534 669 1593 710; x_wconf 79' lang='lat' dir='ltr'>Da</span> <span class='ocrx_word' id='word_1_55' title='bbox 1616 681 1694 710; x_wconf 82' lang='lat' dir='ltr'>no—</span> 
     </span>
     <span class='ocr_line' id='line_1_8' title="bbox 307 735 1693 798; baseline -0.001 -18"><span class='ocrx_word' id='word_1_56' title='bbox 307 757 327 781; x_wconf 92' lang='lat'>»</span> <span class='ocrx_word' id='word_1_57' title='bbox 364 739 429 783; x_wconf 90' lang='lat' dir='ltr'>bis</span> <span class='ocrx_word' id='word_1_58' title='bbox 450 737 581 783; x_wconf 90' lang='lat' dir='ltr'>hodie</span> <span class='ocrx_word' id='word_1_59' title='bbox 606 758 626 780; x_wconf 88' lang='lat'>»</span> <span class='ocrx_word' id='word_1_60' title='bbox 652 748 797 783; x_wconf 81' lang='lat' dir='ltr'>autem</span> <span class='ocrx_word' id='word_1_61' title='bbox 820 738 987 783; x_wconf 88' lang='lat' dir='ltr'>dictum</span> <span class='ocrx_word' id='word_1_62' title='bbox 1010 747 1098 793; x_wconf 82' lang='lat' dir='ltr'>est,</span> <span class='ocrx_word' id='word_1_63' title='bbox 1123 736 1322 798; x_wconf 86' lang='lat' dir='ltr'>quandiu</span> <span class='ocrx_word' id='word_1_64' title='bbox 1344 736 1504 780; x_wconf 88' lang='lat' dir='ltr'>dicitur</span> <span class='ocrx_word' id='word_1_65' title='bbox 1531 735 1662 780; x_wconf 85' lang='lat' dir='ltr'>hodie</span> <span class='ocrx_word' id='word_1_66' title='bbox 1682 770 1693 791; x_wconf 83' lang='lat'><strong>‚</strong></span> 
     </span>
     <span class='ocr_line' id='line_1_9' title="bbox 306 807 1698 868; baseline -0.002 -15"><span class='ocrx_word' id='word_1_67' title='bbox 306 810 353 854; x_wconf 90' lang='lat' dir='ltr'>id</span> <span class='ocrx_word' id='word_1_68' title='bbox 373 818 464 865; x_wconf 83' lang='lat' dir='ltr'>est,</span> <span class='ocrx_word' id='word_1_69' title='bbox 490 810 537 853; x_wconf 88' lang='lat' dir='ltr'>in</span> <span class='ocrx_word' id='word_1_70' title='bbox 552 810 634 854; x_wconf 83' lang='lat' dir='ltr'>hac</span> <span class='ocrx_word' id='word_1_71' title='bbox 656 809 885 868; x_wconf 85' lang='lat' dir='ltr'>temporali</span> <span class='ocrx_word' id='word_1_72' title='bbox 906 810 1009 855; x_wconf 82' lang='lat' dir='ltr'>vita.</span> <span class='ocrx_word' id='word_1_73' title='bbox 1039 809 1106 854; x_wconf 88' lang='lat' dir='ltr'>Sic</span> <span class='ocrx_word' id='word_1_74' title='bbox 1129 809 1245 852; x_wconf 90' lang='lat' dir='ltr'>enim</span> <span class='ocrx_word' id='word_1_75' title='bbox 1270 808 1370 852; x_wconf 90' lang='lat' dir='ltr'>cibo</span> <span class='ocrx_word' id='word_1_76' title='bbox 1392 807 1569 866; x_wconf 82' lang='lat' dir='ltr'>spiritali</span> <span class='ocrx_word' id='word_1_77' title='bbox 1601 816 1698 866; x_wconf 84' lang='lat' dir='ltr'>post</span> 
     </span>
     <span class='ocr_line' id='line_1_10' title="bbox 304 876 1698 933; baseline -0.003 -9"><span class='ocrx_word' id='word_1_78' title='bbox 304 880 418 924; x_wconf 86' lang='lat' dir='ltr'>hanc</span> <span class='ocrx_word' id='word_1_79' title='bbox 440 880 575 924; x_wconf 85' lang='lat' dir='ltr'>vitam</span> <span class='ocrx_word' id='word_1_80' title='bbox 589 879 881 924; x_wconf 86' lang='lat' dir='ltr'>saturabimur</span> <span class='ocrx_word' id='word_1_81' title='bbox 896 880 941 923; x_wconf 90' lang='lat' dir='ltr'>in</span> <span class='ocrx_word' id='word_1_82' title='bbox 962 888 1194 933; x_wconf 75' lang='lat' dir='ltr'>aeternum,</span> <span class='ocrx_word' id='word_1_83' title='bbox 1212 887 1262 921; x_wconf 84' lang='lat' dir='ltr'>ut</span> <span class='ocrx_word' id='word_1_84' title='bbox 1279 894 1368 922; x_wconf 91' lang='lat' dir='ltr'>non</span> <span class='ocrx_word' id='word_1_85' title='bbox 1390 886 1497 922; x_wconf 87' lang='lat' dir='ltr'>tunc</span> <span class='ocrx_word' id='word_1_86' title='bbox 1529 876 1698 921; x_wconf 87' lang='lat' dir='ltr'>dicatur</span> 
     </span>
     <span class='ocr_line' id='line_1_11' title="bbox 306 948 1700 1012; baseline -0.004 -16"><span class='ocrx_word' id='word_1_87' title='bbox 306 950 588 1012; x_wconf 83' lang='lat' dir='ltr'>quotidianus</span> <span class='ocrx_word' id='word_1_88' title='bbox 607 951 754 1010; x_wconf 88' lang='lat' dir='ltr'>panis:</span> <span class='ocrx_word' id='word_1_89' title='bbox 775 950 877 1010; x_wconf 83' lang='lat' dir='ltr'>quia</span> <span class='ocrx_word' id='word_1_90' title='bbox 899 950 960 994; x_wconf 89' lang='lat' dir='ltr'>ibi</span> <span class='ocrx_word' id='word_1_91' title='bbox 978 950 1184 1009; x_wconf 89' lang='lat' dir='ltr'>temporis</span> <span class='ocrx_word' id='word_1_92' title='bbox 1204 949 1470 1003; x_wconf 81' lang='lat' dir='ltr'>volubilitas,</span> <span class='ocrx_word' id='word_1_93' title='bbox 1493 964 1592 1008; x_wconf 84' lang='lat' dir='ltr'>quae</span> <span class='ocrx_word' id='word_1_94' title='bbox 1606 948 1700 992; x_wconf 89' lang='lat' dir='ltr'>die-</span> 
     </span>
     <span class='ocr_line' id='line_1_12' title="bbox 307 1017 1698 1079; baseline -0.005 -11"><span class='ocrx_word' id='word_1_95' title='bbox 307 1024 389 1068; x_wconf 90' lang='lat' dir='ltr'>bus</span> <span class='ocrx_word' id='word_1_96' title='bbox 410 1023 500 1067; x_wconf 88' lang='lat' dir='ltr'>dies</span> <span class='ocrx_word' id='word_1_97' title='bbox 522 1021 751 1067; x_wconf 82' lang='lat' dir='ltr'>succedere</span> <span class='ocrx_word' id='word_1_98' title='bbox 774 1021 899 1075; x_wconf 85' lang='lat' dir='ltr'>facit,</span> <span class='ocrx_word' id='word_1_99' title='bbox 922 1019 1039 1065; x_wconf 91' lang='lat' dir='ltr'>unde</span> <span class='ocrx_word' id='word_1_100' title='bbox 1062 1019 1306 1079; x_wconf 83' lang='lat' dir='ltr'>appelletur</span> <span class='ocrx_word' id='word_1_101' title='bbox 1327 1018 1546 1078; x_wconf 88' lang='lat' dir='ltr'>quotidie,</span> <span class='ocrx_word' id='word_1_102' title='bbox 1577 1017 1698 1062; x_wconf 86' lang='lat' dir='ltr'>nulla</span> 
     </span>
     <span class='ocr_line' id='line_1_13' title="bbox 308 1089 1701 1149; baseline -0.006 -9"><span class='ocrx_word' id='word_1_103' title='bbox 308 1095 404 1140; x_wconf 88' lang='lat' dir='ltr'>erit.</span> <span class='ocrx_word' id='word_1_104' title='bbox 433 1097 488 1139; x_wconf 88' lang='lat' dir='ltr'>Ut</span> <span class='ocrx_word' id='word_1_105' title='bbox 511 1102 658 1137; x_wconf 82' lang='lat' dir='ltr'>autem</span> <span class='ocrx_word' id='word_1_106' title='bbox 681 1092 848 1136; x_wconf 86' lang='lat' dir='ltr'>dictum</span> <span class='ocrx_word' id='word_1_107' title='bbox 871 1101 936 1136; x_wconf 87' lang='lat' dir='ltr'>est</span> <span class='ocrx_word' id='word_1_108' title='bbox 964 1111 973 1136; x_wconf 73' lang='grc' dir='ltr'>ε</span> <span class='ocrx_word' id='word_1_109' title='bbox 1002 1110 1023 1134; x_wconf 89' lang='lat'>«</span> <span class='ocrx_word' id='word_1_110' title='bbox 1050 1091 1189 1136; x_wconf 90' lang='lat' dir='ltr'>Hodie</span> <span class='ocrx_word' id='word_1_111' title='bbox 1204 1092 1237 1135; x_wconf 92' lang='lat' dir='ltr'>si</span> <span class='ocrx_word' id='word_1_112' title='bbox 1259 1106 1411 1135; x_wconf 89' lang='lat' dir='ltr'>vocem</span> <span class='ocrx_word' id='word_1_113' title='bbox 1435 1091 1526 1149; x_wconf 85' lang='lat' dir='ltr'>ejus</span> <span class='ocrx_word' id='word_1_114' title='bbox 1550 1089 1701 1133; x_wconf 84' lang='lat' dir='ltr'>audie-</span> 
     </span>
     <span class='ocr_line' id='line_1_14' title="bbox 311 1159 1702 1224; baseline -0.002 -17"><span class='ocrx_word' id='word_1_115' title='bbox 311 1185 331 1208; x_wconf 87' lang='lat'>»</span> <span class='ocrx_word' id='word_1_116' title='bbox 368 1166 484 1209; x_wconf 89' lang='lat' dir='ltr'>ritis¹</span> <span class='ocrx_word' id='word_1_117' title='bbox 509 1186 519 1222; x_wconf 70' lang='lat'>3</span> <span class='ocrx_word' id='word_1_118' title='bbox 543 1183 562 1205; x_wconf 89' lang='lat'>»</span> <span class='ocrx_word' id='word_1_119' title='bbox 584 1163 705 1224; x_wconf 89' lang='lat' dir='ltr'>quod</span> <span class='ocrx_word' id='word_1_120' title='bbox 727 1165 1037 1222; x_wconf 85' lang='lat' dir='ltr'>interpretatur</span> <span class='ocrx_word' id='word_1_121' title='bbox 1061 1162 1295 1222; x_wconf 81' lang='lat' dir='ltr'>Apostolus</span> <span class='ocrx_word' id='word_1_122' title='bbox 1318 1162 1363 1204; x_wconf 91' lang='lat' dir='ltr'>in</span> <span class='ocrx_word' id='word_1_123' title='bbox 1386 1159 1580 1220; x_wconf 80' lang='lat' dir='ltr'>Epistola</span> <span class='ocrx_word' id='word_1_124' title='bbox 1603 1176 1702 1220; x_wconf 84' lang='lat' dir='ltr'>quae</span> 
     </span>
     <span class='ocr_line' id='line_1_15' title="bbox 311 1230 1703 1287; baseline -0.005 -7"><span class='ocrx_word' id='word_1_125' title='bbox 311 1245 375 1280; x_wconf 90' lang='lat' dir='ltr'>est</span> <span class='ocrx_word' id='word_1_126' title='bbox 397 1235 452 1279; x_wconf 83' lang='lat' dir='ltr'>ad</span> <span class='ocrx_word' id='word_1_127' title='bbox 490 1235 698 1278; x_wconf 68' lang='lat' dir='ltr'>Hebraeos</span> <span class='ocrx_word' id='word_1_128' title='bbox 718 1253 726 1278; x_wconf 72' lang='grc' dir='ltr'>ι</span> <span class='ocrx_word' id='word_1_129' title='bbox 753 1253 772 1275; x_wconf 88' lang='lat'>«</span> <span class='ocrx_word' id='word_1_130' title='bbox 794 1232 998 1287; x_wconf 79' lang='lat' dir='ltr'>Quandiu</span> <span class='ocrx_word' id='word_1_131' title='bbox 1020 1232 1180 1277; x_wconf 89' lang='lat' dir='ltr'>dicitur</span> <span class='ocrx_word' id='word_1_132' title='bbox 1201 1231 1363 1276; x_wconf 72' lang='lat' dir='ltr'>hodie²</span> <span class='ocrx_word' id='word_1_133' title='bbox 1391 1250 1398 1275; x_wconf 90' lang='lat'>:</span> <span class='ocrx_word' id='word_1_134' title='bbox 1430 1249 1448 1271; x_wconf 74' lang='lat' dir='ltr'>n</span> <span class='ocrx_word' id='word_1_135' title='bbox 1480 1232 1538 1274; x_wconf 86' lang='lat' dir='ltr'>ita</span> <span class='ocrx_word' id='word_1_136' title='bbox 1569 1240 1612 1274; x_wconf 91' lang='lat' dir='ltr'>et</span> <span class='ocrx_word' id='word_1_137' title='bbox 1634 1230 1703 1274; x_wconf 85' lang='lat' dir='ltr'>bic</span> 
     </span>
     <span class='ocr_line' id='line_1_16' title="bbox 311 1302 1704 1365; baseline -0.006 -14"><span class='ocrx_word' id='word_1_138' title='bbox 311 1304 612 1365; x_wconf 83' lang='lat' dir='ltr'>accipiendum</span> <span class='ocrx_word' id='word_1_139' title='bbox 628 1314 690 1348; x_wconf 82' lang='lat' dir='ltr'>est</span> <span class='ocrx_word' id='word_1_140' title='bbox 717 1324 725 1348; x_wconf 86' lang='grc'>;</span> <span class='ocrx_word' id='word_1_141' title='bbox 748 1307 847 1353; x_wconf 81' lang='lat' dir='ltr'>«Da</span> <span class='ocrx_word' id='word_1_142' title='bbox 863 1304 988 1348; x_wconf 85' lang='lat' dir='ltr'>nobis</span> <span class='ocrx_word' id='word_1_143' title='bbox 1014 1303 1157 1348; x_wconf 88' lang='lat' dir='ltr'>hodie.</span> <span class='ocrx_word' id='word_1_144' title='bbox 1189 1323 1207 1344; x_wconf 75' lang='lat' dir='ltr'>n</span> <span class='ocrx_word' id='word_1_145' title='bbox 1233 1304 1275 1347; x_wconf 88' lang='lat' dir='ltr'>Si</span> <span class='ocrx_word' id='word_1_146' title='bbox 1294 1302 1389 1362; x_wconf 84' lang='lat' dir='ltr'>quis</span> <span class='ocrx_word' id='word_1_147' title='bbox 1410 1310 1557 1345; x_wconf 84' lang='lat' dir='ltr'>autem</span> <span class='ocrx_word' id='word_1_148' title='bbox 1573 1302 1704 1344; x_wconf 78' lang='lat' dir='ltr'>etiam</span> 
     </span>
     <span class='ocr_line' id='line_1_17' title="bbox 311 1371 1706 1435; baseline -0.004 -14"><span class='ocrx_word' id='word_1_149' title='bbox 311 1377 365 1422; x_wconf 90' lang='lat' dir='ltr'>de</span> <span class='ocrx_word' id='word_1_150' title='bbox 377 1377 495 1422; x_wconf 83' lang='lat' dir='ltr'>victu</span> <span class='ocrx_word' id='word_1_151' title='bbox 524 1376 715 1435; x_wconf 84' lang='lat' dir='ltr'>eorporis</span> <span class='ocrx_word' id='word_1_152' title='bbox 738 1376 976 1419; x_wconf 79' lang='lat' dir='ltr'>necessario</span> <span class='ocrx_word' id='word_1_153' title='bbox 993 1410 1004 1429; x_wconf 83' lang='lat'>‚</span> <span class='ocrx_word' id='word_1_154' title='bbox 1029 1374 1096 1419; x_wconf 86' lang='lat' dir='ltr'>vel</span> <span class='ocrx_word' id='word_1_155' title='bbox 1121 1375 1175 1417; x_wconf 86' lang='lat' dir='ltr'>de</span> <span class='ocrx_word' id='word_1_156' title='bbox 1193 1383 1462 1418; x_wconf 81' lang='lat' dir='ltr'>sacramento</span> <span class='ocrx_word' id='word_1_157' title='bbox 1492 1371 1706 1416; x_wconf 89' lang='lat' dir='ltr'>Dominici</span> 
     </span>
     <span class='ocr_line' id='line_1_18' title="bbox 313 1444 1707 1508; baseline -0.006 -15"><span class='ocrx_word' id='word_1_158' title='bbox 313 1448 503 1508; x_wconf 85' lang='lat' dir='ltr'>corporis</span> <span class='ocrx_word' id='word_1_159' title='bbox 520 1447 645 1490; x_wconf 80' lang='lat' dir='ltr'>istam</span> <span class='ocrx_word' id='word_1_160' title='bbox 675 1446 932 1490; x_wconf 78' lang='lat' dir='ltr'>sententiam</span> <span class='ocrx_word' id='word_1_161' title='bbox 949 1444 1045 1489; x_wconf 85' lang='lat' dir='ltr'>vult</span> <span class='ocrx_word' id='word_1_162' title='bbox 1068 1445 1260 1503; x_wconf 80' lang='lat' dir='ltr'>accipere</span> <span class='ocrx_word' id='word_1_163' title='bbox 1281 1480 1291 1499; x_wconf 84' lang='lat'>‚</span> <span class='ocrx_word' id='word_1_164' title='bbox 1325 1452 1497 1503; x_wconf 85' lang='lat' dir='ltr'>oportet</span> <span class='ocrx_word' id='word_1_165' title='bbox 1520 1452 1568 1486; x_wconf 88' lang='lat' dir='ltr'>ut</span> <span class='ocrx_word' id='word_1_166' title='bbox 1600 1458 1707 1486; x_wconf 86' lang='lat' dir='ltr'>con-</span> 
     </span>
     <span class='ocr_line' id='line_1_19' title="bbox 309 1512 1707 1579; baseline -0.004 -18"><span class='ocrx_word' id='word_1_167' title='bbox 309 1520 463 1579; x_wconf 81' lang='lat' dir='ltr'>juncte</span> <span class='ocrx_word' id='word_1_168' title='bbox 500 1517 768 1575; x_wconf 75' lang='lat' dir='ltr'>accipiantur</span> <span class='ocrx_word' id='word_1_169' title='bbox 803 1516 947 1560; x_wconf 85' lang='lat' dir='ltr'>omnia</span> <span class='ocrx_word' id='word_1_170' title='bbox 982 1516 1061 1559; x_wconf 80' lang='lat' dir='ltr'>tria</span> <span class='ocrx_word' id='word_1_171' title='bbox 1084 1551 1094 1570; x_wconf 72' lang='lat'>‚</span> <span class='ocrx_word' id='word_1_172' title='bbox 1130 1523 1180 1558; x_wconf 83' lang='lat' dir='ltr'>ut</span> <span class='ocrx_word' id='word_1_173' title='bbox 1206 1513 1366 1559; x_wconf 89' lang='lat' dir='ltr'>scilicet</span> <span class='ocrx_word' id='word_1_174' title='bbox 1401 1512 1707 1574; x_wconf 82' lang='lat' dir='ltr'>quotidianum</span> 
     </span>
     <span class='ocr_line' id='line_1_20' title="bbox 319 1583 1707 1648; baseline -0.003 -16"><span class='ocrx_word' id='word_1_175' title='bbox 319 1604 477 1648; x_wconf 81' lang='lat' dir='ltr'>panem</span> <span class='ocrx_word' id='word_1_176' title='bbox 499 1586 627 1631; x_wconf 91' lang='lat' dir='ltr'>simul</span> <span class='ocrx_word' id='word_1_177' title='bbox 646 1597 843 1646; x_wconf 80' lang='lat' dir='ltr'>petamus</span> <span class='ocrx_word' id='word_1_178' title='bbox 860 1621 871 1641; x_wconf 80' lang='lat'><strong>‚</strong></span> <span class='ocrx_word' id='word_1_179' title='bbox 897 1595 939 1629; x_wconf 83' lang='lat' dir='ltr'>et</span> <span class='ocrx_word' id='word_1_180' title='bbox 962 1586 1246 1630; x_wconf 83' lang='lat' dir='ltr'>necessarium</span> <span class='ocrx_word' id='word_1_181' title='bbox 1272 1583 1443 1643; x_wconf 87' lang='lat' dir='ltr'>corpori</span> <span class='ocrx_word' id='word_1_182' title='bbox 1465 1619 1476 1639; x_wconf 76' lang='lat'>,</span> <span class='ocrx_word' id='word_1_183' title='bbox 1500 1593 1543 1627; x_wconf 90' lang='lat' dir='ltr'>et</span> <span class='ocrx_word' id='word_1_184' title='bbox 1564 1598 1707 1628; x_wconf 79' lang='lat' dir='ltr'>sacra-</span> 
     </span>
     <span class='ocr_line' id='line_1_21' title="bbox 320 1654 1292 1712; baseline -0.004 -9"><span class='ocrx_word' id='word_1_185' title='bbox 320 1668 415 1703; x_wconf 84' lang='lat' dir='ltr'>tum</span> <span class='ocrx_word' id='word_1_186' title='bbox 436 1657 649 1703; x_wconf 86' lang='lat' dir='ltr'>visibilem</span> <span class='ocrx_word' id='word_1_187' title='bbox 674 1692 684 1712; x_wconf 81' lang='lat'>‚</span> <span class='ocrx_word' id='word_1_188' title='bbox 707 1666 749 1701; x_wconf 87' lang='lat' dir='ltr'>et</span> <span class='ocrx_word' id='word_1_189' title='bbox 771 1655 1033 1701; x_wconf 85' lang='lat' dir='ltr'>invisibilem</span> <span class='ocrx_word' id='word_1_190' title='bbox 1053 1656 1177 1700; x_wconf 85' lang='lat' dir='ltr'>verbi</span> <span class='ocrx_word' id='word_1_191' title='bbox 1201 1654 1292 1699; x_wconf 91' lang='lat' dir='ltr'>Dei.</span> 
     </span>
    </p>
   </div>
   <div class='ocr_carea' id='block_1_3' title="bbox 813 2037 1212 2085">
    <p class='ocr_par' dir='ltr' id='par_1_3' title="bbox 813 2037 1212 2085">
     <span class='ocr_line' id='line_1_22' title="bbox 813 2037 1212 2085; baseline -0.003 -2"><span class='ocrx_word' id='word_1_192' title='bbox 813 2037 1029 2085; x_wconf 59' lang='lat' dir='ltr'><strong>CAPUT</strong></span> <span class='ocrx_word' id='word_1_193' title='bbox 1080 2037 1212 2084; x_wconf 74' lang='lat' dir='ltr'>Vm.</span> 
     </span>
    </p>
   </div>
   <div class='ocr_carea' id='block_1_4' title="bbox 337 2200 1719 2548">
    <p class='ocr_par' dir='ltr' id='par_1_4' title="bbox 337 2200 1719 2548">
     <span class='ocr_line' id='line_1_23' title="bbox 389 2200 1717 2264; baseline -0.005 -12"><span class='ocrx_word' id='word_1_194' title='bbox 389 2209 595 2252; x_wconf 84' lang='lat' dir='ltr'>XXVIII.</span> <span class='ocrx_word' id='word_1_195' title='bbox 624 2209 844 2260; x_wconf 79' lang='lat' dir='ltr'>SEQUITUR</span> <span class='ocrx_word' id='word_1_196' title='bbox 870 2204 1022 2264; x_wconf 84' lang='lat' dir='ltr'>quinta</span> <span class='ocrx_word' id='word_1_197' title='bbox 1054 2203 1207 2262; x_wconf 88' lang='lat' dir='ltr'>petitio</span> <span class='ocrx_word' id='word_1_198' title='bbox 1234 2221 1242 2246; x_wconf 90' lang='lat'>:</span> <span class='ocrx_word' id='word_1_199' title='bbox 1275 2221 1293 2243; x_wconf 92' lang='lat'>«</span> <span class='ocrx_word' id='word_1_200' title='bbox 1319 2204 1375 2245; x_wconf 88' lang='lat' dir='ltr'>Et</span> <span class='ocrx_word' id='word_1_201' title='bbox 1397 2200 1568 2246; x_wconf 82' lang='lat' dir='ltr'>dimitte</span> <span class='ocrx_word' id='word_1_202' title='bbox 1590 2202 1717 2246; x_wconf 87' lang='lat' dir='ltr'>nobis</span> 
     </span>
     <span class='ocr_line' id='line_1_24' title="bbox 337 2273 1718 2332; baseline -0.003 -12"><span class='ocrx_word' id='word_1_203' title='bbox 337 2298 356 2321; x_wconf 90' lang='lat'>»</span> <span class='ocrx_word' id='word_1_204' title='bbox 392 2280 537 2323; x_wconf 84' lang='lat' dir='ltr'>debita</span> <span class='ocrx_word' id='word_1_205' title='bbox 562 2287 731 2332; x_wconf 80' lang='lat' dir='ltr'>nostra,</span> <span class='ocrx_word' id='word_1_206' title='bbox 756 2276 867 2321; x_wconf 86' lang='lat' dir='ltr'>sicut</span> <span class='ocrx_word' id='word_1_207' title='bbox 887 2284 930 2319; x_wconf 87' lang='lat' dir='ltr'>et</span> <span class='ocrx_word' id='word_1_208' title='bbox 952 2290 1028 2318; x_wconf 92' lang='lat' dir='ltr'>nos</span> <span class='ocrx_word' id='word_1_209' title='bbox 1051 2273 1309 2318; x_wconf 83' lang='lat' dir='ltr'>dimitti-mus</span> <span class='ocrx_word' id='word_1_210' title='bbox 1323 2273 1595 2317; x_wconf 87' lang='lat' dir='ltr'>debitoribus</span> <span class='ocrx_word' id='word_1_211' title='bbox 1618 2289 1718 2317; x_wconf 87' lang='lat' dir='ltr'>nos-</span> 
     </span>
     <span class='ocr_line' id='line_1_25' title="bbox 337 2342 1719 2406; baseline -0.003 -16"><span class='ocrx_word' id='word_1_212' title='bbox 337 2368 357 2391; x_wconf 86' lang='lat'>»</span> <span class='ocrx_word' id='word_1_213' title='bbox 394 2350 483 2393; x_wconf 91' lang='lat' dir='ltr'>tris.</span> <span class='ocrx_word' id='word_1_214' title='bbox 516 2370 532 2391; x_wconf 90' lang='lat'>»</span> <span class='ocrx_word' id='word_1_215' title='bbox 555 2349 709 2393; x_wconf 81' lang='lat' dir='ltr'>Debita</span> <span class='ocrx_word' id='word_1_216' title='bbox 731 2355 907 2406; x_wconf 85' lang='lat' dir='ltr'>peccata</span> <span class='ocrx_word' id='word_1_217' title='bbox 928 2345 1013 2388; x_wconf 88' lang='lat' dir='ltr'>dici</span> <span class='ocrx_word' id='word_1_218' title='bbox 1033 2343 1311 2387; x_wconf 71' lang='lat' dir='ltr'>manifestum</span> <span class='ocrx_word' id='word_1_219' title='bbox 1331 2353 1410 2398; x_wconf 81' lang='lat' dir='ltr'>est,</span> <span class='ocrx_word' id='word_1_220' title='bbox 1425 2343 1491 2386; x_wconf 85' lang='lat' dir='ltr'>vel</span> <span class='ocrx_word' id='word_1_221' title='bbox 1508 2342 1584 2387; x_wconf 84' lang='lat' dir='ltr'>illo</span> <span class='ocrx_word' id='word_1_222' title='bbox 1598 2342 1719 2402; x_wconf 85' lang='lat' dir='ltr'>quod</span> 
     </span>
     <span class='ocr_line' id='line_1_26' title="bbox 337 2412 1719 2464; baseline -0.005 0"><span class='ocrx_word' id='word_1_223' title='bbox 337 2421 396 2464; x_wconf 88' lang='lat' dir='ltr'>ait</span> <span class='ocrx_word' id='word_1_224' title='bbox 420 2419 535 2464; x_wconf 85' lang='lat' dir='ltr'>idem</span> <span class='ocrx_word' id='word_1_225' title='bbox 559 2419 793 2463; x_wconf 87' lang='lat' dir='ltr'>Dominus:</span> <span class='ocrx_word' id='word_1_226' title='bbox 819 2435 834 2455; x_wconf 88' lang='lat'>«</span> <span class='ocrx_word' id='word_1_227' title='bbox 858 2418 955 2460; x_wconf 88' lang='lat' dir='ltr'>Non</span> <span class='ocrx_word' id='word_1_228' title='bbox 978 2415 1090 2457; x_wconf 77' lang='lat' dir='ltr'>exies</span> <span class='ocrx_word' id='word_1_229' title='bbox 1116 2413 1217 2457; x_wconf 87' lang='lat' dir='ltr'>inde</span> <span class='ocrx_word' id='word_1_230' title='bbox 1240 2415 1379 2458; x_wconf 83' lang='lat' dir='ltr'>donec</span> <span class='ocrx_word' id='word_1_231' title='bbox 1401 2412 1554 2457; x_wconf 81' lang='lat' dir='ltr'>reddas</span> <span class='ocrx_word' id='word_1_232' title='bbox 1572 2413 1719 2457; x_wconf 92' lang='lat' dir='ltr'>novis-</span> 
     </span>
     <span class='ocr_line' id='line_1_27' title="bbox 341 2481 1718 2548; baseline -0.002 -18"><span class='ocrx_word' id='word_1_233' title='bbox 341 2509 361 2531; x_wconf 88' lang='lat'>»</span> <span class='ocrx_word' id='word_1_234' title='bbox 396 2491 552 2534; x_wconf 88' lang='lat' dir='ltr'>simum</span> <span class='ocrx_word' id='word_1_235' title='bbox 575 2487 915 2548; x_wconf 74' lang='lat' dir='ltr'>quadrantem³3</span> <span class='ocrx_word' id='word_1_236' title='bbox 943 2503 962 2526; x_wconf 89' lang='lat'>»</span> <span class='ocrx_word' id='word_1_237' title='bbox 982 2483 1052 2528; x_wconf 88' lang='lat' dir='ltr'>vel</span> <span class='ocrx_word' id='word_1_238' title='bbox 1074 2482 1148 2527; x_wconf 86' lang='lat' dir='ltr'>illo</span> <span class='ocrx_word' id='word_1_239' title='bbox 1164 2499 1253 2543; x_wconf 87' lang='lat' dir='ltr'>quo</span> <span class='ocrx_word' id='word_1_240' title='bbox 1280 2484 1497 2528; x_wconf 85' lang='lat' dir='ltr'>debitores</span> <span class='ocrx_word' id='word_1_241' title='bbox 1525 2481 1718 2543; x_wconf 84' lang='lat' dir='ltr'>appella-</span> 
     </span>
    </p>
   </div>
   <div class='ocr_carea' id='block_1_5' title="bbox 390 2579 1353 2624">
    <p class='ocr_par' dir='ltr' id='par_1_5' title="bbox 390 2579 1353 2624">
     <span class='ocr_line' id='line_1_28' title="bbox 390 2579 1353 2624; baseline -0.006 -7"><span class='ocrx_word' id='word_1_242' title='bbox 390 2594 395 2608; x_wconf 93' lang='lat'>¹</span> <span class='ocrx_word' id='word_1_243' title='bbox 420 2586 498 2617; x_wconf 62' lang='lat' dir='ltr'>psal.</span> <span class='ocrx_word' id='word_1_244' title='bbox 517 2595 596 2624; x_wconf 73' lang='lat' dir='ltr'>xcw,</span> <span class='ocrx_word' id='word_1_245' title='bbox 616 2585 647 2616; x_wconf 83' lang='grc' dir='ltr'>ὃ.</span> <span class='ocrx_word' id='word_1_246' title='bbox 670 2600 710 2605; x_wconf 91' lang='grc'>-</span> <span class='ocrx_word' id='word_1_247' title='bbox 731 2590 742 2604; x_wconf 83' lang='lat'>²</span> <span class='ocrx_word' id='word_1_248' title='bbox 762 2582 926 2621; x_wconf 46' lang='lat' dir='ltr'>nebi-421,</span> <span class='ocrx_word' id='word_1_249' title='bbox 951 2580 1001 2612; x_wconf 85' lang='grc' dir='ltr'>ι3.</span> <span class='ocrx_word' id='word_1_250' title='bbox 1024 2597 1064 2603; x_wconf 89' lang='grc'><strong>-</strong></span> <span class='ocrx_word' id='word_1_251' title='bbox 1082 2579 1094 2602; x_wconf 81' lang='lat'>3</span> <span class='ocrx_word' id='word_1_252' title='bbox 1113 2581 1227 2613; x_wconf 77' lang='lat' dir='ltr'>Matth.</span> <span class='ocrx_word' id='word_1_253' title='bbox 1253 2591 1282 2621; x_wconf 81' lang='lat' dir='ltr'>V,</span> <span class='ocrx_word' id='word_1_254' title='bbox 1300 2581 1353 2612; x_wconf 75' lang='lat'>¹26.</span> 
     </span>
    </p>
   </div>
   <div class='ocr_carea' id='block_1_6' title="bbox 534 2683 559 2696">
    <p class='ocr_par' dir='ltr' id='par_1_6' title="bbox 534 2683 559 2696">
     <span class='ocr_line' id='line_1_29' title="bbox 534 2683 559 2696; baseline 0 0"><span class='ocrx_word' id='word_1_255' title='bbox 534 2683 559 2696; x_wconf 46' lang='grc' dir='ltr'><strong><em>ἢ</em></strong></span> 
     </span>
    </p>
   </div>
  </div>
 </body>
</html>
