1819 3301
0 1710 1 1714 Α
0 1441 8 1659 ΑᾼᾼἽ
0 136 14 1433 Ἣιε

422 318 560 345 sEnMo
593 319 750 346 nomm
781 319 826 345 nv
858 317 1034 355 MONTE,
1068 317 1151 358 ¹⁴¹³.-
1187 318 1235 344 11.
1423 307 1508 346 219

130 384 259 436 DeuS‚
276 390 319 425 et
341 382 475 425 sancti
496 382 705 441 templum
729 382 819 441 ejus
842 390 963 439 sunt3
979 389 1094 424 reete
1110 378 1270 424 dieitur
1291 399 1299 425 :
1324 381 1445 434 «Qui
1467 396 1510 425 es

132 470 153 493 »
187 452 232 495 in
256 451 377 496 coelis
397 487 407 506 ‚
436 469 456 492 »
477 452 606 511 quies
628 454 671 495 in
693 453 863 496 sanetis.
891 455 946 495 Et
962 451 1400 495 accommodatissima
1432 451 1512 496 ista

131 520 366 565 similitudo
398 530 488 575 est,
531 531 582 565 ut
614 521 857 580 spiritaliter
884 532 1053 566 tantum
1083 522 1285 565 interesse
1315 521 1513 565 videatur

132 593 245 636 inter
256 593 394 652 justos
412 601 454 635 et
470 601 716 651 peccatores
731 627 742 647 ‚
759 602 973 652 quantum
995 591 1275 652 corporaliter
1293 592 1405 636 inter
1421 607 1515 636 coe-

133 662 227 706 lum
249 671 292 706 et
309 672 484 707 terram.

189 735 353 778 XVIII.
368 734 501 793 Cujus
524 733 582 777 rei
600 731 893 791 significandae
908 734 1057 791 gratia,
1083 748 1183 776 eum
1205 732 1260 777 ad
1277 733 1514 778 orationem

131 813 291 848 stamus
309 838 320 858 ‚
346 805 399 846 ad
423 804 645 847 Orientem
664 803 982 859 convertimur,
1007 803 1125 847 unde
1146 803 1307 848 coelum
1342 805 1477 861 surgit
1502 823 1511 849 :

132 889 221 918 non
250 882 458 933 tanquam
481 873 543 917 ibi
575 874 740 917 habitet
763 883 806 918 et
838 877 976 928 Deus,
1012 873 1135 934 quasi
1167 883 1341 918 caeteras
1364 874 1516 918 mundi

132 952 274 1002 partes
295 944 560 998 deseruerit,
586 944 660 1003 qui
678 944 844 1004 ubique
875 959 1062 1003 praesens
1084 953 1174 998 est,
1204 960 1292 988 non
1320 944 1515 988 locorum

133 1014 302 1074 spatiis,
328 1014 402 1058 sed
440 1015 669 1074 majestatis
690 1016 881 1075 potentia
909 1035 916 1059 :
939 1015 1014 1059 sed
1035 1024 1084 1060 ut
1112 1015 1396 1060 admoneatur
1425 1016 1518 1060 ani-

133 1101 228 1128 mus
249 1085 302 1128 ad
326 1094 525 1129 naturam
545 1085 892 1130 excellentiorem
916 1102 958 1129 se
994 1095 1267 1140 convertere,
1285 1086 1329 1130 id
1358 1095 1436 1140 est,
1464 1085 1517 1130 ad

134 1157 271 1199 Deum
285 1189 299 1209 ,
321 1171 420 1198 eum
436 1155 579 1214 ipsum
593 1170 748 1214 corpus
765 1156 856 1215 ejus
869 1156 988 1216 quod
1005 1166 1068 1200 est
1090 1164 1326 1210 terrenum,
1348 1156 1403 1199 ad
1420 1171 1518 1210 cors

133 1241 215 1284 pus
251 1225 553 1279 excellentius⁷
579 1225 623 1269 id
651 1235 739 1280 est⁷
765 1227 819 1269 ad
853 1241 1010 1285 eorpus
1027 1226 1202 1270 coeleste
1232 1227 1515 1271 convertitur.

134 1296 349 1341 Convenit
372 1296 499 1339 etiam
523 1296 728 1353 gradibus
750 1295 985 1355 religionis,
1007 1306 1049 1340 et
1068 1296 1304 1356 plurimum
1328 1296 1516 1356 expedit,

135 1375 184 1410 ut
214 1367 408 1413 omnium
437 1367 634 1410 sensibus
666 1376 708 1410 et
738 1367 1019 1425 parvulorum
1049 1376 1092 1410 et
1128 1382 1386 1425 magnorum
1410 1367 1520 1411 bene

136 1436 347 1480 sentiatur
375 1437 429 1480 de
454 1440 558 1480 Deo.
585 1439 641 1480 Et
662 1435 760 1480 ideo
789 1437 864 1496 qui
886 1437 1125 1481 visibilibus
1157 1437 1298 1481 adhuc
1331 1436 1523 1496 pulchri-

137 1506 363 1550 tudinibus
390 1507 526 1550 dediti
561 1517 660 1551 sunt
681 1543 690 1561 ,
724 1523 803 1550 nee
825 1517 1004 1566 possunt
1028 1507 1191 1567 aliquid
1218 1510 1521 1567 incorporeum

136 1577 348 1635 cogitare,
375 1577 581 1637 quoniam
625 1593 796 1621 necesse
820 1588 882 1621 est
914 1578 1077 1622 coelum
1110 1578 1341 1638 praeferant
1364 1588 1518 1636 terrae3

137 1646 403 1691 tolerabilior
424 1656 486 1690 est
510 1647 658 1706 opinio
686 1663 835 1690 eorum
857 1683 867 1701 ,
892 1650 924 1691 si
944 1651 1080 1691 Deum
1104 1664 1233 1708 quem
1259 1647 1402 1692 adhuc
1422 1664 1521 1692 cor-

136 1717 341 1777 poraliter
359 1717 577 1775 cogitant,
607 1718 650 1759 in
675 1717 786 1760 coelo
818 1718 960 1776 potius
990 1717 1168 1761 credant
1190 1734 1301 1770 esse,
1323 1734 1455 1778 quam
1477 1720 1522 1762 in

137 1797 248 1831 terra
274 1806 282 1831 t
310 1796 358 1830 ut
394 1802 493 1830 cum
527 1786 761 1846 aliquando
784 1789 1065 1844 cognoverint
1083 1788 1338 1846 dignitatem
1368 1789 1522 1832 animae

138 1857 313 1903 coeleste
346 1859 475 1901 etiam
497 1873 651 1915 corpus
684 1859 910 1912 excedere,
937 1859 1072 1917 magis
1109 1874 1208 1902 eum
1248 1869 1446 1918 quaerant
1477 1860 1520 1903 in

138 1929 297 1982 anima,
320 1943 451 1987 quam
474 1928 519 1970 in
541 1943 722 1986 corpore
743 1928 873 1971 etiam
896 1928 1060 1972 coelesti
1089 1948 1096 1972 :
1118 1938 1160 1972 et
1182 1944 1281 1973 cum
1306 1944 1522 1986 cognove-

138 1999 226 2041 rint
243 2007 455 2058 quantum
470 1998 721 2041 distetinter
740 2007 1018 2056 peccatorum
1039 1998 1203 2042 animas
1225 2008 1267 2042 et
1283 2000 1518 2059 justorum,

139 2069 248 2112 sicut
265 2083 352 2112 non
373 2068 618 2125 audebant3
644 2083 744 2111 eum
767 2068 908 2112 adbuc
928 2068 1157 2112 carnaluter
1179 2079 1397 2128 saperent,
1423 2085 1523 2115 eum

139 2140 184 2183 in
206 2148 318 2183 terra
340 2139 567 2192 collocare,
594 2139 667 2182 sed
689 2139 733 2188 in
754 2138 866 2182 coelo
886 2174 896 2192 ‚
925 2139 983 2183 sic
1002 2148 1149 2198 postea
1169 2140 1334 2183 meliori
1357 2140 1442 2184 fide
1454 2140 1523 2185 vel

140 2208 425 2267 intelligentia
448 2210 581 2267 magis
603 2225 704 2253 eum
725 2209 770 2252 in
793 2210 946 2253 animis
962 2212 1179 2268 justorum
1203 2225 1332 2269 quam
1352 2211 1395 2253 in
1419 2227 1522 2270 pee-

141 2289 335 2323 catorum
360 2280 596 2339 requirant.
628 2283 762 2323 Recte
785 2294 888 2338 ergo
910 2279 1169 2338 intelligitur
1184 2315 1194 2333 ‚
1215 2281 1335 2340 quod
1357 2281 1523 2325 dictum

142 2359 204 2394 est
231 2369 240 2395 :
264 2369 283 2392 «
311 2353 436 2394 Pater
458 2359 603 2393 noster
619 2350 750 2410 quies
767 2350 811 2394 in
827 2350 964 2405 eoelis,
989 2369 1008 2391 »
1030 2351 1074 2394 in
1093 2351 1295 2395 cordibus
1307 2353 1523 2411 justorum

142 2435 232 2464 esse
254 2420 418 2464 dietum
437 2429 643 2480 tanquam
666 2421 710 2464 in
740 2421 904 2480 templo
933 2431 1082 2465 sancto
1104 2437 1196 2467 suo.
1226 2422 1364 2466 Simul
1395 2424 1524 2468 etiam

143 2499 193 2534 ut
214 2491 286 2550 qui
311 2499 405 2534 orat
425 2491 501 2544 Tin
523 2505 567 2534 se
583 2506 760 2551 quoque
780 2491 874 2550 ipso
891 2490 994 2535 velit
1012 2492 1206 2536 habitare
1243 2508 1374 2552 quem
1396 2493 1523 2539 invo-

141 2570 211 2604 cat
236 2579 245 2605 ε
271 2569 314 2604 et
334 2576 433 2604 cum
456 2561 539 2604 hoc
566 2561 766 2613 affectat,
791 2569 936 2605 teneat
952 2561 1190 2621 justitiam3
1220 2578 1309 2622 quo
1341 2578 1521 2608 munere

141 2630 348 2674 invitatur
369 2630 423 2675 ad
444 2630 778 2674 inhabitandum
796 2631 990 2675 animum
1007 2634 1136 2676 Deus.
