1819 3301
353 232 407 269 30
775 242 810 267 S.
846 238 1077 267 AUGUSTINI
1109 240 1291 267 Emscom

348 307 433 351 fuit
456 310 607 350 Petrus
630 306 744 350 inter
765 320 931 359 servos,
957 305 1033 364 qui
1055 303 1183 348 simul
1200 319 1244 348 se
1263 303 1318 348 ad
1342 303 1489 362 ignem
1522 302 1741 348 calefacie-
1794 323 1799 331 ·

347 377 455 421 bant
483 396 491 421 :
517 392 606 420 non
628 385 692 420 est
710 384 856 420 autem
877 374 1086 418 credibile
1101 409 1112 429 ,
1138 373 1259 434 quod
1280 374 1341 417 ibi
1370 373 1631 417 audiebatur
1652 376 1743 418 Do-

348 448 490 491 minus
508 463 531 491 a
547 449 570 490 J
577 447 710 490 udaeis
728 481 739 501 ‚
760 455 810 489 ut
828 444 1063 504 corporalis
1100 445 1222 488 fieret
1252 443 1327 487 illa
1361 443 1589 503 respectio.
1609 446 1744 489 Nam-

347 534 434 578 que
456 533 557 562 cum
574 517 750 560 dixisset
770 516 1004 560 Matthaeus
1021 550 1032 570 ‚
1061 534 1082 557 «
1114 517 1236 558 Tunc
1259 522 1505 573 expuerunt
1516 514 1563 557 in
1585 512 1744 558 faciem

352 607 372 630 n
408 589 498 648 ejus
514 624 524 643 ,
550 597 592 632 et
605 587 800 646 colaphis
819 602 919 630 eum
941 585 1207 630 caeciderunt
1223 621 1234 640 ,
1254 585 1327 629 alii
1350 593 1496 629 autem
1513 584 1679 644 palmas
1697 585 1745 629 in

354 678 374 701 »
409 658 563 703 faciem
577 659 616 702 ei
638 657 869 713 dederunt,
885 657 1076 701 dicentes
1093 676 1102 702 ε
1124 656 1381 716 Prophetiza
1396 656 1538 711 nobis,
1553 656 1742 711 Christe,

355 748 374 771 »
409 730 505 789 quis
527 738 590 773 est
604 729 679 789 qui
703 738 746 772 te
768 728 1008 787 percussit?
1036 746 1055 768 »
1075 736 1251 771 secutus
1271 736 1335 771 est
1356 725 1504 771 dicens
1523 746 1532 772 :
1554 745 1575 770 «
1591 730 1746 771 Petrus

356 818 376 841 »
411 815 514 844 vero
526 800 705 843 sedebat
720 798 823 843 foris
840 799 884 842 in
905 798 1015 841 atrio
1038 817 1045 842 :
1072 816 1091 839 »
1112 797 1232 858 quod
1255 813 1345 841 non
1368 797 1553 853 diceret,
1579 797 1662 841 nisi
1672 795 1747 841 illa

353 887 453 916 cum
491 871 675 915 Domino
705 871 822 913 intus
851 878 1080 926 agerentur
1107 888 1116 912 ε
1149 878 1192 912 et
1213 877 1428 928 quantum
1451 867 1672 927 colligitur
1701 854 1748 912 ixi

354 943 600 986 narratione
626 941 776 995 Marci,
802 956 891 983 non
915 939 1056 983 solum
1078 939 1122 982 in
1147 939 1442 994 interioribus,
1460 938 1536 983 sed
1548 940 1677 982 etiam
1690 939 1747 983 ‚in

354 1012 650 1070 superioribus
686 1012 842 1054 domus
861 1010 1115 1068 agebantur.
1135 1012 1242 1053 Nam
1266 1018 1550 1069 posteaquam
1572 1012 1744 1053 Marcus

357 1083 457 1127 talia
492 1082 712 1135 narravit,
737 1090 909 1125 secutus
935 1081 992 1124 ait
1023 1099 1031 1124 :
1077 1083 1179 1124 «Et
1215 1096 1316 1124 cum
1355 1090 1466 1124 esset
1507 1083 1659 1124 Petrus
1703 1080 1750 1124 in

359 1172 378 1194 »
415 1153 524 1196 atrio
559 1152 778 1196 deorsum.
807 1169 827 1192 n
853 1151 972 1195 Sicut
1007 1165 1109 1209 ergo
1150 1165 1201 1194 eo
1235 1149 1355 1209 quod
1386 1150 1621 1194 Matthaeus
1653 1149 1747 1194 ait:

363 1244 382 1265 «
419 1228 571 1268 Petrus
594 1239 696 1267 vero
713 1221 892 1267 sedebat
913 1221 1020 1265 foris
1045 1222 1089 1264 in
1108 1222 1239 1275 atrio,
1266 1239 1286 1262 »
1323 1222 1513 1265 ostendit
1534 1220 1656 1281 quod
1677 1219 1751 1266 illa

357 1295 473 1338 intus
490 1303 722 1352 agerentur
742 1311 753 1337 ·.
778 1292 836 1335 sic
850 1307 901 1335 eo
923 1291 1043 1350 quod
1066 1291 1173 1334 dixit
1194 1294 1366 1335 Marcus
1384 1310 1392 1335 :
1417 1310 1436 1332 «
1454 1294 1627 1335 Etcum
1643 1298 1752 1335 esset

359 1383 378 1406 n
417 1369 568 1408 Petrus
586 1364 630 1406 in
647 1364 755 1407 atrio
771 1364 990 1416 deorsum,
1009 1361 1232 1405 »ostendit
1249 1377 1337 1405 non
1354 1361 1494 1405 solum
1512 1362 1558 1404 in
1571 1361 1752 1405 interio-

362 1435 482 1478 ribus
497 1470 507 1488 ‚
529 1433 604 1477 sed
637 1434 766 1476 etiam
795 1433 837 1475 in
861 1432 1154 1490 superioribus
1178 1441 1294 1490 gesta
1314 1447 1415 1491 quae
1433 1431 1613 1475 dixerat.
1631 1433 1754 1484 Quo-

358 1506 490 1549 modo
505 1520 605 1562 ergo
627 1504 808 1562 respexit
831 1507 1005 1546 Petrum
1031 1504 1240 1547 Dominus
1258 1502 1366 1547 facie
1379 1503 1753 1563 corporali?Qua-

358 1585 535 1635 propter
558 1575 663 1618 mihi
697 1573 871 1618 ,videtur
897 1572 969 1616 illa
987 1573 1196 1632 respectio
1225 1572 1430 1617 divinitus
1464 1571 1578 1617 facta
1595 1608 1606 1627 ‚
1641 1582 1692 1617 ut
1712 1573 1752 1617 ei

359 1646 524 1689 veniret
541 1646 585 1687 in
604 1653 793 1687 mentem
817 1643 986 1702 quoties
1002 1644 1091 1702 jam
1115 1652 1311 1701 negasset
1328 1677 1338 1697 ‚
1361 1643 1525 1702 etquid
1544 1643 1583 1686 ei
1598 1642 1751 1687 Domi-

358 1731 439 1759 nus
463 1713 749 1774 praedixisset,
786 1723 918 1772 atque
941 1714 1000 1757 ita
1032 1713 1365 1757 misericorditer
1398 1715 1584 1758 Domino
1613 1713 1759 1773 respi-

359 1786 500 1830 ciente
536 1785 768 1842 poeniteret
797 1799 898 1827 eum
918 1818 929 1837 ‚
968 1792 1011 1827 et
1043 1784 1273 1836 salubriter
1310 1783 1459 1828 fleret:
1487 1785 1598 1828 sicut
1633 1799 1749 1844 quo-

361 1855 463 1899 tidie
495 1855 681 1898 dicimus
708 1870 715 1894 :
745 1853 947 1905 Domine2
987 1854 1149 1911 respice
1180 1869 1249 1896 me
1282 1872 1290 1896 2
1316 1862 1357 1896 et
1376 1888 1386 1907 ,
1417 1854 1622 1912 Respexit
1649 1869 1750 1898 eum

360 1926 591 1978 Dominus‚
618 1924 693 1983 qui
716 1922 770 1966 de
793 1923 940 1982 aliquo
958 1921 1152 1981 periculo
1165 1923 1234 1966 vel
1254 1922 1403 1966 labore
1417 1923 1562 1968 diviua
1580 1924 1750 1968 miseri-

360 1995 731 2040 cordialiberatus
753 2002 815 2036 est
843 2002 913 2036 :ct
941 1993 1051 2036 sicut
1080 1992 1245 2036 dictum
1285 2002 1348 2037 est
1375 2012 1382 2037 :
1427 2012 1446 2035 «
1476 1994 1681 2054 Respice,
1707 2003 1751 2039 et

363 2085 382 2107 >›
419 2064 575 2109 exaudi
599 2066 696 2107 mel
722 2083 732 2118 3
757 2073 799 2106 et
825 2083 843 2103 ι(
869 2065 1131 2106 Convertere
1151 2098 1162 2117 ‚
1185 2064 1367 2106 Domine
1385 2098 1395 2118 ‚
1428 2073 1471 2107 et
1493 2064 1629 2108 libera
1656 2065 1751 2109 ani-

364 2154 384 2177 »
420 2150 535 2178 mam
559 2134 727 2176 meam²
751 2152 759 2176 :
784 2151 803 2172 »
830 2134 886 2175 ita
910 2131 1074 2176 dictum
1101 2133 1288 2176 arbitror
1304 2168 1314 2187 ,
1350 2152 1370 2174 κ
1392 2135 1636 2178 Conversus
1661 2138 1749 2179 Do-

364 2225 384 2248 »
420 2207 562 2249 minus
586 2203 770 2262 respexit
796 2206 970 2246 Petrum
989 2237 999 2257 ,
1025 2212 1067 2246 et
1095 2203 1343 2246 reeordatus
1366 2213 1430 2247 est
1455 2207 1607 2248 Petrus
1626 2205 1750 2249 verbi

364 2296 383 2318 »
420 2276 608 2320 Domini.
638 2293 658 2315 »
684 2273 879 2331 Denique
913 2287 1012 2316 curn
1036 2272 1306 2331 frequentius
1339 2268 1506 2317 soleant
1533 2274 1578 2317 in
1602 2290 1749 2319 narra-

361 2346 554 2390 tionibus
576 2345 662 2388 suis
679 2358 836 2400 ponere
855 2345 1001 2385 Jesum
1027 2358 1155 2401 quam
1182 2343 1413 2386 Dominum
1430 2379 1440 2398 ,
1465 2343 1596 2388 modo
1612 2330 1749 2390 Lucas

360 2418 595 2461 Dominum
619 2413 766 2474 posuit
787 2413 935 2457 dicens
963 2431 972 2456 z
1003 2432 1021 2453 «
1046 2415 1290 2457 Conversus
1322 2415 1532 2459 Dominus
1565 2417 1748 2475 respexit

363 2504 384 2528 n
423 2490 595 2530 Petrum
614 2521 623 2540 ‚
645 2495 689 2530 et
712 2483 959 2527 reeordatus
977 2493 1039 2527 cst
1059 2486 1210 2527 Petrus
1233 2484 1352 2527 verbi
1372 2485 1545 2529 Domini
1566 2505 1573 2530 :
1596 2504 1616 2528 »
1633 2489 1748 2533 Mat-

408 2577 414 2592 ¹
438 2570 515 2602 psal.
538 2580 591 2609 xii,
611 2569 640 2610 l,
661 2586 702 2592 —
724 2568 859 2608 ²1d.v1‚
880 2567 910 2598 5.
