1819 3301
325 252 410 290 276
756 259 789 288 s.
826 259 1058 288 Accusnm
1091 260 1272 287 Emscom

322 327 390 372 lus
417 346 426 372 ε
455 345 476 368 (ι
500 327 637 371 Nemo
649 334 793 385 potest
822 324 981 379 dicere,
1003 323 1238 368 Dominum
1257 324 1421 379 Jesum,
1447 323 1527 368 nisi
1542 324 1588 367 in
1612 323 1710 383 Spi-

327 416 348 441 »
385 398 473 442 ritu
489 406 637 441 sancto
656 399 687 440 1.
716 414 735 437 »

383 469 624 512 LXXXIV.
657 469 802 526 Atque
837 464 947 509 illud
978 464 1032 509 ad
1068 480 1160 508 rem
1191 465 1376 510 maxime
1409 464 1620 522 pertinet,
1658 479 1714 508 ne

323 539 591 598 decipiamur
614 535 841 580 tendentes
875 536 931 580 ad
953 534 1365 595 contemplationem
1386 536 1598 590 veritatis,
1623 549 1715 579 non

320 610 463 655 solum
485 607 662 653 nomine
680 607 868 663 Christi,
893 623 971 667 per
993 623 1065 651 eos
1083 607 1159 667 qui
1181 622 1342 652 nomen
1359 608 1525 652 habent
1546 616 1589 651 et
1601 605 1715 651 facta

321 697 412 726 non
436 672 600 724 habent
615 714 626 735 ‚
647 679 723 723 sed
740 678 871 722 etiam
893 677 1157 739 quibusdam
1176 677 1298 722 factis
1311 687 1443 739 atque
1462 677 1680 722 miraculis
1702 695 1711 722 ε

320 751 465 813 qualia
499 760 678 811 propter
711 750 910 794 infideles
952 765 1051 794 cum
1080 749 1232 794 fecerit
1265 751 1476 795 Dominus
1496 785 1506 805 ‚
1543 750 1715 794 monuit

320 832 468 868 tamen
497 838 553 866 ne
575 821 736 866 talibus
759 820 1028 881 decipiamur
1048 856 1058 877 ,
1081 821 1339 865 arbitrantes
1361 821 1423 865 ibi
1455 836 1544 865 esse
1570 821 1714 866 invisi-

318 894 451 939 bilem
471 893 727 954 sapientiam
747 929 758 949 ,
784 893 862 936 ubi
884 892 1146 938 miraculum
1164 892 1334 937 visibile
1346 893 1596 938 viderimus.
1619 891 1712 937 Ad-

313 966 461 1026 jungit
493 980 624 1024 ergo,
662 973 705 1008 et
735 963 841 1008 dicit
868 983 877 1008 :
907 983 927 1006 «
952 963 1083 1008 Multi
1121 964 1228 1007 mihi
1267 963 1416 1008 dicent
1444 965 1489 1008 in
1511 963 1584 1007 illa
1607 961 1677 1007 die
1697 999 1708 1020 ‚

321 1054 341 1078 »
379 1035 562 1080 Domine
580 1071 590 1091 ‚
629 1035 839 1090 Domine,
865 1050 1012 1079 nonne
1044 1035 1089 1078 in
1111 1035 1288 1084 nomine
1315 1044 1393 1079 tuo
1428 1035 1710 1095 prophetavi-

321 1125 342 1148 »
379 1123 496 1163 mus,
522 1115 565 1150 et
586 1107 632 1149 in
652 1106 830 1150 nomine
845 1115 922 1150 tuo
935 1105 1151 1150 daemonia
1166 1106 1386 1165 ejecimus,
1406 1116 1449 1150 et
1471 1107 1514 1150 in
1537 1106 1715 1150 nomine

325 1195 346 1218 »
381 1185 459 1221 tuo
490 1177 673 1221 virtutes
695 1175 854 1220 multas
871 1174 1084 1220 fecimus?
1113 1179 1168 1220 Et
1182 1185 1287 1220 tunc
1305 1176 1446 1220 dicam
1466 1176 1548 1220 illis
1564 1212 1574 1230 ‚
1592 1179 1717 1221 Nun-

326 1265 346 1288 »
382 1262 514 1307 quam
529 1262 604 1291 vos
619 1246 804 1306 cognovi
826 1265 835 1290 ε
856 1246 1044 1290 recedite
1060 1264 1083 1290 a
1101 1262 1187 1302 me,
1212 1247 1289 1307 qui
1306 1247 1545 1306 operamini
1559 1248 1717 1307 iniqui-

323 1335 344 1359 »
380 1326 514 1361 tatem
533 1320 565 1360 2.
596 1336 615 1357 »
642 1320 740 1362 Non
771 1332 872 1374 ergo
902 1327 1134 1375 cognoscet
1149 1317 1231 1360 nisi
1267 1333 1365 1360 eum
1400 1319 1476 1377 qui
1512 1327 1718 1376 operatur

320 1387 588 1447 aequitatem.
616 1389 726 1430 Nam
751 1396 794 1429 et
821 1387 932 1446 ipsos
958 1386 1199 1446 Discipulos
1231 1403 1330 1436 suos
1353 1388 1581 1447 prohibuit
1610 1405 1717 1447 gau-

323 1456 425 1501 dere
448 1456 503 1500 de
523 1455 705 1511 talibus,
731 1455 777 1499 id
797 1465 859 1499 est
876 1491 886 1511 ‚
912 1457 1030 1515 quod
1051 1457 1267 1502 daemonia
1289 1458 1372 1502 illis
1394 1460 1587 1520 subjecta
1618 1461 1717 1504 fue-

322 1530 410 1573 rint
438 1548 446 1573 :
473 1547 492 1570 «
517 1527 601 1573 Sed
625 1526 837 1586 gaudete,
865 1527 1029 1587 inquit,
1055 1529 1157 1587 quia
1186 1530 1362 1573 nomina
1391 1540 1530 1574 vestra
1558 1531 1718 1590 scripta

325 1619 346 1642 >›
383 1609 485 1644 sunt
503 1601 548 1643 in
571 1599 692 1644 coelis
711 1600 744 1653 ³,
767 1617 787 1640 »
814 1598 960 1653 credo,
987 1599 1033 1641 in
1050 1598 1123 1642 illa
1146 1599 1320 1643 civitate
1342 1601 1581 1644 Jerusalem
1617 1618 1717 1662 quae

324 1680 388 1716 est
408 1671 453 1714 in
476 1670 622 1723 coelis,
647 1669 694 1712 in
728 1684 815 1728 qua
853 1669 1026 1712 nonnisi
1056 1669 1162 1728 justi
1199 1670 1423 1731 sanctique
1451 1672 1714 1730 regnabunt.

327 1762 348 1785 ‹<
382 1744 452 1786 An
474 1740 645 1784 nescitis
661 1775 671 1795 ‚
693 1739 752 1783 ait
764 1738 1023 1799 Apostolus,
1046 1741 1253 1799 quoniam
1275 1742 1414 1802 iniqui
1436 1757 1619 1801 regnum
1641 1743 1718 1787 Dei

327 1831 349 1855 »
384 1827 474 1856 non
496 1811 783 1871 possidebunt
798 1812 839 1852 4?
857 1829 877 1851 »

385 1884 605 1927 LXXXV.
621 1881 706 1926 Sed
718 1880 897 1926 fortasse
911 1881 1006 1941 quis
1020 1881 1136 1926 dicat
1151 1897 1239 1926 non
1253 1898 1375 1942 posse
1388 1882 1561 1944 iniquos
1577 1885 1717 1929 visibi-

325 1956 383 2000 lia
411 1955 485 1999 illa
502 1954 709 1999 miracula
730 1953 888 2008 facere,
907 1963 949 1997 ct
978 1954 1151 1996 mentiri
1169 1955 1311 2012 potius
1331 1954 1427 1998 illos
1454 1955 1622 2010 credat,
1642 1955 1719 2016 qui

328 2026 606 2070 dicturiaesunt
625 2044 633 2068 :
658 2044 678 2067 «
698 2027 750 2068 In
764 2023 941 2067 nomine
956 2032 1033 2066 tuo
1049 2024 1419 2082 prophetavimus,
1439 2034 1481 2068 et
1503 2025 1719 2069 daemonia

330 2115 351 2139 >›
375 2097 595 2157 ejecimus,
616 2105 658 2140 et
670 2096 850 2140 virtutes
863 2093 1021 2138 multas
1038 2093 1234 2139 fecimus.
1251 2113 1270 2136 η
1290 2098 1421 2153 Legat
1439 2112 1542 2155 ergo
1556 2106 1720 2156 quanta

328 2166 511 2212 fecerint
526 2167 768 2210 resistentes
782 2163 946 2208 famulo
961 2164 1036 2207 Dei
1048 2165 1187 2221 Moysi
1202 2166 1313 2223 magi
1327 2167 1633 2225 AEgyptiorum
1650 2169 1663 2192 ⁵
1678 2186 1715 2212 2»

333 2247 408 2282 aut
421 2238 454 2282 si
471 2239 555 2282 hoc
568 2252 657 2281 non
669 2235 765 2280 vult
781 2234 938 2293 legere,
956 2234 1057 2293 quia
1073 2250 1160 2279 non
1178 2236 1223 2279 in
1242 2236 1418 2279 nomine
1434 2236 1593 2281 Christi
1613 2235 1722 2281 fece-

332 2317 435 2352 runt
452 2343 462 2363 ‚
488 2307 604 2366 legat
625 2322 725 2367 quae
744 2306 834 2364 ipse
857 2304 1068 2349 Dominus
1091 2305 1196 2349 dicit
1214 2306 1268 2349 de
1298 2306 1688 2367 pseudoprophetis
1706 2342 1717 2363 ‚

332 2379 392 2422 ita
416 2378 600 2437 loquens
631 2397 640 2421 ι
671 2396 691 2418 «
728 2379 850 2419 Tunc
872 2375 905 2418 si
939 2375 1034 2434 quis
1063 2375 1187 2419 vobis
1211 2376 1392 2431 dixerit,
1419 2380 1531 2421 Ecce
1556 2378 1623 2421 hic
1657 2387 1722 2422 est

337 2466 357 2488 »
392 2449 610 2502 Christus,
637 2455 712 2491 aut
734 2444 844 2500 illie,
871 2444 1006 2488 nolite
1028 2446 1218 2489 credere.
1249 2448 1437 2505 Surgent
1451 2448 1567 2491 enim
1589 2463 1720 2506 pseu—

386 2548 394 2564 ¹
416 2543 566 2582 Corax-11,
586 2542 617 2573 3.
635 2559 675 2563 -—
703 2548 714 2564 ²
730 2539 844 2574 Mattb.
865 2549 924 2581 vn,
945 2548 1001 2581 22,
1018 2539 1121 2572 23.-
1146 2538 1158 2563 3
1180 2543 1258 2575 Luc.
1285 2551 1316 2583 x,
1337 2550 1435 2573 20.-——
1455 2539 1470 2571 4
1493 2551 1505 2573 1
1527 2543 1598 2574 Cor.
1620 2552 1663 2582 vr,
1684 2551 1718 2582 9.

340 2614 380 2619 ——
398 2595 412 2620 ⁵
433 2597 530 2628 Exod.
550 2602 735 2639 vn,etv1÷1,
