1819 3301
362 266 445 304 382
792 275 824 303 s.
861 275 1091 303 Aucus'nm
1125 276 1307 303 13121500121

358 350 441 385 stat
462 341 564 401 quia
583 355 672 385 non
702 340 834 384 habet
856 340 984 384 simul
1013 340 1181 396 omnia3
1207 338 1304 383 ideo
1322 337 1454 383 modo
1483 339 1586 393 hoc,
1610 338 1744 382 modo

358 411 467 456 illud
489 411 704 456 volumus.
734 414 845 454 Item
872 411 930 454 sic
954 409 1134 454 fuerunt
1152 410 1198 453 in
1219 409 1296 454 illo
1313 409 1458 453 Verbo
1480 408 1625 453 omnia
1647 424 1746 468 quae

359 481 472 526 facta
490 491 611 536 sunt,
638 491 681 525 et
696 482 785 540 ipsa
807 482 1023 540 susceptio
1045 481 1233 525 hominis
1255 481 1315 524 sie
1339 481 1393 525 ab
1406 496 1457 524 eo
1479 479 1750 539 praecognita

360 562 444 607 est,
471 551 695 612 quomodo
709 553 742 596 si
758 552 898 611 pictor
916 551 1212 612 velitpingere
1225 561 1361 596 totam
1384 551 1566 595 domum
1582 586 1592 605 ‚
1615 560 1658 594 et
1671 565 1749 594 eo-

361 624 465 680 gitet
479 623 547 666 vel
564 623 731 667 noverit
744 622 890 668 locum
910 624 986 667 ubi
1004 624 1134 667 etiam
1148 639 1192 667 se
1207 623 1385 682 pingere
1407 623 1566 666 debeat
1583 641 1591 666 :
1607 629 1749 666 totum

359 695 403 737 in
428 702 518 737 arte
534 693 683 748 habet,
708 702 752 738 et
771 694 817 738 in
829 695 1162 753 praeparatione,
1189 702 1232 737 et
1254 694 1299 737 in
1317 693 1542 737 voluntate
1558 728 1568 748 ,
1591 707 1750 752 quam-

360 763 422 807 vis
443 763 570 807 certis
599 773 641 808 et
662 765 749 808 suis
771 779 960 824 quaeque
988 764 1260 824 temporibus
1282 763 1483 824 explicet.
1518 763 1586 807 Sic
1613 761 1753 807 omnis

362 843 559 878 ereatura
582 843 625 879 et
653 835 744 894 ipse
772 836 903 879 homo
932 836 1008 895 qui
1043 834 1240 896 ejusdem
1272 835 1494 894 sapientiae
1525 847 1755 893 personam

364 906 543 962 mystice
574 915 618 949 et
648 905 929 950 inenarrabili
961 906 1235 966 susceptione
1274 914 1518 965 gestaturus
1555 912 1673 958 erat,
1711 903 1754 946 in

362 976 453 1034 ipsa
475 976 684 1035 sapientia
707 985 919 1036 tanquam
943 978 1018 1021 Dei
1045 986 1136 1021 arte
1158 977 1417 1035 sempiterna
1447 990 1616 1034 semper
1639 982 1753 1029 erat,

363 1047 562 1106 quamvis
592 1048 678 1091 suis
700 1064 889 1108 quaeque
916 1047 1187 1107 temporibus
1207 1048 1392 1102 efficiat,
1418 1061 1517 1106 quae
1538 1044 1758 1105 pertendit

364 1134 387 1161 a
408 1118 494 1161 fine
514 1114 651 1179 usque
673 1119 728 1162 ad
749 1119 882 1163 finem
905 1118 1096 1174 fortiter,
1118 1128 1160 1163 et
1177 1118 1367 1178 disponit
1382 1117 1526 1162 omnia
1549 1115 1754 1170 suaviter,

366 1197 498 1248 atque
520 1190 566 1233 in
587 1206 631 1234 se
644 1206 823 1236 manens
844 1190 1025 1235 innovat
1042 1190 1185 1234 onmia
1200 1193 1228 1233 ¹.

424 1262 476 1304 V.
506 1264 615 1305 Item
638 1261 861 1322 quomodo
885 1263 980 1322 quis
1002 1262 1107 1305 velit
1130 1260 1239 1305 velle
1255 1260 1380 1314 mori,
1400 1259 1507 1304 sisic
1525 1258 1635 1302 velle
1650 1257 1760 1302 mori

365 1342 644 1389 pervenerat,
677 1333 753 1392 qui
770 1333 858 1392 jam
883 1333 1016 1376 habet
1038 1348 1185 1376 sanam
1206 1331 1338 1375 fidem
1361 1341 1404 1374 et
1425 1330 1545 1375 videt
1568 1345 1657 1389 quo
1677 1328 1759 1373 sibi

365 1403 712 1460 perveniendum
737 1405 811 1458 sit,
838 1403 892 1447 ad
916 1405 998 1448 hoe
1014 1405 1103 1463 jam
1128 1403 1319 1463 proficit,
1340 1410 1388 1446 ut
1405 1402 1591 1445 libenter
1608 1402 1663 1444 de
1679 1401 1760 1444 hae

366 1472 454 1516 vita
477 1473 685 1517 discedat.
712 1477 808 1519 Non
833 1475 949 1517 enim
971 1475 1055 1518 hoe
1070 1483 1133 1517 est
1148 1473 1293 1517 videre
1311 1489 1399 1532 quo
1411 1472 1493 1516 sibi
1510 1471 1762 1531 pervenien-

367 1541 471 1585 dum
495 1544 573 1597 sit,
600 1543 719 1604 quod
741 1554 803 1588 est
824 1546 953 1588 etiam
973 1560 1116 1589 amare
1139 1543 1249 1588 illud
1266 1580 1276 1599 ,
1303 1553 1345 1588 et
1373 1544 1433 1586 ibi
1452 1544 1541 1603 jam
1565 1558 1654 1587 esse
1683 1541 1762 1585 de-
1818 1575 1819 1585 2

367 1612 555 1657 siderare
574 1633 582 1658 :
601 1615 723 1674 quod
740 1616 784 1659 in
797 1617 919 1675 cujus
941 1617 1087 1660 animo
1110 1616 1315 1659 effectum
1341 1614 1491 1669 fuerit,
1510 1629 1682 1658 neeesse
1699 1622 1763 1657 est

369 1693 416 1726 ut
438 1682 628 1728 libenter
650 1686 874 1729 moriatur.
904 1690 1080 1729 Frustra
1103 1687 1251 1744 itaque
1273 1685 1426 1729 dicunt
1446 1684 1624 1745 quidam
1643 1720 1653 1739 ⁷
1686 1684 1763 1744 qui

363 1755 453 1813 jam
476 1769 623 1798 sanam
648 1754 781 1799 fidem
803 1765 978 1811 tenent,
1004 1756 1102 1800 ideo
1120 1772 1164 1799 se
1183 1755 1426 1799 nolle‘mori
1445 1765 1494 1799 ut
1513 1755 1759 1814 proficiant,

367 1840 469 1868 eum
491 1825 580 1883 ipse
605 1825 825 1885 profectus
849 1842 998 1870 eorum
1019 1827 1065 1869 in
1087 1843 1139 1870 eo
1163 1825 1362 1885 profectu
1387 1827 1455 1880 sit,
1481 1835 1531 1870 ut
1553 1826 1661 1870 mori
1683 1840 1762 1869 ve-

368 1893 465 1936 lint.
500 1895 543 1938 Si
566 1910 666 1953 ergo
688 1912 839 1940 verum
862 1896 983 1956 loqui
1001 1895 1179 1951 volunt,
1202 1912 1288 1940 non
1314 1896 1460 1940 dicant
1483 1915 1491 1940 ς
1523 1896 1628 1939 Ideo
1652 1895 1763 1939 mori

370 1963 494 2019 nolo⁷
520 1975 569 2008 ut
591 1967 829 2024 proficiam,
851 1968 924 2010 sed
944 1987 951 2011 :
972 1967 1076 2011 Ideo
1098 1968 1206 2011 mori
1230 1966 1347 2021 nolo,
1371 1968 1472 2027 quia
1492 1982 1645 2027 parum
1668 1972 1764 2026 pro-

370 2034 468 2078 feci.
491 2039 645 2096 Itaque
667 2038 776 2081 mori
801 2038 916 2081 nolle
933 2037 1137 2081 fidelibus
1158 2055 1245 2082 non
1265 2038 1493 2082 consilium
1516 2047 1578 2080 est
1597 2047 1645 2079 ut
1663 2051 1764 2095 pro-

371 2106 540 2160 ficiant,
577 2107 652 2150 sed
684 2107 894 2151 indicium
928 2096 1230 2169 quod-parum
1260 2107 1537 2166 profiecerint.
1574 2105 1763 2150 Proinde

371 2176 492 2235 quod
513 2177 692 2233 nolunt,
719 2188 768 2222 ut
789 2177 969 2238 perfecti
991 2179 1101 2235 sint3
1128 2177 1282 2232 velint,
1309 2186 1352 2221 et
1374 2176 1553 2236 perfecti
1582 2185 1698 2221 sunt.

419 2279 426 2295 ¹
448 2274 521 2316 Sap.
540 2286 610 2316 vni,
630 2286 659 2317 t,
684 2279 717 2307 et
735 2286 791 2316 vn,
811 2284 864 2316 27.
