1819 3301
351 212 436 252 402
788 223 822 253 s.
858 223 1089 253 Auousnm
1121 224 1303 253 El’lscom

342 289 464 348 quod
501 297 742 348 utcumque
778 297 925 331 mente
954 286 1178 344 attigerit,
1211 286 1347 346 possit
1376 284 1635 345 pervenire?
1669 287 1738 332 Sic
1807 285 1811 287 ”

344 367 409 403 est
430 358 546 403 enim
581 368 791 418 tanquam
813 356 957 401 videat
984 356 1169 416 quisquc
1200 355 1255 400 de
1285 355 1415 415 longe
1449 357 1660 415 patriam,
1695 365 1739 402 et

341 443 461 472 mare
482 428 734 487 interjaceat
757 445 765 471 z
790 426 911 471 videt
932 440 1021 485 quo
1047 434 1139 480 eat,
1166 424 1241 470 sed
1265 441 1356 470 non
1385 425 1519 470 habet
1547 441 1635 485 qua
1650 434 1735 470 eat.

346 499 413 542 Sic
435 498 491 541 ad
521 497 640 541 illam
662 495 944 541 stabilitatem
974 504 1168 541 nostram
1200 495 1279 539 ubi
1301 494 1423 554 quod
1444 505 1508 539 est
1530 504 1615 550 est,
1635 495 1739 555 quia

344 569 429 612 hoc
451 569 594 612 solum
613 582 781 626 semper
804 567 863 611 sic
885 575 948 610 est
967 601 978 621 ‚
998 575 1048 610 ut
1063 575 1128 610 est
1145 601 1156 621 ,
1172 566 1376 612 volumus
1393 566 1618 625 pervenire
1641 586 1649 609 :
1667 566 1738 609 in-

348 641 526 698 terjacet
554 653 675 682 mare
705 638 834 696 hujus
857 636 1005 681 saeculi
1036 652 1123 696 qua
1145 636 1287 691 imus,
1317 636 1397 681 etsi
1420 637 1512 695 jam
1543 635 1740 680 videmus

345 723 433 766 quo
458 707 570 750 imus
597 726 606 751 ι
630 722 731 750 nam
754 706 881 749 multi
899 721 978 750 nec
999 721 1089 765 quo
1115 716 1220 750 eant
1241 705 1408 751 vident.
1432 708 1488 749 Ut
1505 721 1608 764 ergo
1630 714 1740 750 esset

342 787 385 821 et
421 793 507 836 qua
529 777 712 831 iremus,
741 777 862 821 venit
890 777 994 821 inde
1033 776 1089 820 ad
1124 791 1257 835 quem
1290 777 1351 820 ire
1383 776 1655 821 volebamus.
1682 779 1739 819 Et

344 847 451 907 quid
473 848 606 891 fecit?
630 847 825 892 Instituit
845 846 1033 905 lignum,
1059 861 1148 906 quo
1169 862 1287 891 mare
1302 856 1585 891 transeamus.
1600 850 1739 892 Nemo

343 917 459 960 enim
483 926 626 976 potest
649 917 830 961 transire
851 932 969 960 mare
992 917 1125 976 hujus
1154 915 1302 960 saeculi
1324 916 1406 960 nisi
1428 932 1557 961 cruce
1578 916 1739 961 Christi

345 996 556 1045 portatus.
580 989 702 1031 Hanc
720 1002 895 1031 crucem
918 985 1154 1046 aliquando
1176 986 1455 1045 amplectitur
1472 996 1515 1030 et
1542 986 1739 1030 infirmus

342 1057 494 1102 oculis.
520 1060 578 1101 Et
604 1058 681 1117 qui
710 1073 800 1102 non
822 1057 940 1101 videt
959 1058 1088 1116 longe
1105 1073 1195 1118 quo
1222 1066 1290 1101 eat
1304 1092 1315 1111 ,
1339 1072 1428 1102 non
1447 1057 1502 1100 ab
1519 1056 1594 1100 illa
1616 1071 1739 1101 rece-

344 1126 419 1172 dat
436 1163 447 1182 ,
469 1137 513 1171 et
529 1128 620 1186 ipsa
640 1127 766 1171 illum
786 1127 1011 1187 perducet.

418 1200 498 1241 ΙΙΙ.
529 1201 711 1256 ltaque,
753 1198 909 1241 fratres
946 1198 1053 1251 mei,
1089 1198 1173 1241 hoc
1195 1196 1504 1240 insinuaverim
1534 1196 1739 1240 cordibus

341 1268 493 1312 vestris
517 1287 525 1311 2
545 1268 578 1310 si
605 1267 737 1312 vultis
760 1268 830 1326 pie
861 1276 904 1311 et
925 1267 1159 1311 christiane
1181 1267 1326 1311 vivere
1344 1301 1355 1321 ‚
1382 1267 1543 1310 haerete
1566 1266 1740 1312 Christo

347 1338 590 1381 secundum
612 1338 655 1380 id
678 1338 798 1397 quod
817 1354 896 1397 pro
918 1339 1043 1382 nobis
1062 1338 1200 1382 factus
1223 1347 1286 1381 est
1303 1372 1313 1392 ‚
1340 1347 1389 1381 ut
1411 1338 1669 1396 perveniatis
1686 1335 1741 1381 ad

347 1422 448 1451 eum
469 1408 711 1450 secundum
739 1407 785 1450 id
817 1407 938 1465 quod
966 1417 1052 1460 est,
1089 1417 1132 1452 et
1155 1406 1400 1450 secundum
1422 1407 1466 1451 id
1489 1406 1609 1467 quod
1630 1416 1737 1450 erat.

348 1478 558 1533 Accessit,
583 1488 632 1522 ut
652 1493 731 1537 pro
750 1478 876 1522 nobis
898 1479 982 1521 hoc
1004 1478 1155 1535 fieret3
1179 1479 1282 1537 quia
1306 1479 1388 1522 hoc
1411 1494 1489 1536 pro
1507 1479 1632 1522 nobis
1649 1478 1742 1521 fac-

351 1557 417 1591 tus
433 1557 523 1602 est,
549 1548 627 1591 ubi
656 1557 886 1606 portentur
904 1548 1066 1590 infirmi
1084 1582 1094 1601 ‚
1122 1557 1165 1590 et
1185 1562 1303 1592 mare
1325 1547 1474 1592 saeculi
1491 1557 1739 1605 transeant-3

348 1627 392 1661 et
412 1617 668 1676 perveniant
691 1617 746 1660 ad
784 1617 969 1676 patriam
989 1638 1000 1673 3
1023 1617 1100 1661 ubi
1117 1618 1207 1676 jam
1234 1618 1335 1662 navi
1364 1633 1455 1662 non
1488 1633 1597 1677 opus
1630 1619 1710 1662 erit
1727 1652 1738 1673 ‚

348 1689 451 1748 quia
474 1687 644 1732 nullum
669 1703 786 1732 mare
816 1688 1038 1732 transitur.
1064 1687 1222 1732 Melius
1243 1696 1306 1731 est
1342 1703 1445 1746 ergo
1477 1703 1568 1732 non
1594 1688 1742 1732 videre

351 1767 495 1801 mente
512 1756 558 1800 id
579 1758 700 1816 quod
722 1767 801 1811 est,
817 1766 860 1801 et
878 1767 1025 1801 tamen
1048 1773 1068 1800 a
1083 1758 1244 1804 Christi
1266 1773 1394 1802 cruce
1413 1773 1500 1802 non
1520 1758 1738 1813 recedere,

350 1843 480 1887 quam
502 1827 649 1871 videre
676 1827 787 1870 illud
810 1837 956 1871 mente
972 1863 982 1882 ,
1004 1837 1047 1870 et
1066 1843 1242 1872 crucem
1260 1828 1420 1872 Christi
1442 1837 1737 1872 contemnere.

352 1900 524 1941 Bonum
545 1906 609 1940 est
630 1912 761 1955 super
779 1899 862 1941 hoc
895 1906 936 1941 et
960 1898 1173 1956 optimum
1193 1932 1204 1952 ,
1234 1898 1268 1941 si
1306 1898 1400 1942 fieri
1428 1907 1570 1957 potest
1586 1932 1598 1952 ‚
1628 1906 1678 1941 ut
1699 1905 1744 1942 et

353 1966 551 2009 videatur
573 1982 661 2024 quo
693 1967 887 2009 eundum
912 1968 986 2019 sit,
1017 1976 1061 2010 et
1087 1976 1287 2010 teneatur
1320 1983 1408 2026 quo
1432 1976 1629 2025 portetur
1666 1966 1743 2026 qui

354 2037 507 2095 pergit.
532 2039 624 2080 Hoc
642 2045 880 2095 potuerunt
898 2046 1064 2080 mentes
1081 2052 1249 2094 magnae
1274 2038 1507 2091 montium,
1524 2038 1599 2096 qui
1616 2052 1743 2081 mon-

358 2117 419 2150 tes
443 2106 547 2149 dicti
569 2116 699 2160 sunt,
724 2122 833 2165 quos
857 2107 1042 2149 maxime
1076 2105 1263 2150 illustrat
1285 2106 1434 2150 lumen
1460 2107 1639 2167 justitiae
1661 2122 1742 2166 po-

356 2185 558 2231 tuerunt,
587 2185 631 2220 et
651 2175 855 2219 viderunt
876 2174 987 2218 illud
1008 2176 1128 2234 quod
1151 2186 1229 2220 est.
1251 2179 1359 2221 Nam
1381 2176 1532 2220 videns
1554 2179 1743 2221 ,loannes

358 2246 559 2291 dicebat:
601 2265 621 2288 «
657 2249 709 2289 In
742 2246 956 2304 principio
995 2254 1087 2288 erat
1113 2245 1308 2289 Verbum
1329 2281 1339 2299 ‚
1365 2255 1409 2289 et
1428 2247 1623 2290 Verbum
1651 2255 1744 2291 erat
1818 2296 1819 2303 ἵ

363 2336 382 2358 »
419 2316 537 2376 apud
554 2320 714 2371 Deum,
740 2325 782 2360 et
799 2319 912 2360 Deus
933 2324 1023 2359 erat
1048 2316 1258 2358 Verbum.
1283 2334 1302 2356 »
1329 2316 1545 2360 Viderunt
1566 2317 1674 2370 hoc,
1700 2325 1744 2360 θῖ
1818 2319 1819 2370 ζ

360 2397 408 2431 ut
446 2387 720 2446 pervenirent
756 2387 811 2429 ad
843 2385 888 2430 id
919 2385 1039 2446 quod
1076 2385 1280 2430 videbant
1303 2387 1357 2430 de
1378 2386 1533 2444 longe,
1560 2403 1584 2430 a
1616 2401 1744 2430 cruce
1818 2407 1819 2438 3

360 2457 519 2502 Christi
542 2473 631 2501 non
652 2465 946 2511 recesserunt,
971 2465 1014 2500 et
1034 2455 1327 2499 humilitatem
1346 2456 1505 2500 Christi
1528 2472 1617 2500 non
1634 2471 1744 2500 con·
1818 2444 1819 2463 ³

362 2536 646 2587 tempserunt.
669 2527 843 2572 Parvuli
863 2543 966 2572 vero
983 2527 1060 2587 qui
1082 2527 1166 2571 hoc
1180 2542 1269 2571 non
1287 2536 1469 2586 possunt
1483 2526 1740 2586 intelligere,
