1819 3301
333 324 386 351 ΒΕ
417 324 626 350 coNsEasu
661 324 1073 359 EVANGELlsTARUM,
1111 325 1191 350 Lm.
1229 325 1294 351 ιιι.
1441 315 1494 352 53

116 387 275 444 minata
300 398 414 445 gesta
432 396 533 430 sunt
554 402 652 446 quae
671 387 724 430 ab
746 402 797 431 eo
819 396 1027 446 tempore,
1053 403 1142 447 quo
1166 387 1328 432 Pilatus
1351 391 1496 434 Domi-

115 472 222 500 num
246 456 450 510 tradidit,
478 472 616 515 usque
648 457 700 499 ad
724 457 921 500 tenebras
941 456 1074 501 factas
1097 466 1343 502 narrantur.
1366 460 1496 512 Quod

115 536 260 570 autem
285 527 516 571 Matthaeus
534 542 661 585 supra
680 536 1036 582 commemorat,«
1051 527 1235 572 Sedente
1253 538 1397 573 autem
1422 529 1498 574 illo

118 614 138 638 »
172 612 252 656 pro
275 596 480 640 tribunali
498 596 612 640 misit
636 595 692 639 ad
714 595 836 639 illum
858 613 966 641 uxor
983 598 1073 657 ejus
1092 598 1263 643 dicens:
1279 599 1396 644 Nihil
1417 600 1495 644 tibi

117 685 138 708 »
173 675 216 710 et
243 668 360 726 justo
398 666 459 710 illi
477 700 487 719 ,
515 665 651 710 multa
689 665 805 708 enim
827 682 948 725 passa
970 683 1065 710 sum
1086 667 1217 712 hodie
1253 684 1330 729 per
1357 670 1496 714 visum

116 755 137 778 »
172 745 349 796 propter
370 740 492 779 eum¹
513 755 521 780 ε
553 754 571 776 »
601 739 749 779 Postea
776 735 944 779 sederat
966 752 1044 795 pro
1066 738 1273 782 tribunali
1304 739 1465 784 Pilatus
1481 774 1493 795 ‚

113 807 188 851 sed
215 807 328 850 inter
355 805 428 850 illa
451 822 549 866 quae
572 806 689 865 prius
711 805 1052 864 ge‘sta'narrabat
1070 842 1081 862 ‚
1108 809 1356 854 recordatus
1384 813 1498 855 Mat-

113 879 253 922 thaeus
274 877 394 937 quod
416 877 470 920 de
494 877 619 921 Pilati
644 892 777 921 uxore
798 876 933 933 dixit,
957 879 1097 923 voluit
1113 880 1196 924 hoc
1218 880 1280 923 ibi
1300 881 1495 940 interpo-

114 965 232 1005 nere,
252 958 301 993 ut
323 958 596 1008 praestrueret
613 965 699 1008 qua
719 949 903 994 maxime
919 966 1046 995 causa
1070 951 1231 995 Pilatus
1251 966 1330 995 nec
1347 953 1495 997 novis-

113 1020 218 1064 sime
238 1019 411 1064 volebat
430 1034 530 1063 eum
555 1018 721 1063 tradere
739 1022 763 1062 J
767 1019 915 1064 udaeis.

171 1091 304 1133 XLV.
317 1092 454 1134 Lucas
468 1098 612 1133 autem
630 1099 791 1143 narrat,
803 1105 902 1133 cum
915 1090 1087 1134 dixisset
1101 1090 1286 1136 Pilatus:
1308 1110 1327 1134 «
1339 1094 1498 1136 Emen-
1535 1137 1544 1144 „

115 1179 136 1202 »
171 1160 320 1204 datum
348 1175 450 1218 ergo
487 1159 611 1204 illum
648 1160 890 1215 dimittam,
926 1179 945 1201 »
974 1160 1230 1205 exclamasse
1249 1162 1495 1207 universam

113 1230 287 1274 turbam
307 1249 315 1275 :
342 1229 498 1274 «Tolle
517 1231 634 1274 hunc
649 1266 659 1285 ,
683 1240 725 1274 et
747 1230 917 1274 dimitte
940 1230 1065 1275 nobis
1088 1232 1356 1290 Barabbam3
1385 1232 1497 1277 »sed

114 1300 292 1345 fortasse
309 1299 505 1344 nondum
531 1300 753 1344 dixerant:
776 1319 795 1341 «
820 1301 1051 1360 Crucifige.
1079 1305 1241 1346 Iterum
1265 1312 1410 1346 autem
1430 1304 1501 1347 Pi-

117 1389 137 1412 »
172 1371 301 1425 latus,
326 1371 568 1414 secundum
592 1371 792 1415 eumdem
811 1375 970 1416 Lucam
990 1407 1000 1426 ,
1028 1375 1219 1416 Locutus
1240 1382 1303 1417 est
1325 1372 1380 1417 ad
1404 1373 1500 1418 illos

117 1460 136 1482 »
171 1441 320 1486 volens
335 1441 551 1485 dimittere
573 1445 720 1485 Jesum
748 1462 756 1486 :
792 1451 835 1486 at
858 1442 920 1485 illi
937 1442 1262 1487 succlamabant
1278 1443 1469 1488 dicentes
1488 1464 1497 1490 :

117 1530 136 1552 »
170 1513 400 1571 Crucifige,
423 1513 625 1570 crucifige
645 1511 784 1556 illum.
803 1531 823 1553 »
841 1515 962 1556 Tunc
980 1512 1236 1571 intelligitur
1254 1512 1382 1557 fuisse
1394 1514 1500 1559 hora

115 1584 254 1626 tertia.
278 1584 407 1635 Quod
429 1599 531 1641 ergo
551 1583 747 1642 sequitur
763 1586 899 1626 Lucas
915 1592 956 1626 et
970 1583 1098 1626 dicit:
1121 1602 1140 1623 «
1160 1582 1238 1626 Ille
1251 1592 1395 1627 autem
1412 1594 1500 1628 ter-

116 1671 136 1693 »
172 1653 232 1696 tio
248 1653 354 1696 dixit
376 1654 429 1696 ad
445 1652 539 1697 illos
561 1673 568 1696 ;
594 1652 708 1705 Quid
724 1653 838 1695 enim
857 1652 955 1695 mali
971 1652 1073 1695 fecit
1090 1653 1167 1695 iste
1181 1654 1198 1695 P
1213 1653 1375 1697 nullam
1393 1670 1499 1698 cau-

116 1741 136 1763 »
172 1738 260 1766 sam
287 1724 435 1766 mortis
457 1724 630 1767 invenio
662 1723 706 1765 in
745 1738 824 1779 eo3
849 1722 1075 1781 corripiam
1100 1738 1202 1781 ergo
1224 1723 1346 1767 illum
1372 1734 1414 1768 et
1434 1725 1502 1768 di-

117 1811 136 1833 »
173 1794 352 1836 mittam.
371 1797 426 1836 At
446 1792 507 1836 illi
527 1793 746 1835 instabant
759 1792 939 1836 vocibus
959 1793 1140 1850 magnis,
1167 1793 1433 1850 postulantes
1453 1804 1501 1838 ut

116 1882 135 1903 »
172 1862 522 1918 crucifigeretur3
553 1871 596 1905 et
623 1861 945 1906 invalescebant
964 1877 1089 1906 voces
1112 1878 1260 1906 eorum
1280 1867 1324 1907 2:
1353 1882 1373 1904 »
1400 1866 1499 1908 satis

114 1933 242 1976 etiam
265 1932 354 1990 ipse
387 1931 597 1988 significat
624 1946 833 1989 magnum
863 1932 1102 1976 tumultum
1140 1932 1297 1991 fuisse,
1334 1943 1375 1977 et
1403 1944 1501 1993 post

113 2011 326 2063 quantum
355 2016 574 2044 morarum
609 1999 691 2043 illis
722 2001 848 2044 tertio
868 2000 1022 2044 dixerit
1045 2021 1052 2045 ς
1075 2021 1094 2043 «
1126 2003 1240 2054 Quid
1261 2004 1376 2047 enim
1399 2004 1501 2048 mali

118 2091 137 2113 »
173 2071 302 2125 fecit,
336 2089 355 2111 »
381 2070 480 2114 licet
508 2069 748 2127 intelligere
782 2079 998 2129 quantum
1037 2070 1297 2130 indagandae
1330 2074 1499 2117 veritati

114 2142 213 2186 satis
239 2149 301 2184 est
330 2160 338 2185 :
364 2149 407 2183 et
442 2148 588 2198 postca
617 2138 737 2199 quod
763 2139 821 2183 ait
844 2159 851 2184 2
887 2158 906 2181 «
931 2141 1158 2184 Instabant
1178 2141 1357 2186 vocibus
1385 2157 1503 2201 mag-

118 2231 137 2254 »
173 2212 259 2265 nis,
291 2219 334 2255 et
355 2210 677 2255 invalescebant
705 2225 832 2257 voces
861 2225 1038 2265 eorum,
1066 2229 1086 2251 »
1118 2211 1215 2270 quis
1247 2227 1337 2256 non
1358 2212 1500 2257 videat

113 2281 212 2326 ideo
230 2281 417 2336 factum,
442 2280 544 2340 quia
561 2279 767 2324 videbant
791 2279 979 2324 Pilatum
1001 2280 1118 2325 nolle
1140 2281 1198 2325 eis
1220 2283 1390 2326 tradere
1412 2285 1501 2328 Do-

116 2352 312 2396 minum?
332 2353 390 2395 Et
414 2350 516 2411 quia
543 2350 625 2394 hoc
655 2364 918 2409 magnopere
942 2350 1141 2405 nolebat,
1165 2366 1255 2395 non
1277 2350 1431 2412 utique
1454 2353 1501 2396 in

114 2431 337 2467 momento
359 2420 566 2480 temporis
601 2421 747 2476 cessit,
779 2421 856 2465 sed
888 2420 958 2465 vel
995 2420 1094 2466 duae
1128 2422 1248 2467 horae
1270 2431 1313 2466 et
1334 2421 1500 2482 aliquid

117 2492 301 2552 amplius
321 2492 366 2535 in
387 2490 460 2535 illa
476 2491 753 2536 cunctatione
776 2492 1055 2536 transierunt,

177 2564 332 2605 XLVI.
352 2563 567 2606 Joannem
585 2576 763 2621 quoque
784 2561 1001 2620 interroga
1014 2596 1025 2616 ,
1050 2570 1093 2605 et
1114 2561 1214 2606 vide
1230 2570 1393 2621 quanta
1406 2561 1504 2607 fue-

167 2653 175 2668 ¹
199 2645 318 2678 Matrh.
341 2655 439 2686 xxvu,
462 2644 572 2687 19-24.
591 2661 633 2669 —
649 2651 662 2668 ⁸
683 2647 764 2678 Luc.
780 2645 872 2686 xxm,
893 2644 1009 2677 16-23.
