1819 3301
354 249 436 286 318
783 257 816 286 s.
854 257 1086 286 Aneus'rnu
1120 258 1302 284 EPISCOPI

355 343 375 366 »
400 334 563 386 quanta
575 325 656 370 tibi
672 324 775 370 fecit
788 329 918 380 Deus,
928 342 947 365 »
960 340 1011 368 ex
1026 323 1098 367 illa
1108 323 1305 383 Apostoli
1318 323 1531 368 sententia
1545 333 1661 369 recte
1673 340 1745 385 po-

349 395 644 454 testintelligi‚
658 411 757 440 cum
772 395 831 439 ait
852 414 862 440 2
878 414 898 437 «
919 393 1101 438 Dissolvi
1119 402 1162 438 et
1177 409 1266 439 esse
1279 409 1380 439 cum
1395 394 1585 451 Christo,
1602 394 1745 440 multo

353 486 372 509 »
407 467 544 526 magis
567 467 807 526 optimum3
831 479 1007 509 manere
1025 465 1070 509 in
1087 481 1217 509 carne
1233 500 1244 521 ‚
1263 466 1549 510 necessarium
1568 475 1745 526 propter

353 556 373 579 >›
403 539 520 582 νοεῖ.
546 555 565 578 »
600 539 655 580 Ut
677 536 735 579 sic
760 535 945 596 quisque
967 535 1181 595 intelligat
1203 546 1300 596 post
1323 537 1617 581 remissionem
1639 551 1744 596 pec-

350 618 547 654 catorum
569 606 843 651 redeundum
865 607 947 651 sibi
970 622 1060 652 esse
1081 608 1127 651 in
1149 608 1457 653 conscientiam
1490 609 1649 653 bonam
1664 644 1675 663 ,
1701 617 1745 652 et

349 679 623 723 serviendum
646 677 885 738 Evangelio
908 688 1085 738 propter
1105 677 1290 723 aliorum
1308 680 1437 723 etiam
1459 678 1645 724 salutem
1661 714 1672 734 ,
1694 688 1744 724 ut

349 748 506 793 deinde
524 764 623 793 cum
644 749 817 794 Christo
840 750 1081 809 requiescat
1113 768 1121 794 :
1146 765 1201 793 ne
1223 765 1325 794 cum
1346 765 1623 810 praepropere
1651 750 1742 810 jam

349 820 445 864 vult
466 835 555 864 esse
570 835 669 864 cum
683 820 856 864 Christo
867 855 878 875 ‚
894 818 1083 879 negligat
1101 820 1387 864 ministerium
1403 819 1740 880 praedicationis,

347 889 552 935 fraternae
578 889 870 950 redemptioni
891 890 1288 935 accommodatum.

849 1032 1086 1082 QUAESTIO
1123 1034 1226 1072 XIV.

411 1183 431 1206 «
457 1167 521 1208 DE
557 1164 830 1223 septuaginta
873 1163 1048 1208 duobus
1082 1160 1355 1221 Discipulis2.
1385 1179 1405 1202 »
1440 1161 1558 1205 Sicut
1590 1159 1742 1219 viginti

346 1244 536 1294 quatuor
558 1235 675 1279 horis
696 1244 810 1279 totus
822 1235 938 1278 orbis
957 1234 1194 1294 peragitur,
1211 1242 1342 1292 atque
1357 1248 1379 1275 a
1395 1231 1484 1275 sole
1504 1226 1738 1276 lustratur:

345 1307 403 1349 ita
428 1307 683 1364 mysterium
708 1306 951 1350 illustrandi
976 1306 1090 1350 orbis
1117 1320 1192 1364 per
1216 1302 1500 1361 Evangelium
1523 1303 1741 1348 Trinitatis

343 1378 389 1420 in
410 1377 683 1436 septuaginta
707 1377 882 1431 duobus
914 1374 1141 1436 Discipulis
1173 1375 1414 1418 intimatur.
1445 1374 1602 1432 Viginti
1626 1390 1738 1435 qua-

344 1458 444 1492 tuor
467 1448 582 1491 enim
603 1458 665 1491 ter
696 1448 742 1490 in
765 1447 1038 1506 septuaginta
1068 1445 1243 1490 duobus
1265 1445 1482 1504 ponimus.
1505 1444 1633 1498 Quod
1656 1460 1734 1489 au-

342 1528 429 1563 tem
457 1518 583 1562 binos
606 1518 766 1572 mittit,
804 1525 1123 1561 sacramentum
1154 1525 1217 1559 est
1247 1514 1464 1559 charitatis
1488 1535 1495 1559 2
1521 1516 1608 1559 sive
1636 1515 1737 1576 quia

343 1589 432 1634 duo
455 1599 557 1633 sunt
590 1589 811 1633 charitatis
845 1597 1088 1647 praecepta,
1127 1587 1216 1630 sive
1238 1587 1338 1646 quia
1375 1586 1514 1631 omnis
1551 1586 1737 1631 charitas

341 1660 486 1704 minus
509 1675 641 1720 quam
660 1660 772 1703 inter
794 1657 903 1703 duos
920 1673 1010 1702 esse
1033 1673 1122 1702 non
1145 1666 1301 1717 potest.

864 1802 1101 1853 QUAESTIO
1135 1803 1220 1841 xv.

406 1965 426 1987 «
451 1947 494 1989 S1
517 1943 667 1987 lumen
689 1940 811 2002 quod
823 1951 886 1984 est
904 1941 947 1984 in
970 1949 1028 1994 te,
1056 1939 1249 1982 tenebrae
1271 1947 1388 1993 sunt,
1414 1938 1518 1997 ipsae
1541 1937 1733 1982 tenebrae

344 2033 364 2057 »
402 2015 640 2075 quantaess?
668 2032 685 2053 η
714 2016 882 2056 Lumen
911 2010 1015 2054 dicit
1039 2010 1199 2053 bonam
1236 2009 1522 2052 intentionem
1552 2009 1729 2063 mentis,

342 2085 427 2147 qua
447 2101 679 2146 operamur
706 2104 713 2129 :
740 2085 940 2128 tenebras
961 2092 1102 2125 autem
1125 2082 1211 2139 ipsa
1239 2096 1367 2139 opcra
1400 2080 1589 2139 appellat
1609 2115 1620 2135 ,
1645 2079 1733 2123 sive

340 2158 440 2218 quia
457 2158 682 2215 ignoratur
699 2155 752 2198 ab
772 2153 862 2197 aliis
885 2168 973 2212 quo
997 2151 1142 2194 animo
1166 2149 1236 2193 illa
1263 2149 1495 2205 faciamus,
1521 2151 1608 2194 sive
1631 2149 1733 2210 quia

340 2243 490 2272 corum
506 2227 668 2270 exitum
688 2225 816 2268 etiam
836 2222 915 2283 ipsi
931 2222 1161 2274 nescimus,
1182 2220 1224 2263 id
1239 2229 1316 2274 est,
1334 2219 1557 2280 quomodo
1581 2229 1734 2264 exeant

341 2309 472 2358 atque
492 2297 749 2357 proveniant
766 2294 824 2338 cis
845 2330 854 2347 ,
881 2293 1041 2353 quibus
1067 2307 1144 2335 nos
1166 2307 1214 2334 ca
1240 2290 1357 2335 bono
1381 2291 1527 2334 animo
1562 2291 1732 2349 impen-

339 2369 496 2414 dimus.
529 2368 792 2426 Plerumque
820 2365 933 2408 cnim
974 2362 1191 2407 beneflciis
1230 2362 1386 2405 nostris
1423 2361 1535 2404 male
1564 2360 1730 2405 utendo

338 2447 708 2497 corrumpuntur,
732 2436 890 2495 quibus
909 2449 987 2478 nos
1004 2448 1051 2477 ca
1074 2431 1407 2476 misericorditer
1426 2430 1638 2475 benevola
1660 2430 1731 2474 in-

338 2510 533 2553 tentione
548 2517 816 2568 praestamus.

391 2614 400 2629 ¹
420 2607 534 2648 Philip.
554 2606 645 2647 1,23.
667 2622 708 2628 —
728 2611 741 2627 ²
761 2606 838 2636 Luc.
859 2614 892 2644 x,
916 2613 942 2634 1.
967 2619 1008 2624 ——
1030 2600 1101 2634 31d.
1122 2612 1164 2641 xr,
1189 2599 1243 2641 35,
1260 2605 1295 2632 et
1307 2599 1425 2632 Matth.
1447 2609 1490 2640 vr,
1510 2598 1564 2632 23.
