1819 3301
430 246 475 273 IN
507 243 681 274 JoAmws
713 243 1019 284 EvANGELmM,
1053 243 1199 274 TRACT.
1235 249 1277 274 v.
1460 236 1539 276 451

165 308 293 364 trina,
315 308 608 369 dedignentur
620 310 687 354 isti
698 310 876 355 fortasse
891 311 1097 370 accipere,
1113 310 1234 370 quod
1249 310 1310 354 illi
1321 310 1544 356 inferiores

164 390 426 439 acceperunt
457 400 466 425 :
490 390 661 440 oportet
685 391 734 426 ut
758 397 902 425 sanem
928 396 998 425 eos
1013 415 1024 437 ,
1052 390 1102 425 ut
1138 396 1228 425 non
1249 380 1544 439 dedignentur

163 450 311 494 venire
327 449 383 494 ad
409 450 623 510 baptisma
644 451 847 506 Domini,
882 451 983 511 quia
1019 466 1101 510 ego
1136 451 1234 496 veni
1265 442 1320 495 ad
1333 451 1547 510 baptisma

163 535 289 565 servi.

223 591 302 643 LX.
328 592 425 634 Jam
446 606 547 649 ergo
568 591 652 636 hoc
673 601 853 636 noverat
872 594 1082 636 Joannes„
1113 601 1156 636 et
1185 600 1366 636 noverat
1396 592 1547 636 Domi-

163 675 287 704 num.
314 660 430 713 Quid
452 676 552 719 ergo
574 661 723 705 docuit
737 661 966 706 columba?
988 662 1104 714 Quid
1125 662 1258 707 voluit
1279 678 1354 722 per
1376 662 1547 707 colum-

163 730 262 774 bam
276 766 286 784 ,
311 731 357 774 id
378 741 455 786 est,
477 748 551 791 per
575 733 782 792 Spiritum
806 742 1003 777 sanctum
1025 749 1083 777 sic
1104 733 1349 777 venientem
1373 734 1545 788 docere,

164 801 240 862 qui
261 802 435 846 miserat
456 818 577 858 eum,
603 803 674 847 cui
697 804 780 848 ait:
804 823 823 846 «
853 806 989 863 Super
1006 820 1135 864 quem
1159 804 1314 848 videris
1339 804 1546 863 Spiritum

167 890 186 914 »
222 871 574 924 descendentem,
588 883 794 934 tanquam
805 874 1056 919 columbam
1068 910 1079 928 ,
1094 883 1137 918 et
1153 884 1399 919 manentem
1418 890 1545 934 super

167 960 187 984 »
224 958 340 996 eum,
357 943 448 1001 ipse
465 945 557 987 est?
577 962 597 985 »
615 945 717 997 Quis
731 944 821 1003 ipse
834 946 925 989 est?
942 945 1164 989 Dominus.
1180 945 1304 990 Novi.
1324 944 1407 989 Sed
1421 960 1552 988 num-

163 1013 365 1072 quidhoc
377 1014 465 1072 jam
481 1029 675 1068 noveras,
694 1015 793 1074 quia
807 1015 1014 1058 Domin'us
1029 1015 1106 1058 iste
1124 1015 1370 1074 baptizandi
1384 1014 1549 1058 habens

163 1092 438 1142 potestatem,
451 1100 543 1128 eam
558 1095 819 1144 potestatem
833 1085 942 1129 nulli
959 1101 1081 1129 servo
1094 1084 1272 1129 daturus
1288 1095 1365 1140 est,
1383 1085 1458 1128 sed
1469 1084 1551 1128 sibi

164 1169 257 1197 eam
274 1163 520 1198 retenturus
537 1165 614 1208 est,
631 1165 681 1199 ut
695 1156 832 1199 omnis
847 1156 922 1215 qui
936 1156 1177 1214 baptizatur
1190 1172 1266 1215 per
1278 1156 1388 1199 servi
1404 1156 1553 1199 minis-

164 1224 338 1278 terium,
358 1240 446 1268 non
459 1225 645 1283 imputet
657 1241 794 1279 servo,
813 1225 887 1268 sed
905 1225 1117 1269 Domino?
1137 1225 1352 1284 numquid
1368 1226 1550 1284 hocjam

165 1296 376 1339 noveras?
394 1297 490 1339 Non
504 1295 586 1338 hoc
600 1311 803 1339 noveram
822 1295 953 1339 :adeo
970 1294 1077 1354 quid
1094 1295 1200 1338 mihi
1216 1295 1321 1338 dixit
1338 1297 1356 1338 Ρ
1374 1314 1393 1336 «
1413 1297 1550 1353 Super

166 1382 186 1405 »
222 1380 351 1424 quem
379 1365 532 1409 Videris
560 1365 764 1424 Spiritum
785 1364 1120 1408 descendentem
1148 1374 1357 1424 tanquam
1378 1364 1548 1408 colum-

166 1453 186 1477 »
221 1435 322 1479 bam
342 1471 353 1490 ,
379 1444 422 1479 et
443 1445 691 1479 manentem
711 1451 839 1495 super
860 1451 958 1478 eum
972 1470 986 1490 ,
1005 1436 1094 1493 ipse
1121 1445 1184 1479 est
1200 1436 1275 1495 qui
1297 1436 1485 1494 baptizat
1502 1435 1547 1478 in

166 1524 185 1547 »
206 1507 386 1566 „Spiritu
411 1516 574 1550 sancto.
604 1525 623 1547 »
649 1509 746 1551 Non
769 1507 847 1560 ait,
878 1510 973 1565 Ipse
996 1515 1060 1550 est
1076 1507 1309 1562 Dominus,
1334 1521 1423 1549 non
1451 1505 1541 1560 ait,

164 1580 261 1636 Ipse
282 1586 344 1620 est
374 1577 595 1633 Christus3
626 1593 716 1621 non
742 1578 828 1631 ait,
854 1580 949 1636 Ipse
981 1586 1044 1621 est
1063 1580 1202 1633 Deus3
1231 1592 1320 1620 non
1342 1577 1420 1630 ait,
1447 1579 1544 1634 Ipse

161 1657 225 1692 est
242 1651 388 1705 Jesu53
412 1664 500 1691 non
522 1648 595 1701 ait,
614 1651 708 1707 Ipse
731 1648 883 1706 estqui
905 1657 1029 1691 uatus
1050 1658 1113 1691 est
1135 1647 1189 1691 de
1207 1647 1371 1704 virgine
1390 1646 1544 1701 Maria,

160 1720 374 1778 posterior
394 1728 457 1773 te,
484 1719 600 1777 prior
620 1728 659 1762 te
686 1739 694 1763 2
716 1734 803 1762 non
817 1720 875 1761 ait
891 1719 971 1762 hoc
989 1740 999 1775 3
1020 1720 1110 1778 jam
1129 1718 1243 1761 enim
1268 1719 1349 1762 hoc
1367 1725 1545 1761 noverat

161 1792 366 1834 Joannes.
391 1789 473 1833 Sed
495 1788 601 1849 quid
623 1805 711 1833 non
733 1791 944 1833 noverat?
964 1792 1143 1832 Tantam
1162 1797 1418 1848 potestatem
1442 1788 1546 1846 bap-

162 1860 275 1904 tismi
296 1861 437 1919 ipsum
456 1861 689 1904 Dominum
711 1859 965 1904 habiturum
980 1868 1023 1903 et
1037 1859 1118 1902 sibi
1136 1868 1407 1903 retenturum
1420 1893 1430 1912 ,
1456 1857 1544 1901 sive

161 1940 417 1990 praesentem
432 1931 477 1974 in
501 1940 611 1974 terra
624 1965 634 1985 ,
653 1930 741 1974 sive
763 1929 985 1973 absentem
1002 1944 1181 1987 corpore
1194 1930 1238 1972 in
1251 1928 1365 1972 coelo
1378 1937 1420 1971 et
1433 1943 1547 1986 prae-

161 2011 327 2046 sentem
362 2003 605 2061 majestate,
628 2001 709 2045 sibi
732 2009 1003 2044 retenturum
1028 1999 1229 2058 baptismi
1252 2006 1509 2058 potestatem
1533 2016 1541 2041 :

161 2086 217 2115 ne
240 2071 399 2115 Paulus
443 2070 625 2125 diceret,
653 2070 896 2129 Baptismus
920 2084 1065 2125 meus3
1088 2084 1142 2112 ne
1165 2072 1315 2112 Petrus
1346 2067 1507 2111 diceret
1530 2101 1541 2121 ,

161 2142 404 2201 Baptismus
422 2157 558 2184 meus.
592 2141 696 2195 Ideo
725 2139 870 2184 videte
890 2175 900 2194 ,
926 2139 1139 2182 intendite
1161 2154 1284 2182 voces
1310 2136 1544 2196 Apostolo-

163 2228 275 2256 rum.
296 2214 433 2256 Nemo
452 2212 757 2270 Apostolorum
781 2210 908 2263 dixit,
929 2209 1170 2267 Baptismus
1188 2223 1323 2251 meus.
1343 2206 1545 2260 Quamvis

162 2298 298 2327 unum
325 2282 519 2326 omnium
543 2291 651 2326 esset
672 2274 952 2338 Evangelium
970 2315 985 2334 ,
1011 2288 1155 2323 tamen
1177 2278 1342 2322 invenis
1370 2276 1540 2332 dixisse,

163 2353 449 2411 Evangelium
469 2367 613 2395 meum
637 2369 645 2392 :
662 2367 750 2395 non
772 2349 935 2394 invenis
953 2347 1127 2402 dixisse,
1145 2348 1361 2406 Baptisma
1379 2361 1541 2389 meum.

221 2425 277 2466 X.
307 2425 398 2466 Hoc
423 2437 522 2479 ergo
545 2421 916 2474 didicitJoannes‚
955 2412 1105 2462 fratres
1126 2418 1223 2461 mei.
1251 2417 1377 2470 Quod
1395 2415 1549 2460 didicit

163 2495 354 2538 Joannes
377 2508 454 2552 per
473 2491 751 2547 columbam,
778 2491 992 2534 discamus
1014 2498 1056 2533 et
1080 2503 1171 2533 nos.
1196 2491 1294 2535 Non
1325 2487 1439 2531 enim
1471 2501 1548 2531 co-

1266 2570 1331 2609 29.
