<?xml version="1.0" encoding="UTF-8"?>
<!DOCTYPE html PUBLIC "-//W3C//DTD XHTML 1.0 Transitional//EN"
    "http://www.w3.org/TR/xhtml1/DTD/xhtml1-transitional.dtd">
<html xmlns="http://www.w3.org/1999/xhtml" xml:lang="en" lang="en">
 <head>
  <title>
</title>
<meta http-equiv="Content-Type" content="text/html;charset=utf-8" />
  <meta name='ocr-system' content='tesseract 3.04.00' />
  <meta name='ocr-capabilities' content='ocr_page ocr_carea ocr_par ocr_line ocrx_word'/>
</head>
<body>
  <div class='ocr_page' id='page_1' title='image "./operaomniaaccura14auguuoft_0444.png"; bbox 0 0 1819 3301; ppageno 0'>
   <div class='ocr_carea' id='block_1_1' title="bbox 324 261 1279 301">
    <p class='ocr_par' dir='ltr' id='par_1_1' title="bbox 324 261 1279 301">
     <span class='ocr_line' id='line_1_1' title="bbox 324 261 1279 301; baseline -0.002 0"><span class='ocrx_word' id='word_1_1' title='bbox 324 261 410 301; x_wconf 85' lang='lat'>410</span> <span class='ocrx_word' id='word_1_2' title='bbox 762 272 796 301; x_wconf 93' lang='lat' dir='ltr'>s.</span> <span class='ocrx_word' id='word_1_3' title='bbox 833 273 1065 301; x_wconf 67' lang='lat' dir='ltr'>Anaus‘rnu</span> <span class='ocrx_word' id='word_1_4' title='bbox 1097 272 1279 301; x_wconf 64' lang='lat' dir='ltr'>muscum</span> 
     </span>
    </p>
   </div>
   <div class='ocr_carea' id='block_1_2' title="bbox 320 335 1723 2496">
    <p class='ocr_par' dir='ltr' id='par_1_2' title="bbox 320 335 1719 1574">
     <span class='ocr_line' id='line_1_2' title="bbox 323 335 1709 397; baseline -0.001 -15"><span class='ocrx_word' id='word_1_5' title='bbox 323 353 476 382; x_wconf 90' lang='lat' dir='ltr'>eorum</span> <span class='ocrx_word' id='word_1_6' title='bbox 501 357 509 382; x_wconf 92' lang='lat'><strong>:</strong></span> <span class='ocrx_word' id='word_1_7' title='bbox 536 353 645 397; x_wconf 89' lang='lat' dir='ltr'>quos</span> <span class='ocrx_word' id='word_1_8' title='bbox 674 338 755 382; x_wconf 88' lang='lat' dir='ltr'>sibi</span> <span class='ocrx_word' id='word_1_9' title='bbox 777 338 928 380; x_wconf 82' lang='lat' dir='ltr'>fratros</span> <span class='ocrx_word' id='word_1_10' title='bbox 951 337 1093 380; x_wconf 82' lang='lat' dir='ltr'>facere</span> <span class='ocrx_word' id='word_1_11' title='bbox 1119 336 1324 391; x_wconf 88' lang='lat' dir='ltr'>volebat,</span> <span class='ocrx_word' id='word_1_12' title='bbox 1358 336 1450 395; x_wconf 88' lang='lat' dir='ltr'>ipse</span> <span class='ocrx_word' id='word_1_13' title='bbox 1477 335 1605 380; x_wconf 86' lang='lat' dir='ltr'>solvit</span> <span class='ocrx_word' id='word_1_14' title='bbox 1622 370 1633 389; x_wconf 88' lang='lat'><strong>‚</strong></span> <span class='ocrx_word' id='word_1_15' title='bbox 1665 345 1709 380; x_wconf 90' lang='lat' dir='ltr'>et</span> 
     </span>
     <span class='ocr_line' id='line_1_3' title="bbox 320 405 1709 465; baseline -0.003 -12"><span class='ocrx_word' id='word_1_16' title='bbox 320 409 427 453; x_wconf 85' lang='lat' dir='ltr'>fecit</span> <span class='ocrx_word' id='word_1_17' title='bbox 457 409 717 452; x_wconf 85' lang='lat' dir='ltr'>cohaeredes.</span> <span class='ocrx_word' id='word_1_18' title='bbox 757 408 824 451; x_wconf 86' lang='lat' dir='ltr'>Sic</span> <span class='ocrx_word' id='word_1_19' title='bbox 852 408 967 450; x_wconf 92' lang='lat' dir='ltr'>enim</span> <span class='ocrx_word' id='word_1_20' title='bbox 996 407 1102 451; x_wconf 88' lang='lat' dir='ltr'>dicit</span> <span class='ocrx_word' id='word_1_21' title='bbox 1135 405 1368 465; x_wconf 84' lang='lat' dir='ltr'>Apostolus</span> <span class='ocrx_word' id='word_1_22' title='bbox 1395 425 1402 450; x_wconf 93' lang='lat'>:</span> <span class='ocrx_word' id='word_1_23' title='bbox 1433 425 1453 448; x_wconf 91' lang='lat'>«</span> <span class='ocrx_word' id='word_1_24' title='bbox 1489 405 1532 450; x_wconf 93' lang='lat' dir='ltr'>Si</span> <span class='ocrx_word' id='word_1_25' title='bbox 1563 414 1709 450; x_wconf 87' lang='lat' dir='ltr'>autem</span> 
     </span>
     <span class='ocr_line' id='line_1_4' title="bbox 326 475 1710 535; baseline -0.001 -16"><span class='ocrx_word' id='word_1_26' title='bbox 326 497 346 519; x_wconf 89' lang='lat'>»</span> <span class='ocrx_word' id='word_1_27' title='bbox 382 478 496 522; x_wconf 87' lang='lat' dir='ltr'>filius</span> <span class='ocrx_word' id='word_1_28' title='bbox 509 487 551 520; x_wconf 82' lang='lat' dir='ltr'>et</span> <span class='ocrx_word' id='word_1_29' title='bbox 571 479 705 520; x_wconf 80' lang='lat' dir='ltr'>haeres</span> <span class='ocrx_word' id='word_1_30' title='bbox 724 492 800 535; x_wconf 87' lang='lat' dir='ltr'>per</span> <span class='ocrx_word' id='word_1_31' title='bbox 819 481 956 520; x_wconf 89' lang='lat' dir='ltr'>Deum</span> <span class='ocrx_word' id='word_1_32' title='bbox 973 479 984 501; x_wconf 89' lang='lat'><strong>¹</strong></span> <span class='ocrx_word' id='word_1_33' title='bbox 1008 495 1016 520; x_wconf 92' lang='lat'><strong>:</strong></span> <span class='ocrx_word' id='word_1_34' title='bbox 1047 494 1066 516; x_wconf 88' lang='lat'>»</span> <span class='ocrx_word' id='word_1_35' title='bbox 1089 485 1132 520; x_wconf 90' lang='lat' dir='ltr'>et</span> <span class='ocrx_word' id='word_1_36' title='bbox 1147 477 1324 530; x_wconf 86' lang='lat' dir='ltr'>iterum,</span> <span class='ocrx_word' id='word_1_37' title='bbox 1349 493 1368 516; x_wconf 89' lang='lat'>«</span> <span class='ocrx_word' id='word_1_38' title='bbox 1392 475 1594 519; x_wconf 82' lang='lat' dir='ltr'>Haeredes</span> <span class='ocrx_word' id='word_1_39' title='bbox 1611 475 1710 534; x_wconf 91' lang='lat' dir='ltr'>qui-</span> 
     </span>
     <span class='ocr_line' id='line_1_5' title="bbox 325 544 1710 599; baseline -0.001 -10"><span class='ocrx_word' id='word_1_40' title='bbox 325 567 345 589; x_wconf 87' lang='lat'>»</span> <span class='ocrx_word' id='word_1_41' title='bbox 382 548 480 591; x_wconf 87' lang='lat' dir='ltr'>dem</span> <span class='ocrx_word' id='word_1_42' title='bbox 510 547 612 599; x_wconf 84' lang='lat' dir='ltr'>Dei,</span> <span class='ocrx_word' id='word_1_43' title='bbox 644 547 890 590; x_wconf 80' lang='lat' dir='ltr'>coliaeredes</span> <span class='ocrx_word' id='word_1_44' title='bbox 919 555 1063 589; x_wconf 87' lang='lat' dir='ltr'>autem</span> <span class='ocrx_word' id='word_1_45' title='bbox 1088 547 1246 591; x_wconf 80' lang='lat' dir='ltr'>Christi</span> <span class='ocrx_word' id='word_1_46' title='bbox 1263 549 1294 588; x_wconf 77' lang='lat'>².</span> <span class='ocrx_word' id='word_1_47' title='bbox 1313 564 1334 586; x_wconf 83' lang='lat'>»</span> <span class='ocrx_word' id='word_1_48' title='bbox 1360 548 1457 590; x_wconf 90' lang='lat' dir='ltr'>Non</span> <span class='ocrx_word' id='word_1_49' title='bbox 1476 545 1624 589; x_wconf 86' lang='lat' dir='ltr'>timuit</span> <span class='ocrx_word' id='word_1_50' title='bbox 1638 544 1710 588; x_wconf 88' lang='lat' dir='ltr'>ille</span> 
     </span>
     <span class='ocr_line' id='line_1_6' title="bbox 323 616 1708 676; baseline -0.003 -14"><span class='ocrx_word' id='word_1_51' title='bbox 323 619 482 662; x_wconf 85' lang='lat' dir='ltr'>habere</span> <span class='ocrx_word' id='word_1_52' title='bbox 505 616 752 660; x_wconf 82' lang='lat' dir='ltr'>cohaeredes</span> <span class='ocrx_word' id='word_1_53' title='bbox 774 636 782 660; x_wconf 80' lang='lat' dir='ltr'>z</span> <span class='ocrx_word' id='word_1_54' title='bbox 807 617 909 676; x_wconf 87' lang='lat' dir='ltr'>quia</span> <span class='ocrx_word' id='word_1_55' title='bbox 932 616 1160 660; x_wconf 67' lang='lat' dir='ltr'><strong>haereditas</strong></span> <span class='ocrx_word' id='word_1_56' title='bbox 1194 618 1286 676; x_wconf 72' lang='lat' dir='ltr'>eJ&#39;us</span> <span class='ocrx_word' id='word_1_57' title='bbox 1315 630 1405 659; x_wconf 89' lang='lat' dir='ltr'>non</span> <span class='ocrx_word' id='word_1_58' title='bbox 1427 616 1476 658; x_wconf 89' lang='lat' dir='ltr'>fit</span> <span class='ocrx_word' id='word_1_59' title='bbox 1498 624 1681 674; x_wconf 85' lang='lat' dir='ltr'>angusta</span> <span class='ocrx_word' id='word_1_60' title='bbox 1697 650 1708 669; x_wconf 85' lang='lat'>,</span> 
     </span>
     <span class='ocr_line' id='line_1_7' title="bbox 323 684 1714 745; baseline -0.002 -14"><span class='ocrx_word' id='word_1_61' title='bbox 323 689 356 732; x_wconf 90' lang='lat' dir='ltr'>si</span> <span class='ocrx_word' id='word_1_62' title='bbox 388 687 514 730; x_wconf 83' lang='lat' dir='ltr'>multi</span> <span class='ocrx_word' id='word_1_63' title='bbox 551 686 836 745; x_wconf 86' lang='lat' dir='ltr'>possederint.</span> <span class='ocrx_word' id='word_1_64' title='bbox 868 686 934 730; x_wconf 92' lang='lat' dir='ltr'>llli</span> <span class='ocrx_word' id='word_1_65' title='bbox 966 687 1047 745; x_wconf 91' lang='lat' dir='ltr'>ipsi</span> <span class='ocrx_word' id='word_1_66' title='bbox 1069 696 1185 730; x_wconf 89' lang='lat' dir='ltr'>certe</span> <span class='ocrx_word' id='word_1_67' title='bbox 1212 685 1288 729; x_wconf 88' lang='lat' dir='ltr'>illo</span> <span class='ocrx_word' id='word_1_68' title='bbox 1322 684 1569 744; x_wconf 85' lang='lat' dir='ltr'>possidente</span> <span class='ocrx_word' id='word_1_69' title='bbox 1601 685 1714 728; x_wconf 91' lang='lat' dir='ltr'>fiunt</span> 
     </span>
     <span class='ocr_line' id='line_1_8' title="bbox 321 754 1708 816; baseline -0.003 -14"><span class='ocrx_word' id='word_1_70' title='bbox 321 758 550 803; x_wconf 72' lang='lat' dir='ltr'>haereditas</span> <span class='ocrx_word' id='word_1_71' title='bbox 571 758 729 816; x_wconf 87' lang='lat' dir='ltr'>ipsius,</span> <span class='ocrx_word' id='word_1_72' title='bbox 760 768 803 801; x_wconf 91' lang='lat' dir='ltr'>et</span> <span class='ocrx_word' id='word_1_73' title='bbox 832 758 922 816; x_wconf 87' lang='lat' dir='ltr'>ipse</span> <span class='ocrx_word' id='word_1_74' title='bbox 944 758 1126 801; x_wconf 87' lang='lat' dir='ltr'>vicissim</span> <span class='ocrx_word' id='word_1_75' title='bbox 1158 757 1208 800; x_wconf 92' lang='lat' dir='ltr'>fit</span> <span class='ocrx_word' id='word_1_76' title='bbox 1234 754 1464 799; x_wconf 83' lang='lat' dir='ltr'>haereditas</span> <span class='ocrx_word' id='word_1_77' title='bbox 1498 756 1708 814; x_wconf 89' lang='lat' dir='ltr'>ipsorum.</span> 
     </span>
     <span class='ocr_line' id='line_1_9' title="bbox 323 825 1714 888; baseline -0.004 -15"><span class='ocrx_word' id='word_1_78' title='bbox 323 829 438 873; x_wconf 88' lang='lat' dir='ltr'>Audi</span> <span class='ocrx_word' id='word_1_79' title='bbox 456 828 679 888; x_wconf 84' lang='lat' dir='ltr'>quomodo</span> <span class='ocrx_word' id='word_1_80' title='bbox 700 828 779 887; x_wconf 91' lang='lat' dir='ltr'>ipsi</span> <span class='ocrx_word' id='word_1_81' title='bbox 797 829 903 871; x_wconf 88' lang='lat' dir='ltr'>fiant</span> <span class='ocrx_word' id='word_1_82' title='bbox 920 827 1149 871; x_wconf 81' lang='lat' dir='ltr'>haereditas</span> <span class='ocrx_word' id='word_1_83' title='bbox 1171 827 1304 885; x_wconf 86' lang='lat' dir='ltr'>ipsius</span> <span class='ocrx_word' id='word_1_84' title='bbox 1322 846 1331 870; x_wconf 72' lang='grc' dir='ltr'>ι</span> <span class='ocrx_word' id='word_1_85' title='bbox 1351 845 1368 865; x_wconf 91' lang='grc'>«</span> <span class='ocrx_word' id='word_1_86' title='bbox 1385 825 1593 869; x_wconf 84' lang='lat' dir='ltr'>Dominus</span> <span class='ocrx_word' id='word_1_87' title='bbox 1605 825 1714 868; x_wconf 78' lang='lat' dir='ltr'>dixit</span> 
     </span>
     <span class='ocr_line' id='line_1_10' title="bbox 325 895 1714 956; baseline -0.001 -16"><span class='ocrx_word' id='word_1_88' title='bbox 325 918 346 940; x_wconf 90' lang='lat'>»</span> <span class='ocrx_word' id='word_1_89' title='bbox 383 900 435 942; x_wconf 86' lang='lat' dir='ltr'>ad</span> <span class='ocrx_word' id='word_1_90' title='bbox 460 914 527 941; x_wconf 88' lang='lat' dir='ltr'>me</span> <span class='ocrx_word' id='word_1_91' title='bbox 554 918 563 942; x_wconf 89' lang='lat'>:</span> <span class='ocrx_word' id='word_1_92' title='bbox 585 898 719 942; x_wconf 89' lang='lat' dir='ltr'>Filius</span> <span class='ocrx_word' id='word_1_93' title='bbox 742 914 863 942; x_wconf 91' lang='lat' dir='ltr'>meus</span> <span class='ocrx_word' id='word_1_94' title='bbox 884 914 927 942; x_wconf 91' lang='lat' dir='ltr'>es</span> <span class='ocrx_word' id='word_1_95' title='bbox 949 907 1021 952; x_wconf 83' lang='lat' dir='ltr'>tu,</span> <span class='ocrx_word' id='word_1_96' title='bbox 1046 913 1127 956; x_wconf 89' lang='lat' dir='ltr'>ego</span> <span class='ocrx_word' id='word_1_97' title='bbox 1144 897 1275 940; x_wconf 88' lang='lat' dir='ltr'>hodie</span> <span class='ocrx_word' id='word_1_98' title='bbox 1299 896 1429 955; x_wconf 86' lang='lat' dir='ltr'>genui</span> <span class='ocrx_word' id='word_1_99' title='bbox 1447 905 1489 939; x_wconf 90' lang='lat' dir='ltr'>te</span> <span class='ocrx_word' id='word_1_100' title='bbox 1505 930 1517 950; x_wconf 86' lang='lat'>‚</span> <span class='ocrx_word' id='word_1_101' title='bbox 1542 895 1714 955; x_wconf 89' lang='lat' dir='ltr'>postula</span> 
     </span>
     <span class='ocr_line' id='line_1_11' title="bbox 324 965 1714 1027; baseline -0.001 -17"><span class='ocrx_word' id='word_1_102' title='bbox 324 988 347 1010; x_wconf 81' lang='lat'>»</span> <span class='ocrx_word' id='word_1_103' title='bbox 383 985 406 1012; x_wconf 87' lang='lat' dir='ltr'>a</span> <span class='ocrx_word' id='word_1_104' title='bbox 436 985 504 1012; x_wconf 88' lang='lat' dir='ltr'>me</span> <span class='ocrx_word' id='word_1_105' title='bbox 523 1004 533 1021; x_wconf 88' lang='lat'>‚</span> <span class='ocrx_word' id='word_1_106' title='bbox 565 979 607 1012; x_wconf 89' lang='lat' dir='ltr'>et</span> <span class='ocrx_word' id='word_1_107' title='bbox 636 969 751 1012; x_wconf 87' lang='lat' dir='ltr'>dabo</span> <span class='ocrx_word' id='word_1_108' title='bbox 775 969 855 1012; x_wconf 85' lang='lat' dir='ltr'>tibi</span> <span class='ocrx_word' id='word_1_109' title='bbox 884 977 1032 1027; x_wconf 81' lang='lat' dir='ltr'>gentes</span> <span class='ocrx_word' id='word_1_110' title='bbox 1058 967 1358 1011; x_wconf 85' lang='lat' dir='ltr'>haereditatem</span> <span class='ocrx_word' id='word_1_111' title='bbox 1382 968 1551 1010; x_wconf 72' lang='lat' dir='ltr'>tuam3.</span> <span class='ocrx_word' id='word_1_112' title='bbox 1580 984 1600 1007; x_wconf 86' lang='lat'>»</span> <span class='ocrx_word' id='word_1_113' title='bbox 1635 965 1714 1009; x_wconf 90' lang='lat' dir='ltr'>Ille</span> 
     </span>
     <span class='ocr_line' id='line_1_12' title="bbox 324 1037 1716 1100; baseline -0.004 -17"><span class='ocrx_word' id='word_1_114' title='bbox 324 1039 546 1100; x_wconf 86' lang='lat' dir='ltr'>quomodo</span> <span class='ocrx_word' id='word_1_115' title='bbox 567 1039 616 1082; x_wconf 86' lang='lat' dir='ltr'>fit</span> <span class='ocrx_word' id='word_1_116' title='bbox 644 1038 872 1082; x_wconf 85' lang='lat' dir='ltr'>haereditas</span> <span class='ocrx_word' id='word_1_117' title='bbox 891 1041 1072 1083; x_wconf 78' lang='lat' dir='ltr'>eorum?</span> <span class='ocrx_word' id='word_1_118' title='bbox 1096 1039 1207 1082; x_wconf 83' lang='lat' dir='ltr'>Dicit</span> <span class='ocrx_word' id='word_1_119' title='bbox 1227 1038 1273 1081; x_wconf 91' lang='lat' dir='ltr'>in</span> <span class='ocrx_word' id='word_1_120' title='bbox 1296 1037 1466 1081; x_wconf 86' lang='lat' dir='ltr'>Psalmo</span> <span class='ocrx_word' id='word_1_121' title='bbox 1487 1056 1496 1080; x_wconf 87' lang='lat'><strong>:</strong></span> <span class='ocrx_word' id='word_1_122' title='bbox 1521 1055 1540 1079; x_wconf 91' lang='lat'>«</span> <span class='ocrx_word' id='word_1_123' title='bbox 1568 1037 1716 1080; x_wconf 90' lang='lat' dir='ltr'>Domi-</span> 
     </span>
     <span class='ocr_line' id='line_1_13' title="bbox 328 1106 1714 1168; baseline -0.001 -17"><span class='ocrx_word' id='word_1_124' title='bbox 328 1128 348 1151; x_wconf 84' lang='lat'>»</span> <span class='ocrx_word' id='word_1_125' title='bbox 384 1126 466 1153; x_wconf 89' lang='lat' dir='ltr'>nus</span> <span class='ocrx_word' id='word_1_126' title='bbox 488 1125 584 1168; x_wconf 89' lang='lat' dir='ltr'>pars</span> <span class='ocrx_word' id='word_1_127' title='bbox 603 1109 989 1153; x_wconf 83' lang='lat' dir='ltr'>haereditatismeae</span> <span class='ocrx_word' id='word_1_128' title='bbox 1012 1119 1055 1153; x_wconf 93' lang='lat' dir='ltr'>et</span> <span class='ocrx_word' id='word_1_129' title='bbox 1070 1108 1212 1152; x_wconf 86' lang='lat' dir='ltr'>calicis</span> <span class='ocrx_word' id='word_1_130' title='bbox 1231 1108 1357 1151; x_wconf 43' lang='lat' dir='ltr'>mei&amp;</span> <span class='ocrx_word' id='word_1_131' title='bbox 1377 1110 1468 1151; x_wconf 88' lang='lat' dir='ltr'>»Et</span> <span class='ocrx_word' id='word_1_132' title='bbox 1488 1122 1567 1150; x_wconf 91' lang='lat' dir='ltr'>nos</span> <span class='ocrx_word' id='word_1_133' title='bbox 1589 1106 1714 1150; x_wconf 88' lang='lat' dir='ltr'>illum</span> 
     </span>
     <span class='ocr_line' id='line_1_14' title="bbox 326 1176 1713 1239; baseline -0.003 -16"><span class='ocrx_word' id='word_1_134' title='bbox 326 1180 646 1239; x_wconf 82' lang='lat' dir='ltr'>possideamus,</span> <span class='ocrx_word' id='word_1_135' title='bbox 681 1189 724 1223; x_wconf 92' lang='lat' dir='ltr'>et</span> <span class='ocrx_word' id='word_1_136' title='bbox 758 1181 848 1238; x_wconf 89' lang='lat' dir='ltr'>ipse</span> <span class='ocrx_word' id='word_1_137' title='bbox 878 1195 956 1223; x_wconf 91' lang='lat' dir='ltr'>nos</span> <span class='ocrx_word' id='word_1_138' title='bbox 992 1179 1208 1238; x_wconf 86' lang='lat' dir='ltr'>possideat</span> <span class='ocrx_word' id='word_1_139' title='bbox 1237 1198 1246 1223; x_wconf 88' lang='lat'><strong>:</strong></span> <span class='ocrx_word' id='word_1_140' title='bbox 1270 1177 1344 1221; x_wconf 85' lang='lat' dir='ltr'>ille</span> <span class='ocrx_word' id='word_1_141' title='bbox 1372 1193 1450 1221; x_wconf 90' lang='lat' dir='ltr'>nos</span> <span class='ocrx_word' id='word_1_142' title='bbox 1471 1176 1713 1236; x_wconf 88' lang='lat' dir='ltr'>possideat,</span> 
     </span>
     <span class='ocr_line' id='line_1_15' title="bbox 328 1247 1717 1308; baseline -0.002 -15"><span class='ocrx_word' id='word_1_143' title='bbox 328 1254 440 1294; x_wconf 87' lang='lat' dir='ltr'>sicut</span> <span class='ocrx_word' id='word_1_144' title='bbox 458 1250 694 1307; x_wconf 81' lang='lat' dir='ltr'>Doniinus3</span> <span class='ocrx_word' id='word_1_145' title='bbox 720 1265 797 1293; x_wconf 92' lang='lat' dir='ltr'>nos</span> <span class='ocrx_word' id='word_1_146' title='bbox 819 1249 943 1293; x_wconf 87' lang='lat' dir='ltr'>illum</span> <span class='ocrx_word' id='word_1_147' title='bbox 966 1250 1260 1308; x_wconf 87' lang='lat' dir='ltr'>possideamus</span> <span class='ocrx_word' id='word_1_148' title='bbox 1283 1249 1393 1292; x_wconf 86' lang='lat' dir='ltr'>sicut</span> <span class='ocrx_word' id='word_1_149' title='bbox 1410 1247 1612 1300; x_wconf 84' lang='lat' dir='ltr'>salutem,</span> <span class='ocrx_word' id='word_1_150' title='bbox 1638 1262 1717 1290; x_wconf 90' lang='lat' dir='ltr'>nos</span> 
     </span>
     <span class='ocr_line' id='line_1_16' title="bbox 326 1318 1719 1379; baseline -0.003 -15"><span class='ocrx_word' id='word_1_151' title='bbox 326 1319 622 1379; x_wconf 83' lang='lat' dir='ltr'>possideamus</span> <span class='ocrx_word' id='word_1_152' title='bbox 645 1321 755 1363; x_wconf 86' lang='lat' dir='ltr'>sicut</span> <span class='ocrx_word' id='word_1_153' title='bbox 776 1320 934 1364; x_wconf 87' lang='lat' dir='ltr'>lucem.</span> <span class='ocrx_word' id='word_1_154' title='bbox 957 1319 1073 1372; x_wconf 89' lang='lat' dir='ltr'>Quid</span> <span class='ocrx_word' id='word_1_155' title='bbox 1097 1334 1197 1376; x_wconf 85' lang='lat' dir='ltr'>ergo</span> <span class='ocrx_word' id='word_1_156' title='bbox 1218 1318 1340 1361; x_wconf 84' lang='lat' dir='ltr'>dedit</span> <span class='ocrx_word' id='word_1_157' title='bbox 1356 1318 1422 1361; x_wconf 91' lang='lat' dir='ltr'>his</span> <span class='ocrx_word' id='word_1_158' title='bbox 1444 1318 1519 1376; x_wconf 92' lang='lat' dir='ltr'>qui</span> <span class='ocrx_word' id='word_1_159' title='bbox 1540 1332 1719 1376; x_wconf 86' lang='lat' dir='ltr'>recepe·-</span> 
     </span>
     <span class='ocr_line' id='line_1_17' title="bbox 328 1388 1718 1448; baseline -0.003 -14"><span class='ocrx_word' id='word_1_160' title='bbox 328 1400 431 1434; x_wconf 88' lang='lat' dir='ltr'>runt</span> <span class='ocrx_word' id='word_1_161' title='bbox 448 1390 572 1433; x_wconf 85' lang='lat' dir='ltr'>illum</span> <span class='ocrx_word' id='word_1_162' title='bbox 590 1392 638 1432; x_wconf 68' lang='lat' dir='ltr'>P«</span> <span class='ocrx_word' id='word_1_163' title='bbox 666 1389 794 1433; x_wconf 80' lang='lat' dir='ltr'>Dedit</span> <span class='ocrx_word' id='word_1_164' title='bbox 817 1390 876 1433; x_wconf 88' lang='lat' dir='ltr'>eis</span> <span class='ocrx_word' id='word_1_165' title='bbox 899 1398 1157 1448; x_wconf 85' lang='lat' dir='ltr'>potestatem</span> <span class='ocrx_word' id='word_1_166' title='bbox 1180 1389 1290 1432; x_wconf 87' lang='lat' dir='ltr'>filios</span> <span class='ocrx_word' id='word_1_167' title='bbox 1312 1389 1388 1431; x_wconf 90' lang='lat' dir='ltr'>Dei</span> <span class='ocrx_word' id='word_1_168' title='bbox 1410 1388 1529 1441; x_wconf 77' lang='lat' dir='ltr'>fieri,</span> <span class='ocrx_word' id='word_1_169' title='bbox 1553 1388 1619 1431; x_wconf 91' lang='lat' dir='ltr'>his</span> <span class='ocrx_word' id='word_1_170' title='bbox 1641 1388 1718 1446; x_wconf 90' lang='lat' dir='ltr'>qui</span> 
     </span>
     <span class='ocr_line' id='line_1_18' title="bbox 334 1457 1718 1519; baseline 0 -18"><span class='ocrx_word' id='word_1_171' title='bbox 334 1481 351 1501; x_wconf 86' lang='lat'>»</span> <span class='ocrx_word' id='word_1_172' title='bbox 388 1460 574 1504; x_wconf 86' lang='lat' dir='ltr'>credunt</span> <span class='ocrx_word' id='word_1_173' title='bbox 589 1459 635 1502; x_wconf 92' lang='lat' dir='ltr'>in</span> <span class='ocrx_word' id='word_1_174' title='bbox 656 1461 833 1504; x_wconf 89' lang='lat' dir='ltr'>nomine</span> <span class='ocrx_word' id='word_1_175' title='bbox 856 1461 947 1519; x_wconf 84' lang='lat' dir='ltr'>ejus</span> <span class='ocrx_word' id='word_1_176' title='bbox 967 1462 980 1485; x_wconf 89' lang='lat'>⁵</span> <span class='ocrx_word' id='word_1_177' title='bbox 1007 1479 1014 1503; x_wconf 89' lang='lat'><strong>:</strong></span> <span class='ocrx_word' id='word_1_178' title='bbox 1041 1478 1059 1500; x_wconf 94' lang='lat'>»</span> <span class='ocrx_word' id='word_1_179' title='bbox 1076 1469 1126 1503; x_wconf 89' lang='lat' dir='ltr'>ut</span> <span class='ocrx_word' id='word_1_180' title='bbox 1150 1467 1329 1502; x_wconf 87' lang='lat' dir='ltr'>teneant</span> <span class='ocrx_word' id='word_1_181' title='bbox 1349 1457 1517 1517; x_wconf 88' lang='lat' dir='ltr'>lignum</span> <span class='ocrx_word' id='word_1_182' title='bbox 1539 1467 1581 1501; x_wconf 87' lang='lat' dir='ltr'>et</span> <span class='ocrx_word' id='word_1_183' title='bbox 1603 1472 1718 1502; x_wconf 85' lang='lat' dir='ltr'>mare</span> 
     </span>
     <span class='ocr_line' id='line_1_19' title="bbox 328 1540 1378 1574; baseline -0.004 0"><span class='ocrx_word' id='word_1_184' title='bbox 328 1540 564 1574; x_wconf 84' lang='lat' dir='ltr'>transeant.</span> <span class='ocrx_word' id='word_1_185' title='bbox 1374 1561 1378 1565; x_wconf 90' lang='lat'>.</span> 
     </span>
    </p>

    <p class='ocr_par' dir='ltr' id='par_1_3' title="bbox 330 1596 1723 2496">
     <span class='ocr_line' id='line_1_20' title="bbox 388 1596 1721 1660; baseline -0.004 -15"><span class='ocrx_word' id='word_1_186' title='bbox 388 1604 508 1644; x_wconf 86' lang='lat' dir='ltr'><strong>XIV.</strong></span> <span class='ocrx_word' id='word_1_187' title='bbox 531 1604 586 1645; x_wconf 90' lang='lat' dir='ltr'>Et</span> <span class='ocrx_word' id='word_1_188' title='bbox 599 1599 822 1660; x_wconf 89' lang='lat' dir='ltr'>quomodo</span> <span class='ocrx_word' id='word_1_189' title='bbox 840 1597 903 1642; x_wconf 91' lang='lat' dir='ltr'>illi</span> <span class='ocrx_word' id='word_1_190' title='bbox 918 1600 1188 1643; x_wconf 80' lang='lat' dir='ltr'>nascuntur?</span> <span class='ocrx_word' id='word_1_191' title='bbox 1210 1599 1286 1642; x_wconf 89' lang='lat' dir='ltr'>Isti</span> <span class='ocrx_word' id='word_1_192' title='bbox 1307 1598 1407 1657; x_wconf 85' lang='lat' dir='ltr'>quia</span> <span class='ocrx_word' id='word_1_193' title='bbox 1421 1596 1499 1640; x_wconf 90' lang='lat' dir='ltr'>filii</span> <span class='ocrx_word' id='word_1_194' title='bbox 1517 1597 1594 1641; x_wconf 90' lang='lat' dir='ltr'>Dei</span> <span class='ocrx_word' id='word_1_195' title='bbox 1607 1598 1721 1641; x_wconf 88' lang='lat' dir='ltr'>fiunt</span> 
     </span>
     <span class='ocr_line' id='line_1_21' title="bbox 330 1668 1720 1729; baseline -0.004 -14"><span class='ocrx_word' id='word_1_196' title='bbox 330 1681 372 1715; x_wconf 90' lang='lat' dir='ltr'>et</span> <span class='ocrx_word' id='word_1_197' title='bbox 394 1671 547 1715; x_wconf 86' lang='lat' dir='ltr'>fratres</span> <span class='ocrx_word' id='word_1_198' title='bbox 569 1673 726 1716; x_wconf 80' lang='lat' dir='ltr'>Christi</span> <span class='ocrx_word' id='word_1_199' title='bbox 748 1705 759 1725; x_wconf 78' lang='lat'><em>‚</em></span> <span class='ocrx_word' id='word_1_200' title='bbox 781 1671 934 1729; x_wconf 89' lang='lat' dir='ltr'>utique</span> <span class='ocrx_word' id='word_1_201' title='bbox 955 1678 1212 1713; x_wconf 87' lang='lat' dir='ltr'>nascuntur.</span> <span class='ocrx_word' id='word_1_202' title='bbox 1237 1671 1348 1713; x_wconf 89' lang='lat' dir='ltr'>Nam</span> <span class='ocrx_word' id='word_1_203' title='bbox 1370 1668 1511 1712; x_wconf 91' lang='lat' dir='ltr'>sinon</span> <span class='ocrx_word' id='word_1_204' title='bbox 1531 1683 1720 1711; x_wconf 83' lang='lat' dir='ltr'>nascun-</span> 
     </span>
     <span class='ocr_line' id='line_1_22' title="bbox 330 1738 1721 1801; baseline -0.004 -16"><span class='ocrx_word' id='word_1_205' title='bbox 330 1751 418 1796; x_wconf 84' lang='lat' dir='ltr'>tur,</span> <span class='ocrx_word' id='word_1_206' title='bbox 446 1742 520 1784; x_wconf 90' lang='lat' dir='ltr'>filii</span> <span class='ocrx_word' id='word_1_207' title='bbox 545 1741 768 1801; x_wconf 87' lang='lat' dir='ltr'>quomodo</span> <span class='ocrx_word' id='word_1_208' title='bbox 792 1756 881 1784; x_wconf 88' lang='lat' dir='ltr'>esse</span> <span class='ocrx_word' id='word_1_209' title='bbox 917 1741 1134 1798; x_wconf 79' lang='lat' dir='ltr'>possunt?</span> <span class='ocrx_word' id='word_1_210' title='bbox 1165 1739 1250 1784; x_wconf 88' lang='lat' dir='ltr'>Sed</span> <span class='ocrx_word' id='word_1_211' title='bbox 1271 1738 1350 1781; x_wconf 86' lang='lat' dir='ltr'>filii</span> <span class='ocrx_word' id='word_1_212' title='bbox 1370 1739 1596 1782; x_wconf 90' lang='lat' dir='ltr'>hominum</span> <span class='ocrx_word' id='word_1_213' title='bbox 1623 1752 1721 1780; x_wconf 88' lang='lat' dir='ltr'>nas-</span> 
     </span>
     <span class='ocr_line' id='line_1_23' title="bbox 331 1807 1721 1867; baseline -0.004 -12"><span class='ocrx_word' id='word_1_214' title='bbox 331 1821 492 1856; x_wconf 84' lang='lat' dir='ltr'>cuntur</span> <span class='ocrx_word' id='word_1_215' title='bbox 524 1827 574 1855; x_wconf 86' lang='lat' dir='ltr'>ex</span> <span class='ocrx_word' id='word_1_216' title='bbox 609 1826 737 1855; x_wconf 88' lang='lat' dir='ltr'>earne</span> <span class='ocrx_word' id='word_1_217' title='bbox 770 1820 812 1854; x_wconf 91' lang='lat' dir='ltr'>et</span> <span class='ocrx_word' id='word_1_218' title='bbox 843 1810 1051 1867; x_wconf 87' lang='lat' dir='ltr'>sanguine</span> <span class='ocrx_word' id='word_1_219' title='bbox 1073 1843 1083 1863; x_wconf 80' lang='lat'>‚</span> <span class='ocrx_word' id='word_1_220' title='bbox 1109 1818 1151 1853; x_wconf 90' lang='lat' dir='ltr'>et</span> <span class='ocrx_word' id='word_1_221' title='bbox 1170 1825 1221 1852; x_wconf 85' lang='lat' dir='ltr'>ex</span> <span class='ocrx_word' id='word_1_222' title='bbox 1240 1807 1467 1852; x_wconf 79' lang='lat' dir='ltr'>voluntate</span> <span class='ocrx_word' id='word_1_223' title='bbox 1484 1807 1586 1861; x_wconf 87' lang='lat' dir='ltr'>viri,</span> <span class='ocrx_word' id='word_1_224' title='bbox 1607 1816 1650 1850; x_wconf 88' lang='lat' dir='ltr'>et</span> <span class='ocrx_word' id='word_1_225' title='bbox 1671 1822 1721 1850; x_wconf 81' lang='lat' dir='ltr'>ex</span> 
     </span>
     <span class='ocr_line' id='line_1_24' title="bbox 331 1878 1722 1940; baseline -0.004 -15"><span class='ocrx_word' id='word_1_226' title='bbox 331 1882 561 1940; x_wconf 86' lang='lat' dir='ltr'>complexu</span> <span class='ocrx_word' id='word_1_227' title='bbox 594 1881 797 1940; x_wconf 77' lang='lat' dir='ltr'>conjugii.</span> <span class='ocrx_word' id='word_1_228' title='bbox 839 1879 909 1924; x_wconf 86' lang='lat' dir='ltr'>Illi</span> <span class='ocrx_word' id='word_1_229' title='bbox 948 1888 1091 1923; x_wconf 84' lang='lat' dir='ltr'>autem</span> <span class='ocrx_word' id='word_1_230' title='bbox 1127 1878 1350 1938; x_wconf 91' lang='lat' dir='ltr'>quomodo</span> <span class='ocrx_word' id='word_1_231' title='bbox 1384 1878 1422 1921; x_wconf 89' lang='lat' dir='ltr'>ei</span> <span class='ocrx_word' id='word_1_232' title='bbox 1452 1879 1722 1921; x_wconf 77' lang='lat' dir='ltr'>nascuntur?</span> 
     </span>
     <span class='ocr_line' id='line_1_25' title="bbox 336 1946 1717 2008; baseline -0.002 -15"><span class='ocrx_word' id='word_1_233' title='bbox 336 1972 354 1993; x_wconf 94' lang='lat'>«</span> <span class='ocrx_word' id='word_1_234' title='bbox 391 1953 475 2004; x_wconf 89' lang='lat' dir='ltr'>Qui</span> <span class='ocrx_word' id='word_1_235' title='bbox 491 1968 579 1996; x_wconf 90' lang='lat' dir='ltr'>non</span> <span class='ocrx_word' id='word_1_236' title='bbox 596 1968 647 1994; x_wconf 82' lang='lat' dir='ltr'>ex</span> <span class='ocrx_word' id='word_1_237' title='bbox 669 1951 956 2008; x_wconf 81' lang='lat' dir='ltr'>sanguinibus</span> <span class='ocrx_word' id='word_1_238' title='bbox 971 1952 985 1975; x_wconf 81' lang='lat'>⁰</span> <span class='ocrx_word' id='word_1_239' title='bbox 1000 1970 1014 1993; x_wconf 62' lang='lat'>⁴2</span> <span class='ocrx_word' id='word_1_240' title='bbox 1039 1968 1058 1990; x_wconf 69' lang='grc' dir='ltr'><strong>η</strong></span> <span class='ocrx_word' id='word_1_241' title='bbox 1080 1960 1288 2008; x_wconf 85' lang='lat' dir='ltr'>tanquam</span> <span class='ocrx_word' id='word_1_242' title='bbox 1306 1949 1433 1992; x_wconf 86' lang='lat' dir='ltr'>maris</span> <span class='ocrx_word' id='word_1_243' title='bbox 1451 1958 1494 1991; x_wconf 90' lang='lat' dir='ltr'>et</span> <span class='ocrx_word' id='word_1_244' title='bbox 1509 1946 1717 1991; x_wconf 84' lang='lat' dir='ltr'>foeminae.</span> 
     </span>
     <span class='ocr_line' id='line_1_26' title="bbox 335 2019 1723 2078; baseline -0.004 -12"><span class='ocrx_word' id='word_1_245' title='bbox 335 2023 552 2078; x_wconf 83' lang='lat' dir='ltr'>Sanguina</span> <span class='ocrx_word' id='word_1_246' title='bbox 581 2038 668 2065; x_wconf 91' lang='lat' dir='ltr'>non</span> <span class='ocrx_word' id='word_1_247' title='bbox 707 2030 770 2064; x_wconf 86' lang='lat' dir='ltr'>est</span> <span class='ocrx_word' id='word_1_248' title='bbox 795 2021 977 2064; x_wconf 88' lang='lat' dir='ltr'>latinum</span> <span class='ocrx_word' id='word_1_249' title='bbox 1005 2039 1013 2063; x_wconf 72' lang='grc' dir='ltr'>ε</span> <span class='ocrx_word' id='word_1_250' title='bbox 1040 2019 1115 2063; x_wconf 85' lang='lat' dir='ltr'>sed</span> <span class='ocrx_word' id='word_1_251' title='bbox 1138 2020 1239 2078; x_wconf 83' lang='lat' dir='ltr'>quia</span> <span class='ocrx_word' id='word_1_252' title='bbox 1269 2033 1408 2076; x_wconf 86' lang='lat' dir='ltr'>graece</span> <span class='ocrx_word' id='word_1_253' title='bbox 1432 2019 1620 2076; x_wconf 86' lang='lat' dir='ltr'>positum</span> <span class='ocrx_word' id='word_1_254' title='bbox 1658 2026 1723 2061; x_wconf 86' lang='lat' dir='ltr'>est</span> 
     </span>
     <span class='ocr_line' id='line_1_27' title="bbox 332 2088 1721 2151; baseline -0.003 -16"><span class='ocrx_word' id='word_1_255' title='bbox 332 2091 573 2151; x_wconf 83' lang='lat' dir='ltr'>pluraliter,</span> <span class='ocrx_word' id='word_1_256' title='bbox 601 2091 756 2134; x_wconf 86' lang='lat' dir='ltr'>maluit</span> <span class='ocrx_word' id='word_1_257' title='bbox 777 2089 850 2133; x_wconf 87' lang='lat' dir='ltr'>ille</span> <span class='ocrx_word' id='word_1_258' title='bbox 875 2089 951 2149; x_wconf 86' lang='lat' dir='ltr'>qui</span> <span class='ocrx_word' id='word_1_259' title='bbox 980 2088 1352 2147; x_wconf 84' lang='lat' dir='ltr'>interpretabatur</span> <span class='ocrx_word' id='word_1_260' title='bbox 1373 2088 1432 2131; x_wconf 89' lang='lat' dir='ltr'>sic</span> <span class='ocrx_word' id='word_1_261' title='bbox 1453 2101 1616 2145; x_wconf 85' lang='lat' dir='ltr'>ponere</span> <span class='ocrx_word' id='word_1_262' title='bbox 1634 2122 1645 2141; x_wconf 85' lang='lat'>‚</span> <span class='ocrx_word' id='word_1_263' title='bbox 1678 2097 1721 2131; x_wconf 87' lang='lat' dir='ltr'>et</span> 
     </span>
     <span class='ocr_line' id='line_1_28' title="bbox 332 2156 1722 2221; baseline -0.004 -16"><span class='ocrx_word' id='word_1_264' title='bbox 332 2163 455 2221; x_wconf 85' lang='lat' dir='ltr'>quasi</span> <span class='ocrx_word' id='word_1_265' title='bbox 489 2162 632 2204; x_wconf 89' lang='lat' dir='ltr'>minus</span> <span class='ocrx_word' id='word_1_266' title='bbox 669 2160 803 2204; x_wconf 83' lang='lat' dir='ltr'>latine</span> <span class='ocrx_word' id='word_1_267' title='bbox 830 2159 950 2218; x_wconf 89' lang='lat' dir='ltr'>loqui</span> <span class='ocrx_word' id='word_1_268' title='bbox 973 2157 1212 2201; x_wconf 85' lang='lat' dir='ltr'>secundum</span> <span class='ocrx_word' id='word_1_269' title='bbox 1242 2156 1544 2215; x_wconf 84' lang='lat' dir='ltr'>grammaticos</span> <span class='ocrx_word' id='word_1_270' title='bbox 1576 2165 1620 2199; x_wconf 91' lang='lat' dir='ltr'>et</span> <span class='ocrx_word' id='word_1_271' title='bbox 1655 2165 1722 2199; x_wconf 90' lang='lat' dir='ltr'>ta-</span> 
     </span>
     <span class='ocr_line' id='line_1_29' title="bbox 332 2227 1717 2291; baseline -0.005 -15"><span class='ocrx_word' id='word_1_272' title='bbox 332 2248 433 2276; x_wconf 86' lang='lat' dir='ltr'>men</span> <span class='ocrx_word' id='word_1_273' title='bbox 457 2232 671 2291; x_wconf 78' lang='lat' dir='ltr'>explicare</span> <span class='ocrx_word' id='word_1_274' title='bbox 693 2231 917 2275; x_wconf 80' lang='lat' dir='ltr'>veritatem</span> <span class='ocrx_word' id='word_1_275' title='bbox 940 2227 1182 2273; x_wconf 85' lang='lat' dir='ltr'>secundum</span> <span class='ocrx_word' id='word_1_276' title='bbox 1205 2227 1404 2271; x_wconf 85' lang='lat' dir='ltr'>auditum</span> <span class='ocrx_word' id='word_1_277' title='bbox 1426 2227 1717 2270; x_wconf 88' lang='lat' dir='ltr'>infirmorum.</span> 
     </span>
     <span class='ocr_line' id='line_1_30' title="bbox 335 2296 1720 2359; baseline -0.006 -11"><span class='ocrx_word' id='word_1_278' title='bbox 335 2304 378 2348; x_wconf 91' lang='lat' dir='ltr'>Si</span> <span class='ocrx_word' id='word_1_279' title='bbox 402 2304 517 2346; x_wconf 90' lang='lat' dir='ltr'>enim</span> <span class='ocrx_word' id='word_1_280' title='bbox 540 2304 703 2346; x_wconf 86' lang='lat' dir='ltr'>diceret</span> <span class='ocrx_word' id='word_1_281' title='bbox 725 2301 979 2359; x_wconf 82' lang='lat' dir='ltr'>sanguinem</span> <span class='ocrx_word' id='word_1_282' title='bbox 1002 2298 1211 2357; x_wconf 83' lang='lat' dir='ltr'>singulari</span> <span class='ocrx_word' id='word_1_283' title='bbox 1234 2312 1440 2351; x_wconf 85' lang='lat' dir='ltr'>numero,</span> <span class='ocrx_word' id='word_1_284' title='bbox 1462 2312 1553 2341; x_wconf 93' lang='lat' dir='ltr'>non</span> <span class='ocrx_word' id='word_1_285' title='bbox 1579 2296 1720 2354; x_wconf 83' lang='lat' dir='ltr'>expli-</span> 
     </span>
     <span class='ocr_line' id='line_1_31' title="bbox 333 2368 1721 2432; baseline -0.005 -16"><span class='ocrx_word' id='word_1_286' title='bbox 333 2382 450 2416; x_wconf 81' lang='lat' dir='ltr'>caret</span> <span class='ocrx_word' id='word_1_287' title='bbox 463 2373 583 2432; x_wconf 84' lang='lat' dir='ltr'>quod</span> <span class='ocrx_word' id='word_1_288' title='bbox 600 2372 773 2416; x_wconf 85' lang='lat' dir='ltr'>volebat</span> <span class='ocrx_word' id='word_1_289' title='bbox 794 2391 802 2414; x_wconf 89' lang='grc'>;</span> <span class='ocrx_word' id='word_1_290' title='bbox 821 2386 870 2413; x_wconf 85' lang='lat' dir='ltr'>ex</span> <span class='ocrx_word' id='word_1_291' title='bbox 887 2369 1168 2427; x_wconf 79' lang='lat' dir='ltr'>sanguinibus</span> <span class='ocrx_word' id='word_1_292' title='bbox 1186 2368 1303 2411; x_wconf 88' lang='lat' dir='ltr'>enim</span> <span class='ocrx_word' id='word_1_293' title='bbox 1321 2368 1518 2411; x_wconf 83' lang='lat' dir='ltr'>homines</span> <span class='ocrx_word' id='word_1_294' title='bbox 1537 2381 1721 2410; x_wconf 53' lang='lat' dir='ltr'>nascunn</span> 
     </span>
     <span class='ocr_line' id='line_1_32' title="bbox 333 2434 1721 2496; baseline -0.006 -10"><span class='ocrx_word' id='word_1_295' title='bbox 333 2452 402 2486; x_wconf 93' lang='lat' dir='ltr'>tur</span> <span class='ocrx_word' id='word_1_296' title='bbox 423 2443 549 2486; x_wconf 88' lang='lat' dir='ltr'>maris</span> <span class='ocrx_word' id='word_1_297' title='bbox 564 2451 607 2486; x_wconf 91' lang='lat' dir='ltr'>et</span> <span class='ocrx_word' id='word_1_298' title='bbox 622 2441 831 2485; x_wconf 80' lang='lat' dir='ltr'>foeminae.</span> <span class='ocrx_word' id='word_1_299' title='bbox 851 2440 1050 2483; x_wconf 80' lang='lat' dir='ltr'>Dicamus</span> <span class='ocrx_word' id='word_1_300' title='bbox 1065 2452 1168 2496; x_wconf 87' lang='lat' dir='ltr'>ergo</span> <span class='ocrx_word' id='word_1_301' title='bbox 1184 2472 1194 2491; x_wconf 88' lang='lat'>‚</span> <span class='ocrx_word' id='word_1_302' title='bbox 1215 2452 1304 2480; x_wconf 92' lang='lat' dir='ltr'>non</span> <span class='ocrx_word' id='word_1_303' title='bbox 1318 2437 1546 2480; x_wconf 89' lang='lat' dir='ltr'>timeamus</span> <span class='ocrx_word' id='word_1_304' title='bbox 1562 2434 1721 2479; x_wconf 87' lang='lat' dir='ltr'>ferulas</span> 
     </span>
    </p>
   </div>
   <div class='ocr_carea' id='block_1_3' title="bbox 335 2517 1720 2635">
    <p class='ocr_par' dir='ltr' id='par_1_4' title="bbox 335 2517 1720 2635">
     <span class='ocr_line' id='line_1_33' title="bbox 383 2517 1720 2581; baseline -0.006 -11"><span class='ocrx_word' id='word_1_305' title='bbox 383 2545 391 2561; x_wconf 90' lang='lat'>¹</span> <span class='ocrx_word' id='word_1_306' title='bbox 422 2539 487 2570; x_wconf 83' lang='lat' dir='ltr'>Gal.</span> <span class='ocrx_word' id='word_1_307' title='bbox 518 2550 563 2579; x_wconf 77' lang='lat' dir='ltr'>iv,</span> <span class='ocrx_word' id='word_1_308' title='bbox 583 2550 615 2581; x_wconf 89' lang='lat'>7.</span> <span class='ocrx_word' id='word_1_309' title='bbox 640 2555 681 2560; x_wconf 90' lang='lat'>—</span> <span class='ocrx_word' id='word_1_310' title='bbox 705 2544 718 2559; x_wconf 84' lang='lat'>²</span> <span class='ocrx_word' id='word_1_311' title='bbox 744 2539 834 2568; x_wconf 63' lang='lat' dir='ltr'>Rom,</span> <span class='ocrx_word' id='word_1_312' title='bbox 863 2517 933 2577; x_wconf 58' lang='lat' dir='ltr'>irin,</span> <span class='ocrx_word' id='word_1_313' title='bbox 957 2546 1008 2577; x_wconf 83' lang='lat'>17.</span> <span class='ocrx_word' id='word_1_314' title='bbox 1041 2551 1083 2557; x_wconf 95' lang='lat'>—-</span> <span class='ocrx_word' id='word_1_315' title='bbox 1111 2532 1125 2557; x_wconf 85' lang='lat'><em>3</em></span> <span class='ocrx_word' id='word_1_316' title='bbox 1155 2534 1236 2565; x_wconf 86' lang='lat' dir='ltr'>Psal.</span> <span class='ocrx_word' id='word_1_317' title='bbox 1268 2545 1306 2574; x_wconf 72' lang='lat'>11,</span> <span class='ocrx_word' id='word_1_318' title='bbox 1323 2540 1358 2570; x_wconf 81' lang='grc'>7.</span> <span class='ocrx_word' id='word_1_319' title='bbox 1385 2549 1426 2555; x_wconf 90' lang='grc'>-</span> <span class='ocrx_word' id='word_1_320' title='bbox 1444 2531 1460 2562; x_wconf 76' lang='grc'>4</span> <span class='ocrx_word' id='word_1_321' title='bbox 1479 2532 1526 2565; x_wconf 91' lang='lat' dir='ltr'>Id.</span> <span class='ocrx_word' id='word_1_322' title='bbox 1551 2540 1606 2572; x_wconf 83' lang='lat' dir='ltr'>xv,</span> <span class='ocrx_word' id='word_1_323' title='bbox 1627 2531 1658 2564; x_wconf 89' lang='lat'>5.</span> <span class='ocrx_word' id='word_1_324' title='bbox 1679 2548 1720 2554; x_wconf 96' lang='lat'>—</span> 
     </span>
     <span class='ocr_line' id='line_1_34' title="bbox 335 2591 847 2635; baseline 0 -10"><span class='ocrx_word' id='word_1_325' title='bbox 335 2592 350 2617; x_wconf 78' lang='lat'><em>5</em></span> <span class='ocrx_word' id='word_1_326' title='bbox 366 2597 456 2626; x_wconf 88' lang='lat' dir='ltr'>Joan.</span> <span class='ocrx_word' id='word_1_327' title='bbox 477 2606 501 2635; x_wconf 87' lang='lat'>1,</span> <span class='ocrx_word' id='word_1_328' title='bbox 521 2603 570 2626; x_wconf 81' lang='lat'>12.</span> <span class='ocrx_word' id='word_1_329' title='bbox 593 2591 663 2616; x_wconf 66' lang='lat' dir='ltr'>——s’</span> <span class='ocrx_word' id='word_1_330' title='bbox 685 2592 767 2624; x_wconf 87' lang='lat' dir='ltr'>Ibid.</span> <span class='ocrx_word' id='word_1_331' title='bbox 797 2592 847 2625; x_wconf 84' lang='lat'>13.</span> 
     </span>
    </p>
   </div>
  </div>
 </body>
</html>
