1819 3301
301 243 386 284 442
733 255 766 283 S.
805 257 1033 284 Auensrim
1068 254 1250 282 EPISCOPI

301 322 456 366 tizatus
478 321 688 366 Dominus
712 321 904 365 ascendit
925 321 979 363 ab
1002 336 1113 380 aqua
1131 355 1142 375 ,
1171 320 1425 380 aperiuntur
1447 320 1569 375 coeli,
1590 320 1690 365 des-

302 392 450 438 cendit
476 393 658 452 Spiritus
673 427 683 446 ,
707 390 838 434 modo
862 390 987 434 illum
1009 391 1232 449 cognoscit
1254 394 1442 435 Joannes
1468 410 1477 434 ,·
1504 393 1537 435 si
1561 391 1692 435 modo

303 463 428 508 illum
451 463 692 521 cognoscit,
715 460 822 521 quid
847 460 953 505 dixit
970 471 1096 505 antea
1123 480 1132 506 ς
1161 481 1181 503 «
1207 465 1301 520 Ego
1323 477 1345 504 a
1366 470 1408 504 te
1429 460 1569 505 debeo
1593 462 1694 520 bap·

307 553 327 575 >›
364 534 508 578 tizari‘?
534 552 552 572 n
586 532 628 576 Si
652 541 796 575 autem
827 547 914 575 non
941 547 1040 575 eum
1061 531 1191 577 modo
1220 532 1465 591 cognoscit,
1488 532 1590 592 quia
1604 533 1694 592 jam

306 612 486 649 noverat
509 618 625 656 eum,
652 601 759 661 quid
779 611 842 646 est
863 602 983 662 quod
1005 601 1115 646 dixit
1141 623 1149 647 ;
1174 623 1194 645 «
1220 606 1317 648 Non
1340 618 1545 647 noveram
1570 617 1692 656 eum,

310 694 329 716 »
365 674 437 718 sed
462 674 538 733 qui
566 689 634 716 me
662 673 777 716 misit
811 673 1030 733 baptizare
1058 674 1103 717 in
1135 690 1270 734 aqua,
1304 673 1378 717 ille
1410 673 1516 716 mihi
1543 673 1651 716 dixit
1684 691 1694 716 t

311 764 331 786 »
370 747 508 804 Super
542 760 673 804 quem
703 743 860 788 videris
895 744 1106 803 Spiritum
1137 743 1472 788 descendentem
1491 778 1501 798 ,
1533 752 1576 786 et
1602 757 1696 786 ma-

311 833 331 856 »
368 824 545 858 nentem
573 830 701 873 super
722 829 823 858 eum
853 814 965 858 sicut
985 815 1235 859 columbam
1253 849 1263 869 ,
1290 814 1380 873 ipse
1400 822 1464 857 est
1490 813 1566 873 qui
1589 812 1700 872 bap-

369 886 470 929 tizat
487 885 531 928 in
557 885 718 944 Spiritu
736 893 898 928 sancto.
930 903 949 925 »

367 958 487 999 XV12
523 958 715 1009 Fratres,
744 955 823 998 ista
856 955 1038 1015 quaestio
1068 955 1101 998 si
1130 953 1262 998 hodie
1294 953 1516 1008 solvatur,
1553 962 1702 1011 gravat

310 1042 408 1080 vos,
442 1042 530 1069 non
555 1025 710 1069 dubito
727 1060 737 1080 ,
764 1026 865 1085 quia
885 1026 974 1085 jam
1004 1025 1138 1069 multa
1163 1025 1277 1069 dicta
1299 1033 1415 1076 sunt.
1446 1023 1596 1068 Sciatis
1624 1039 1703 1066 au-

311 1107 399 1142 tem
427 1096 559 1141 talem
584 1097 708 1140 istam
736 1097 1020 1157 quaestionem
1056 1112 1143 1140 esse
1161 1132 1171 1151 ,
1204 1106 1253 1140 ut
1276 1096 1371 1140 haec
1400 1095 1490 1140 sola
1519 1094 1704 1154 perimat

310 1178 478 1228 partem
507 1169 677 1212 Donati.
700 1169 767 1212 Ad
787 1169 870 1211 hoc
892 1168 980 1211 dixi
997 1167 1208 1212 Charitati
1224 1170 1408 1222 Vestrae,
1434 1175 1484 1210 ut
1513 1165 1703 1209 intentos

313 1255 389 1284 vos
413 1238 594 1283 facerem
609 1274 619 1293 ,
641 1237 837 1282 similiter
859 1247 908 1282 ut
932 1237 1048 1282 soleo
1077 1257 1085 1282 :
1111 1236 1239 1281 simul
1262 1247 1312 1281 ut
1334 1237 1462 1281 oretis
1480 1252 1560 1296 pro
1578 1236 1703 1280 nobis

314 1319 357 1353 et
368 1309 508 1360 vobis,
527 1318 577 1352 ut
598 1317 641 1352 et
657 1309 782 1352 nobis
800 1307 873 1351 det
892 1308 1102 1352 Dominus
1120 1307 1250 1365 digna
1268 1307 1406 1367 loqui,
1424 1315 1467 1349 et
1483 1321 1556 1350 vos
1575 1304 1702 1363 digna

313 1396 467 1440 capere
484 1380 752 1424 mereamini.
776 1380 955 1423 Interim
973 1380 1102 1423 hodie
1123 1378 1363 1438 dignamini
1390 1377 1566 1422 differre
1593 1396 1601 1421 :
1629 1375 1705 1421 sed

313 1452 397 1496 hoc
434 1450 622 1494 breviter
659 1449 757 1494 dico
789 1450 989 1504 interim,
1025 1448 1166 1493 donec
1199 1449 1418 1506 solvatur,
1441 1448 1704 1506 interrogate

314 1522 513 1582 pacifice,
537 1522 628 1564 sine
649 1521 753 1575 rixa,
779 1520 870 1564 sine
892 1520 1196 1574 contentione,
1222 1520 1313 1564 sine
1336 1518 1703 1572 altercationibus,

315 1593 405 1636 sine
427 1592 658 1635 inimicitiis
676 1613 687 1648 3
707 1600 750 1634 et
767 1591 990 1635 vobiscum
1010 1591 1194 1650 quaerite
1208 1625 1218 1645 ,
1245 1599 1288 1634 et
1302 1590 1406 1634 alios
1425 1589 1703 1646 interrogate,

315 1673 358 1708 et
380 1664 537 1707 dicite:
564 1666 686 1706 Hanc
708 1663 991 1722 quaestionem
1022 1662 1249 1721 proposuit
1278 1661 1404 1705 nobis
1431 1659 1560 1705 hodie
1593 1660 1706 1719 epis-

315 1751 449 1794 copus
472 1743 634 1788 noster,
661 1733 897 1793 aliquando
912 1734 945 1776 si
969 1733 1176 1777 Dominus
1190 1733 1462 1786 concesserit,
1486 1731 1708 1775 soluturus

315 1821 424 1849 eam.
455 1804 539 1849 Sed
561 1806 649 1849 sive
675 1804 884 1857 solvatur,
906 1805 993 1847 sive
1007 1819 1095 1847 non
1113 1802 1321 1856 solvatur,
1346 1811 1497 1862 putate
1515 1816 1584 1845 me
1608 1816 1709 1860 pro-

315 1877 506 1934 posuisse
532 1876 650 1936 quod
682 1891 751 1918 me
774 1884 920 1918 movet
956 1894 965 1919 ;
999 1889 1176 1917 moveor
1207 1874 1323 1916 enim
1354 1872 1561 1915 multum.
1597 1871 1710 1915 Dicit

315 1949 503 1989 Joannes
525 1965 533 1990 ι
563 1965 581 1983 α
603 1948 696 2003 Ego
721 1961 743 1988 a
762 1953 803 1987 te
821 1946 960 1988 debeo
986 1944 1193 2004 baptizari
1219 1963 1228 1989 ;
1253 1963 1270 1984 »
1299 1952 1509 2002 tanquam
1535 1942 1709 1986 Christo

317 2016 508 2074 cognito.
539 2016 580 2059 Si
609 2016 723 2058 enim
753 2031 841 2058 non
875 2025 1054 2058 noverat
1088 2030 1188 2058 eum
1211 2030 1234 2057 a
1269 2029 1357 2074 quo
1386 2012 1562 2056 volebat
1594 2012 1706 2070 bap-

318 2086 454 2140 tizari,
481 2096 641 2130 temere
663 2085 834 2128 dicebat
854 2105 862 2129 :
888 2104 907 2126 «
935 2088 1026 2143 Ego
1050 2101 1072 2128 a
1096 2094 1138 2129 te
1160 2083 1301 2127 debeo
1320 2082 1546 2142 baptizari.
1576 2100 1595 2122 »
1621 2084 1710 2126 No-

318 2166 438 2201 verat
455 2172 557 2215 ergo
575 2171 691 2199 eum.
717 2157 756 2199 Si
776 2164 954 2199 noverat
973 2170 1090 2209 eum,
1108 2154 1215 2214 quid
1238 2163 1301 2197 est
1315 2169 1418 2211 ergo
1435 2152 1556 2212 quod
1574 2151 1678 2196 dicit
1696 2171 1706 2198 :

324 2247 344 2270 «
379 2231 475 2272 Non
498 2242 701 2270 noveram
726 2241 841 2280 eum,
868 2226 941 2269 sed
960 2225 1035 2285 qui
1057 2240 1125 2268 me
1145 2225 1260 2268 misit
1280 2224 1498 2283 baptizare
1516 2224 1560 2267 in
1579 2239 1707 2282 aqua,

325 2318 342 2339 η
378 2299 466 2357 ipse
491 2299 597 2342 mihi
621 2299 726 2341 dixit
757 2317 765 2341 :
796 2300 931 2356 Super
953 2311 1085 2356 quem
1120 2295 1279 2339 videris
1305 2296 1512 2354 Spiritum
1535 2294 1711 2338 descen-

324 2389 343 2411 »
380 2371 556 2414 dentem
579 2380 621 2413 et
641 2378 886 2412 manentem
911 2383 1039 2426 super
1061 2382 1178 2421 eum,
1199 2367 1310 2410 sicut
1331 2366 1597 2419 columbam,
1620 2365 1710 2424 ipse

326 2460 344 2481 »
381 2450 443 2483 est
469 2440 543 2500 qui
575 2439 761 2498 baptizat
789 2439 833 2481 in
859 2437 1020 2495 Spiritu
1042 2439 1221 2481 sancto?
1253 2455 1272 2476 »
1297 2435 1414 2489 Quid
1447 2434 1605 2478 dicturi
1634 2450 1709 2478 su-

323 2526 419 2554 mus
432 2513 449 2551 ⁴?
468 2511 576 2562 Quia
596 2525 682 2553 non
707 2509 862 2552 scimus
880 2506 1057 2567 quando
1074 2507 1241 2550 venerit
1263 2506 1497 2550 columba?
1514 2507 1577 2549 Ne
1598 2504 1711 2548 forte

325 2581 384 2624 ibi
409 2581 600 2635 lateant,
631 2580 833 2637 legantur
865 2579 934 2622 alii
958 2577 1241 2636 Evangelistae
1260 2612 1270 2631 ‚
1304 2578 1379 2637 qui
1402 2575 1573 2636 planius
1600 2574 1711 2618 illud

324 904 332 926 ν

313 904 322 926 )
