1819 3301
361 238 444 277 380
790 250 822 279 s.
860 250 1091 280 Aucus-nm
1123 252 1305 281 nmscom

868 394 1104 444 QUAESTIO
1135 396 1239 435 XVI.

423 546 444 569 «
472 529 793 571 INTELLExlsTts
809 526 904 570 haec
925 526 1071 570 omnia
1085 528 1104 570 Ξ)
1118 527 1278 572 Dicunt
1294 526 1331 572 ei
1345 546 1354 573 :
1366 527 1527 572 Etiam.
1544 529 1618 573 Ait
1632 528 1716 573 illis
1737 547 1746 574 :

364 615 385 638 υ
422 595 525 640 Ideo
547 596 686 640 omnis
711 596 857 641 Scriba
875 596 1029 641 doctus
1045 596 1091 640 in
1109 613 1242 656 regno
1259 596 1472 642 coelorum
1486 633 1497 653 ,
1523 599 1670 643 similis
1688 608 1752 643 est

365 685 385 708 »
423 667 588 711 homini
606 665 921 727 patrifamilias,
940 668 1015 727 qui
1030 667 1198 727 profert
1212 667 1267 712 de
1280 669 1483 714 thesauro
1493 684 1572 714 suo
1585 685 1696 714 nova
1709 679 1753 714 et

365 757 385 780 »
418 740 634 782 vetera1.»
658 740 813 783 Utrum
837 739 917 782 ista
939 738 1219 783 conclusione
1233 754 1446 798 exponere
1465 739 1605 784 voluit
1620 755 1753 801 quem

362 808 517 855 dixerit
538 811 788 854 thesaurum
807 811 852 854 in
870 826 973 870 agro
987 809 1346 854 absconditum?
1363 811 1578 864 Quoniam
1594 820 1754 855 sanctae

365 882 598 940 Scripturae
611 881 933 940 intelliguntur,
948 898 1047 942 quae
1063 881 1240 926 nomine
1251 882 1440 926 duorum
1459 884 1755 926 Testamento-

363 967 478 1006 rum,
498 952 607 997 Novi
626 961 669 996 et
681 952 863 1007 Veteris,
880 951 1229 997 concluduntur:
1246 951 1620 1013 quemadmodum
1637 951 1756 1012 apud

365 1023 496 1067 alium
520 1021 840 1081 Evangelistam
864 1022 1057 1083 gladium
1083 1023 1146 1067 bis
1176 1033 1355 1067 acutum
1378 1023 1453 1067 tali
1477 1023 1756 1068 conclusione

365 1093 537 1139 videtur
572 1096 828 1154 exponere3.
857 1098 925 1139 An
947 1095 1050 1155 quia
1068 1095 1114 1139 in
1135 1094 1351 1154 parabolis
1370 1095 1448 1139 ista
1465 1094 1638 1140 locutus
1669 1103 1755 1151 est,

367 1174 410 1210 et
438 1181 538 1210 cum
560 1165 782 1225 quaesisset
811 1165 866 1209 ab
890 1166 948 1210 eis
976 1175 1126 1210 utrum
1158 1165 1491 1220 intellexissent,
1520 1165 1758 1226 responde-

368 1245 472 1280 runt
512 1251 556 1279 se
597 1234 854 1280 intellexisse
885 1257 895 1293 3
940 1235 1119 1280 fortasse
1156 1236 1237 1280 ista
1279 1235 1562 1279 similitudine
1604 1235 1758 1280 ultima

369 1304 687 1366 patrisfamilias
712 1305 969 1364 proferentis
988 1307 1042 1350 de
1069 1307 1271 1351 thesauro
1289 1322 1368 1350 suo
1391 1322 1501 1351 nova
1525 1316 1568 1350 et
1588 1316 1755 1361 vetera,

370 1376 597 1421 ostendere
614 1375 753 1420 voluit
767 1392 867 1419 eum
892 1377 1071 1421 doctum
1090 1376 1343 1421 habendum
1365 1392 1454 1421 esse
1476 1378 1523 1420 in
1544 1376 1756 1432 Ecclesia,

370 1448 448 1506 qui
470 1447 601 1490 etiam
634 1447 874 1505 Scripturas
902 1457 1066 1491 veteres
1094 1447 1311 1507 parabolis
1342 1448 1571 1508 explicatas
1593 1448 1762 1492 intelle-

370 1518 500 1572 xerit,
527 1518 582 1561 ab
605 1517 694 1561 istis
717 1518 838 1562 novis
861 1519 1076 1577 accipiens
1095 1519 1288 1576 regulas?
1318 1519 1430 1572 Quia
1448 1529 1491 1563 et
1510 1518 1588 1562 ista
1612 1519 1761 1563 Domi-

372 1602 454 1630 nus
476 1602 552 1645 per
570 1587 796 1645 parabolas
811 1589 1077 1643 enuntiavit,
1107 1589 1304 1649 quamvis
1330 1590 1421 1648 ipse
1438 1590 1635 1634 Christus
1653 1598 1763 1633 esset

373 1657 469 1700 finis
499 1656 696 1713 illorum,
730 1657 772 1700 id
800 1667 889 1712 est,
916 1668 965 1702 ut
993 1659 1039 1701 in
1061 1674 1112 1703 eo
1140 1659 1212 1703 illa
1239 1669 1384 1703 vetera
1407 1660 1759 1719 complerentur:

373 1736 423 1770 ut
440 1727 473 1770 si
496 1727 586 1785 ipse
608 1727 651 1770 in
664 1742 752 1786 quo
775 1726 847 1770 illa
866 1727 1142 1786 complentur
1159 1738 1202 1772 et
1218 1729 1569 1784 manifestantur,
1588 1746 1665 1789 per
1686 1745 1764 1789 pa-

375 1796 544 1841 rabolas
567 1797 711 1840 adhuc
722 1795 934 1856 loquitur,
950 1798 1090 1841 donec
1102 1799 1192 1857 ejus
1214 1800 1352 1858 passio
1365 1800 1510 1844 velum
1524 1801 1761 1854 discindat,

375 1875 426 1909 ut
453 1865 562 1908 nihil
584 1867 637 1908 sit
660 1866 882 1909 occultum
906 1867 1027 1926 quod
1058 1883 1146 1911 non
1177 1869 1415 1926 reveletur,
1451 1870 1591 1914 multo
1628 1870 1766 1928 magis

376 1934 449 1978 illa
473 1950 570 1994 quae
593 1934 648 1978 ad
664 1936 1053 1980 commendandam
1069 1946 1232 1981 tantam
1251 1939 1434 1983 salutem
1453 1948 1541 1984 tam
1564 1939 1693 1998 longe
1712 1939 1766 1983 de

377 2005 453 2048 illo
485 2005 641 2064 scripta
673 2016 775 2049 sunt
792 2042 802 2060 ,
835 2008 1047 2065 parabolis
1073 2019 1222 2068 operta
1245 2025 1334 2053 esse
1357 2012 1605 2054 noverimus
1632 2030 1640 2053 2
1667 2025 1766 2069 quae

377 2091 479 2120 cum
507 2077 650 2120 sudaei
683 2077 737 2120 ad
761 2077 946 2121 litteram
969 2080 1242 2139 acciperent,
1269 2081 1507 2125 noluerunt
1529 2096 1619 2124 esse
1647 2079 1767 2125 docti

378 2148 422 2190 in
445 2162 577 2205 regno
601 2148 831 2203 coelorum,
855 2165 998 2209 neque
1015 2151 1195 2194 transire
1213 2150 1266 2193 ad
1285 2151 1505 2194 Christum
1519 2186 1529 2205 ,
1555 2160 1606 2195 ut
1623 2151 1766 2195 aufer-

379 2226 498 2261 retur
514 2218 738 2274 velamen,
765 2220 884 2279 quod
906 2236 1034 2278 supra
1056 2235 1129 2263 cor
1153 2235 1302 2264 eorum
1326 2222 1516 2279 positum
1538 2231 1617 2266 est.

430 2317 657 2359 'Mattli.x111,
678 2316 735 2357 51,
755 2317 807 2349 52.
833 2334 873 2340 --
894 2316 1006 2349 ²1hid.
1029 2315 1082 2359 44.
1106 2334 1144 2340 -
1171 2315 1183 2339 3
1204 2319 1347 2360 Apoc.1‚
1373 2321 1422 2350 16.
