1819 3301
353 276 399 302 m
430 272 604 303 JoAmws
636 273 943 315 EVANGELIUM,
977 275 1124 305 ‘rme-r.
1160 279 1226 305 111.
1402 267 1484 308 423

108 349 254 384 tamen
273 339 394 399 quod
415 339 546 384 debes
566 340 621 384 de
641 340 796 385 Adam.
825 341 909 398 Sed
930 358 1019 387 non
1044 352 1087 387 te
1113 343 1159 387 in
1185 351 1395 387 aeternum
1420 354 1484 388 te-

107 410 231 454 nebit
251 410 475 463 vinculum
494 411 658 468 peccati
686 430 694 454 ;
721 411 820 470 quia
840 421 1024 456 mortem
1048 422 1167 457 tuam
1191 423 1397 457 aeternam
1415 430 1488 458 oc-

108 479 214 524 cidit
236 482 349 523 mor‘s
374 479 620 538 temporalis
643 481 815 524 Domini
837 483 916 526 tui.
944 486 1040 542 Ipsa
1067 492 1131 527 est
1153 484 1286 540 gratia
1302 518 1312 537 ,
1337 482 1490 527 fratres

107 550 218 604 mei,
242 551 332 609 ipsa
356 559 419 593 est
439 560 482 593 et
499 551 653 594 veritas
679 570 687 594 :
715 551 815 609 quia
835 553 1042 609 promissa
1056 564 1099 598 et
1121 554 1324 598 exhibita.

165 624 284 665 XIV.
302 623 398 665 Non
415 630 503 665 erat
524 621 603 665 ista
626 622 672 664 in
690 623 835 666 Veteri
858 627 1153 679 Testamento,
1179 626 1279 684 quia
1302 628 1389 669 Lex
1412 624 1493 668 mi-
1554 631 1560 644 ¹

108 690 317 745 nabatur,
351 706 439 734 non
463 690 1008 752 opitulabatur3jubebat,
1041 710 1129 738 non
1161 695 1368 752 sanabat3
1398 694 1494 738 lan-

109 775 285 818 guorem
310 760 586 814 ostendebat,
617 776 708 805 non
728 761 954 807 auferebat
975 783 983 807 :
1004 763 1080 808 sed
1102 764 1173 808 ille
1195 766 1490 824 praeparabat,

109 829 278 874 medico
309 840 495 874 venturo
528 847 628 874 cum
649 833 784 889 gratia
811 843 854 877 et
881 835 1082 891 veritate,
1108 845 1315 895 tanquam
1338 834 1393 879 ad
1416 834 1494 878 ali-

111 916 242 961 quem
269 916 400 960 quem
434 916 586 944 curare
614 901 710 945 vult
744 902 959 958 medicus,
986 905 1127 948 mittat
1156 906 1295 964 primo
1325 920 1495 948 servum

109 987 236 1016 suum
258 1007 269 1026 ,
296 981 345 1016 ut
360 971 541 1029 ligatum
564 971 686 1015 illum
713 973 918 1017 inveniat.
947 977 1084 1019 Sanus
1106 991 1195 1020 non
1217 987 1329 1030 erat,
1355 977 1496 1019 sanari

110 1041 306 1097 nolebat,
327 1051 370 1086 et
402 1057 457 1085 ne
481 1051 727 1097 sanaretur,
754 1058 906 1087 sanum
936 1059 980 1089 se
1011 1061 1100 1089 esse
1122 1046 1343 1104 jactabat:
1369 1045 1493 1088 missa

110 1116 196 1156 Lex
232 1122 325 1167 est,
360 1112 509 1169 ligavit
543 1128 667 1170 eum3
691 1114 857 1157 invenit
891 1130 935 1158 se
972 1131 1117 1173 reum,
1149 1118 1237 1175 jam
1261 1115 1420 1159 clamat
1442 1115 1496 1158 de

108 1182 309 1241 ligatura.
331 1183 462 1226 Venit
475 1183 684 1226 Dominus
696 1218 706 1237 ‚
732 1193 855 1228 curat
873 1186 1027 1229 amaris
1047 1186 1319 1245 aliquantum
1334 1194 1377 1228 et
1392 1185 1496 1228 acri-

110 1253 192 1296 bus
222 1252 548 1296 medicamentis
570 1272 579 1296 2
600 1252 703 1296 dicit
722 1253 837 1296 enim
860 1264 1045 1312 aegroto,
1074 1258 1234 1312 Ferto3
1261 1255 1382 1309 dicit,
1410 1257 1496 1299 To-

108 1323 220 1377 lera,
255 1322 390 1377 dicit,
414 1322 511 1367 Noli
545 1322 723 1381 diligere
752 1322 965 1367 mundum
985 1360 995 1378 ,
1020 1325 1183 1369 habeto
1219 1325 1494 1383 patientiam,

108 1403 231 1438 curet
252 1402 295 1437 te
315 1394 424 1452 ignis
435 1393 737 1448 continentiae,
758 1392 920 1436 ferrum
940 1396 1292 1452 persecutionum
1309 1394 1498 1438 tolerent

109 1464 289 1509 vulnera
312 1473 401 1507 tua.
428 1463 752 1522 Expavescebas
776 1464 972 1523 quamvis
1006 1465 1162 1523 ligatus
1196 1484 1204 1508 :
1230 1464 1339 1508 liber
1359 1463 1433 1507 ille
1453 1460 1499 1507 et

109 1550 199 1579 non
220 1534 377 1592 ligatus
401 1533 511 1576 bibit
539 1532 659 1592 quod
682 1533 761 1577 tibi
794 1534 926 1577 dabat
952 1553 960 1578 :
987 1535 1103 1593 prior
1122 1550 1268 1593 passus
1297 1543 1362 1577 est
1383 1543 1431 1578 ut
1453 1543 1496 1578 te

109 1603 428 1658 consolaretur,
456 1612 663 1662 tanquam
698 1602 869 1658 dicens,
896 1604 1026 1656 Quod
1048 1605 1173 1648 times
1206 1604 1294 1663 pati
1317 1620 1395 1662 pro
1423 1613 1492 1657 te,

108 1676 226 1736 prior
247 1674 387 1733 patior
409 1689 486 1732 pro
510 1683 565 1717 te.
595 1676 697 1717 Haec
715 1683 779 1718 est
801 1675 958 1732 gratia,
979 1684 1022 1719 et
1040 1690 1197 1734 magna
1212 1674 1362 1733 gratia.
1390 1674 1496 1727 Quis
1519 1670 1522 1675 ¹

110 1745 229 1789 illam
249 1744 380 1802 digne
401 1742 647 1787 collaudat?

167 1816 263 1858 XV.
300 1816 360 1857 De
391 1812 636 1856 humilitate
667 1813 826 1857 Christi
858 1811 1042 1873 loquor,
1073 1812 1224 1857 fratres
1266 1813 1364 1856 mei.
1406 1815 1497 1857 Ma-

104 1885 167 1945 jes
200 1893 332 1927 tatem
375 1883 533 1927 Christi
575 1892 617 1926 et
646 1882 917 1927 divinitatem
947 1884 1105 1927 Christi
1139 1883 1235 1942 quis
1272 1882 1498 1941 loquitur?

108 1958 159 1999 In
197 1953 452 2013 explicando
489 1963 532 1996 et
568 1952 754 1997 dicendo
780 1962 828 1997 ut
864 1953 1177 2013 quoquomodo
1207 1953 1497 1997 humilitatem

110 2026 270 2071 Christi
309 2025 611 2084 loqueremur,
649 2040 738 2068 non
780 2025 1018 2068 sufficimus
1036 2059 1046 2079 ,
1089 2025 1177 2068 imo
1223 2024 1449 2067 deficimus
1485 2042 1494 2068 ι

109 2105 251 2140 totum
282 2094 572 2152 cogitantibus
591 2094 901 2138 committimus
931 2110 1045 2139 :non
1062 2094 1338 2137 audientibus
1360 2092 1501 2136 adim-

47 2170 54 2175 “
109 2166 293 2225 plemus.
333 2164 530 2222 Cogitate
570 2163 858 2208 humilitatem
898 2164 1073 2208 Christi.
1110 2163 1194 2207 Sed
1221 2163 1317 2221 quis
1343 2162 1494 2217 nobis,

110 2235 275 2294 inquis,
313 2249 407 2277 eam
452 2233 652 2292 explicat,
695 2233 776 2276 nisi
817 2242 863 2276 tu
911 2233 1055 2276 dicas?
1090 2231 1168 2275 Ille
1207 2232 1322 2275 intus
1357 2231 1495 2285 dicat,

110 2304 267 2350 Melius
308 2303 419 2347 illud
451 2303 699 2363 dicit‚.qui
728 2304 845 2346 intus
880 2303 1073 2356 habitat,
1111 2317 1240 2360 quam
1279 2301 1355 2360 qui
1396 2300 1498 2345 foris

112 2375 285 2419 clamat.
314 2377 410 2432 Ipse
426 2374 549 2417 vobis
567 2372 766 2417 ostendat
798 2371 977 2429 gratiam
995 2370 1248 2414 humilitatis
1276 2386 1385 2425 suae,
1421 2372 1498 2430 qui

112 2445 243 2501 coepit
275 2444 468 2487 habitare
510 2443 554 2485 in
587 2441 791 2486 cordibus
827 2441 991 2502 vestris.
1029 2443 1229 2484 Jamvero
1267 2440 1301 2483 si
1335 2441 1380 2483 in
1408 2441 1499 2499 ejus

110 2514 357 2560 humilitate
379 2512 633 2572 explicanda
654 2521 698 2556 et
722 2511 937 2569 eroganda
960 2505 1206 2564 deficimus,
1232 2511 1498 2569 majestatem

112 2586 202 2643 ejus
225 2584 320 2643 quis
342 2583 572 2642 loquatur?
593 2583 635 2627 Si
649 2582 843 2626 Verbum
854 2597 953 2625 caro
972 2579 1136 2625 factum
1148 2580 1382 2624 conturbat
1399 2594 1493 2633 nos,
