1819 3301
271 244 325 270 DE
354 244 563 270 consensu
597 240 1008 278 EvANGEns'rARuM,
1045 242 1126 267 ms.
1163 242 1227 267 111.
1383 230 1432 267 31

64 309 201 352 thaeus
223 316 368 351 autem
395 315 437 350 et
458 310 628 351 Marcus
645 342 656 361 ,
681 307 782 367 quia
805 305 859 349 de
880 307 959 349 ista
992 305 1260 364 respectione
1289 313 1440 348 tacue-

60 387 185 431 runt,
205 392 294 421 non
311 376 432 420 verbi
449 376 643 431 Domini,
667 375 742 420 sed
768 376 889 419 verbi
911 377 1014 418 Jesu
1036 389 1135 417 eum
1166 372 1439 417 recordatum

60 462 150 491 esse
173 447 376 490 dixerunt
399 466 408 491 :
435 455 483 490 ut
504 446 633 489 etiam
655 461 705 489 ex
719 446 802 489 hoc
825 444 1115 502 intelligamus
1132 443 1249 487 illam
1272 458 1443 502 respec-

61 517 224 561 tionem
248 531 271 559 a
295 519 414 567 Jesu,
435 531 524 559 non
544 515 746 559 humanis
766 515 918 570 oculis,
942 513 1016 559 sed
1035 513 1243 558 divinitus
1264 511 1439 557 factam.

61 656 1337 675 mmmmmwwwwmmwwumwwumwmmmvmmwwww
1344 655 1437 671 Μὶν

574 766 791 816 CAPUT
836 769 946 813 wi.

62 888 138 934 De
159 889 217 933 iis
250 902 355 946 (lace
387 903 530 932 mane
553 897 690 949 gesta
720 896 830 932 sunt
850 885 986 946 apud
1008 885 1250 946 Cai'plzam
1270 921 1280 941 ‚
1312 886 1448 945 prius

69 1380 90 1403 J)

69 1450 89 1473 ))

70 1521 89 1543 ))

71 1590 91 1613 ))

72 1661 92 1684 ))

72 1732 92 1754 ))

73 1802 92 1825 ))

121 974 268 1017 quam
284 957 324 1002 J
321 974 426 1002 esus
440 956 605 1001 Pilato
621 956 893 1002 traderetur
909 975 918 1000 .·
937 966 981 1001 et
1000 956 1058 1001 de
1082 957 1349 1001 testimonio
1365 954 1405 1000 J
1402 971 1450 999 e-

123 1030 282 1072 remioe
313 1027 445 1086 qaod
469 1025 735 1071 Matthaeus
767 1037 968 1086 propter
992 1026 1192 1071 Domini
1226 1027 1450 1085 prcetizcm

123 1099 403 1157 interposuit
418 1134 428 1150 ,
453 1113 561 1141 cam
586 1095 676 1142 hoc
704 1098 752 1141 ιή
770 1096 982 1157 ejusdem
1006 1095 1266 1156 Propheta?
1283 1097 1448 1157 Scrip-

125 1177 231 1212 tura
258 1183 354 1212 non
375 1175 656 1212 znvenzatur.

124 1294 310 1337 XXVII.
343 1293 562 1344 SEQtnTUR
601 1305 702 1348 ergo
733 1291 995 1345 Matthaeus,
1037 1299 1080 1333 et
1111 1289 1249 1333 dicit:
1278 1292 1451 1333 «Mane

123 1371 268 1405 autem
286 1361 424 1415 facto,
448 1360 676 1405 consilium
695 1361 887 1404 inierunt
912 1375 1060 1404 omnes
1078 1360 1295 1418 principes
1317 1375 1454 1403 sacer-

124 1432 278 1475 dotum
295 1441 337 1475 et
358 1431 546 1475 seniores
561 1430 712 1490 populi
728 1430 933 1474 adversus
950 1433 1114 1484 Jesum,
1138 1438 1188 1473 ut
1204 1445 1303 1472 eum
1323 1430 1453 1473 morti

125 1502 345 1546 traderent
372 1521 380 1546 ;
405 1511 449 1545 et
469 1503 664 1546 vinctum
688 1500 965 1545 adduxerunt
983 1516 1099 1554 eum,
1119 1509 1163 1543 et
1179 1499 1454 1544 tradiderunt

128 1573 282 1616 Pontio
294 1572 432 1616 Pilato
448 1571 686 1631 praesid'11.»
704 1574 874 1635 ligamus
887 1570 1081 1614 similiter
1097 1589 1105 1614 :
1123 1573 1211 1613 «Et
1226 1568 1453 1613 confestim

127 1658 275 1698 mane,
311 1643 482 1702 inquit,
520 1642 746 1686 consilium
782 1640 986 1685 facientes
1025 1641 1183 1684 summi
1211 1640 1454 1684 sacerdotes

128 1729 228 1757 cum
251 1713 490 1757 senioribus
513 1722 557 1756 et
580 1711 739 1756 Scribis
763 1720 804 1754 et
824 1711 1024 1755 universo
1052 1710 1235 1754 concilio
1257 1710 1454 1754 vincien-

127 1793 189 1827 tes
223 1786 372 1827 Jesum
405 1782 624 1826 duxerunt
656 1791 699 1824 et
729 1780 1001 1824 tradiderunt
1033 1780 1169 1823 Pilato
1183 1783 1215 1823 ².
1259 1799 1278 1823 »
1316 1784 1455 1824 Lucas

72 1864 214 1899 autem
236 1864 518 1914 posteaquam
551 1852 783 1911 complevit
798 1850 1013 1895 narrando
1030 1852 1143 1895 Petri
1160 1852 1452 1910 negationem,

73 1924 369 1984 recapitulavit
390 1940 489 1984 quae
511 1939 610 1967 cum
638 1923 821 1966 Domino
843 1931 959 1980 gesta
983 1931 1084 1965 sunt
1100 1956 1110 1975 ,
1130 1923 1219 1980 jam
1251 1931 1300 1965 ut
1322 1937 1457 1980 appa-

73 2004 138 2038 ret
156 2030 166 2049 ‚
186 1995 297 2039 circa
319 2010 446 2038 mane
467 2029 477 2048 ‚
504 2003 634 2053 atque
659 1993 717 2037 ita
749 1992 972 2036 contexuit
1000 1992 1293 2036 narrationem
1321 2012 1329 2036 2
1355 2012 1374 2034 (ι
1401 1995 1458 2036 Et

79 2083 98 2106 D

83 2154 101 2177 )›

81 2224 101 2247 ))

83 2294 103 2317 ))

85 2363 105 2387 ))

86 2435 107 2458 ))

89 2506 99 2529 )

99 2506 108 2529 υ

132 2065 213 2108 viri
233 2065 310 2124 qui
339 2064 542 2107 tenebant
577 2063 700 2106 illum
718 2097 728 2116 ‚
766 2061 1011 2105 illudebant
1037 2063 1076 2105 ei
1097 2098 1107 2117 ‚
1137 2064 1377 2115 caedentes,
1415 2071 1460 2106 et

137 2135 392 2179 velaverunt
413 2149 513 2178 eum
529 2169 539 2188 7
565 2143 607 2177 et
630 2132 932 2192 percutiebant
956 2131 1106 2176 faciem
1123 2134 1234 2192 ejus,
1261 2142 1304 2175 et
1326 2133 1460 2175 inter-

138 2207 352 2264 rogabant
387 2220 486 2248 eum
507 2239 517 2259 ‚
552 2204 772 2248 dicentes:
806 2203 1060 2262 Prophetiza
1089 2204 1185 2263 quis
1218 2212 1281 2247 est
1310 2203 1386 2263 qui
1417 2212 1460 2247 te

140 2276 350 2335 percussit
371 2277 388 2318 Ξ)
422 2278 477 2318 Et
514 2273 595 2317 alia
629 2272 766 2317 multa
808 2272 1155 2331 blasphemantes
1185 2272 1389 2316 dicebant
1416 2273 1458 2316 in

140 2361 256 2388 eum.
278 2349 334 2390 Et
355 2353 403 2389 ut
420 2344 558 2388 factus
579 2353 642 2388 est
663 2342 779 2398 dies,
806 2352 1104 2387 convenerunt
1121 2344 1306 2387 seniores
1326 2343 1464 2402 plebis

143 2425 186 2461 et
208 2416 422 2475 principes
444 2415 715 2460 sacerdotum
740 2424 783 2458 et
807 2415 990 2471 Scribae3
1024 2424 1067 2458 et
1101 2414 1320 2459 duxerunt
1341 2415 1465 2459 illum

145 2487 190 2531 in
211 2487 444 2532 concilium
466 2502 593 2530 suum
610 2521 620 2541 ,
641 2485 858 2530 dicentes:
886 2486 929 2530 Si
952 2495 1001 2530 tu
1018 2500 1061 2530 es
1078 2485 1290 2542 Christus,
1306 2486 1375 2531 dic
1392 2502 1470 2531 no-

134 2578 142 2594 ¹
163 2571 282 2604 Matth.
309 2582 410 2610 xxvii,
433 2582 526 2604 1-10.
547 2588 587 2594 —
608 2577 620 2593 ²
634 2572 737 2603 Marc.
761 2581 816 2609 xv,
841 2581 867 2601 1.
