1819 3301
348 223 432 261 302
777 236 809 262 s.
846 234 1078 262 Aeeos‘nm
1113 234 1293 261 13121500121

341 299 500 344 Christi
527 298 582 342 ad
607 299 818 358 spiritales
843 298 1011 343 fructus
1036 297 1326 357 profecerint,
1358 307 1404 343 et
1433 299 1480 343 in
1506 299 1568 344 eis
1593 299 1735 345 honor

342 369 587 430 adoptionis
609 369 800 415 filiorum
826 370 901 414 Dei
920 369 1170 413 eminuerit.

865 545 1101 594 QUAESTIO
1132 547 1215 584 XL.

402 690 527 740 Quoi)
560 687 765 730 Dominus
798 687 852 731 de
882 687 996 732 suda
1029 687 1168 732 dixit:
1198 690 1411 731 «Bonum
1432 696 1524 732 erat
1554 687 1617 731 illi
1647 703 1737 733 non

344 776 363 799 »
400 759 517 802 nasci
535 760 545 781 ¹
564 794 574 812 ,
601 777 619 799 »
647 768 793 802 utrum
824 761 866 802 in
896 761 1009 803 hanc
1036 759 1206 802 vitam?
1230 768 1279 802 ut
1298 759 1453 802 usitate
1475 757 1648 803 locutus
1665 759 1732 803 sit.

341 830 438 873 Non
461 829 574 872 enim
608 838 748 888 potest
775 831 939 873 bonum
970 845 1060 873 esse
1093 829 1259 890 aliquid
1288 829 1325 872 ei
1345 865 1356 885 ,
1381 829 1458 889 qui
1477 845 1564 874 non
1587 838 1663 874 est.
1681 832 1738 874 Et

347 899 381 943 si
403 900 632 960 quisquam
654 901 880 945 contendit
900 917 988 945 esse
1005 901 1197 961 aliquam
1215 901 1347 945 vitam
1367 910 1467 945 ante
1492 902 1634 957 istam,
1651 917 1740 946 non

347 972 372 1014 J
377 970 474 1014 udae
497 980 668 1015 tantum
691 981 741 1015 ut
763 981 1013 1016 nasceretur
1031 1008 1041 1025 ,
1063 973 1138 1017 sed
1161 971 1271 1016 nulli
1293 971 1494 1032 expedire
1516 973 1739 1017 convinci-

345 1050 430 1085 tur.
467 1046 532 1086 An
564 1042 742 1087 diabolo
765 1043 870 1087 dicit
893 1059 981 1087 non
1006 1044 1118 1087 nasci
1154 1044 1210 1086 ad
1238 1045 1499 1102 peccatum?
1516 1046 1586 1087 An
1608 1044 1739 1087 etiam

345 1112 513 1157 bonum
529 1112 592 1156 illi
614 1123 705 1157 erat
726 1123 775 1158 ut
789 1114 960 1159 Christo
978 1130 1066 1159 non
1086 1124 1334 1158 nasceretur
1351 1130 1426 1175 per
1442 1115 1735 1170 vocationem,

347 1199 402 1227 ne
421 1193 529 1228 esset
551 1193 745 1243 apostata
762 1186 780 1226 ‘3

856 1350 1092 1398 QuAEs'rio
1126 1351 1227 1389 ΧΠ.

407 1494 533 1544 Quoi)
561 1492 769 1536 Dominus
802 1511 821 1533 «
849 1492 1043 1550 Triginta
1071 1492 1288 1551 argenteis
1322 1491 1527 1536 venditus
1560 1496 1671 1548 est²‚
1708 1510 1727 1533 »

340 1562 554 1620 significat
580 1578 654 1622 per
684 1563 844 1607 Judam
867 1563 1043 1607 Judaeos
1062 1563 1237 1622 iniquos
1255 1598 1266 1617 ‚
1294 1563 1370 1622 qui
1392 1572 1624 1622 sequentes
1642 1578 1736 1608 car-

344 1633 457 1677 nalia
489 1643 532 1678 et
570 1633 852 1693 temporalia,
898 1651 998 1694 quae
1029 1634 1084 1677 ad
1112 1635 1309 1694 quinque
1337 1649 1486 1678 sensus
1522 1635 1740 1693 pertinent

342 1705 555 1763 corporis,
596 1706 819 1751 Christum
853 1705 1014 1749 habere
1045 1704 1310 1762 noluerunt3
1341 1704 1463 1764 quod
1488 1705 1589 1764 quia
1621 1714 1738 1749 sexta

343 1776 497 1818 mundi
524 1785 652 1819 aetate
691 1774 918 1829 fecerunt,
954 1776 1086 1820 sexies
1111 1776 1267 1835 quinos
1295 1791 1367 1819 eos
1405 1785 1612 1835 tanquam
1637 1791 1738 1835 pre-

347 1846 454 1889 tium
485 1846 649 1890 venditi
683 1847 855 1890 Domini
889 1847 1102 1905 accepisse
1137 1846 1427 1903 significatum
1452 1855 1529 1890 est.
1557 1849 1619 1890 De
1648 1861 1738 1907 quo

349 1925 541 1975 tempore
562 1917 722 1960 talibus
745 1916 926 1960 insultat
950 1918 1166 1975 Propheta
1185 1952 1196 1971 ,
1229 1917 1376 1960 dicens
1397 1936 1405 1961 :
1432 1936 1451 1958 «
1479 1916 1578 1960 Filii
1602 1917 1738 1960 homi-

347 2005 366 2027 »
404 2002 526 2040 num,
557 2003 786 2046 quousque
817 2003 965 2045 graves
998 1987 1164 2031 corde?
1185 1982 1343 2046 utquid
1369 1987 1545 2044 diligitis
1567 1987 1737 2031 Vanita-

348 2076 366 2097 »
403 2067 489 2100 tem
506 2092 516 2111 ‚
541 2067 584 2100 et
616 2058 808 2116 quaeritis
834 2057 1111 2101 mendacium
1129 2059 1142 2083 ³
1159 2060 1175 2099 ⁴?
1202 2077 1220 2098 »
1245 2066 1292 2100 ut
1321 2058 1353 2100 si
1376 2057 1572 2117 quinque
1590 2057 1733 2100 aetati-

320 2165 322 2167 .
341 2127 423 2169 hus
440 2126 589 2170 fuisset
613 2127 758 2187 aliqua
788 2129 1004 2171 excusatio
1027 2127 1259 2187 sequendae
1278 2127 1500 2180 vanitate,
1526 2126 1595 2170 Vel
1618 2135 1734 2170 sexta

343 2197 766 2255 comprehenderent
787 2198 1009 2241 veritatem
1029 2232 1039 2251 ‚
1065 2213 1163 2256 quae
1182 2212 1257 2255 per
1276 2197 1510 2240 Dominum
1535 2205 1734 2240 nostrum
1799 2230 1801 2232 -

342 2266 663 2325 praedicabatur
697 2277 740 2310 et
770 2267 1150 2311 demonstrabatur
1171 2301 1182 2321 ‚
1219 2267 1330 2310 sicut
1368 2275 1486 2310 sexta
1508 2265 1579 2310 die
1602 2267 1733 2311 homo

341 2335 482 2381 factus
513 2348 577 2382 est
600 2337 653 2381 ad
675 2338 907 2395 imaginem
940 2337 1059 2381 Dei4.
1090 2336 1219 2389 Quod
1243 2338 1345 2397 quia
1370 2336 1629 2391 noluerunt,
1654 2337 1733 2381 ha-

342 2407 448 2451 bent
469 2408 601 2452 sexies
625 2408 747 2467 quini
780 2408 1031 2467 impressam
1055 2407 1288 2465 imaginem
1312 2406 1516 2467 principis
1549 2406 1696 2451 saeculi
1715 2441 1728 2462 ,

340 2486 383 2520 et
415 2494 503 2522 non
527 2478 692 2523 habent
714 2478 934 2523 Christum
960 2493 1036 2537 per
1054 2493 1186 2538 quem
1208 2478 1428 2537 signatum
1453 2486 1517 2522 est
1535 2478 1580 2521 in
1603 2476 1729 2522 nobis

388 2580 397 2594 ¹
416 2574 534 2605 Mattht
557 2585 645 2606 xxv1.
668 2574 720 2614 24.
742 2592 783 2596 —
804 2574 915 2606 ²1bid.
941 2574 991 2606 16.
1013 2591 1054 2596 —
1077 2571 1090 2596 3
1113 2574 1193 2605 Psal.
1209 2585 1256 2614 iv,
1277 2576 1306 2605 3.
1330 2591 1371 2596 —
1389 2572 1404 2603 4
1424 2575 1502 2606 Gen.
1525 2584 1548 2612 1,
1567 2573 1621 2606 26.
