1819 3301
396 276 477 318 104
814 286 847 314 s.
885 286 1115 314 Aucus‘nm
1147 287 1328 315 131>1sc01²1

451 355 675 397 LXXXII.
704 351 788 397 Sed
821 351 1010 396 occurrit
1049 350 1168 394 aliud
1192 351 1312 411 quod
1347 351 1526 396 obsistat
1551 369 1560 395 t
1587 354 1775 396 Joannes
1805 349 1808 390 ἑ

392 424 508 468 enim
526 421 703 482 quando
724 421 1079 466 commemoravit
1096 436 1184 464 non
1216 422 1260 464 in
1282 431 1430 466 monte
1455 421 1509 465 ab
1535 421 1740 466 undecim
1761 457 1771 477 ,

390 494 466 539 sed
498 494 554 537 ad
584 509 700 536 mare
726 492 961 536 Tiberiadis
985 507 1008 534 a
1029 501 1191 550 septem
1221 492 1485 552 piscantibus
1517 492 1656 535 visum
1687 508 1776 537 esse
1807 519 1810 534 ι

392 565 623 610 Dominum
651 583 659 607 ;
691 582 710 603 «
742 565 834 606 Hoc
865 564 955 622 jam
990 562 1141 617 tertio,
1179 563 1346 623 inquit,
1389 563 1690 606 manifestatus
1713 572 1776 607 est
1804 580 1811 603 a

393 655 412 677 »
449 638 570 678 Jesus
606 632 834 692 Discipulis
856 633 964 687 suis,
999 648 1100 677 cum
1130 634 1423 678 resurrexisset
1446 650 1469 678 a
1500 633 1722 678 mortuis¹.
1751 652 1772 675 »
1810 657 1812 671 ι

393 706 433 750 Si
468 714 613 748 autem
651 704 942 762 acceperimus
979 703 1092 747 intra
1124 703 1220 747 illos
1257 713 1355 748 octo
1385 703 1502 759 dies,
1542 714 1775 764 antequam
1811 723 1813 726 ⁴

392 777 576 819 Thomas
598 790 698 818 eum
727 773 921 827 vidisset,
950 774 1004 817 ab
1029 773 1233 817 undecim
1271 774 1520 834 quibusque
1548 774 1777 833 Discipulis

394 847 625 890 Dominum
646 847 785 889 visum
807 881 817 896 ,
843 861 931 888 non
951 845 1029 887 erit
1050 845 1134 889 hoc
1160 846 1214 888 ad
1238 860 1355 889 mare
1379 846 1619 888 Tiberiadis
1648 847 1776 890 tertio

390 915 714 960 manifestatum
737 931 824 958 esse
841 950 851 969 ,
868 914 943 957 sed
965 924 1136 974 quarto.
1176 914 1304 967 Quod
1326 915 1504 974 quidem
1533 916 1776 960 cavendum

391 996 479 1040 est,
504 1002 559 1029 ne
587 986 681 1045 quis
705 985 920 1028 existimet
950 985 1078 1028 tertio
1100 988 1313 1028 Joannem
1346 984 1499 1029 dixisse
1520 1020 1531 1039 ‚
1569 994 1776 1046 tanquam

393 1067 475 1101 tres
495 1057 596 1100 solae
620 1055 745 1100 factae
769 1055 931 1099 fuerint
954 1054 1323 1100 manifestationes
1345 1058 1435 1116 ejus
1463 1076 1471 1100 ε
1498 1055 1575 1100 sed
1603 1057 1686 1101 hoc
1709 1057 1778 1101 in-

392 1126 652 1184 telligendus
690 1135 753 1170 est
786 1127 841 1169 ad
878 1141 1110 1169 numerum
1143 1126 1314 1170 dierum
1346 1126 1565 1182 retulisse,
1600 1143 1691 1171 non
1723 1128 1778 1172 ad

392 1213 624 1242 numerum
658 1197 849 1255 ipsarum
894 1197 1317 1255 manifestationum3
1356 1212 1433 1241 nec
1468 1198 1778 1243 continuorum

394 1269 560 1312 dierum
577 1303 587 1322 ,
613 1267 687 1310 sed
711 1282 787 1325 per
804 1266 1047 1321 intervalla,
1067 1268 1176 1311 sicut
1198 1268 1311 1311 idem
1335 1269 1425 1327 ipse
1447 1277 1644 1312 testatur.
1668 1271 1777 1313 Nam

395 1339 534 1397 primo
550 1338 643 1395 ipso
667 1337 736 1380 die
754 1337 1077 1380 resurrectionis
1095 1353 1206 1392 suae,
1233 1347 1412 1397 excepto
1434 1338 1554 1398 quod
1576 1354 1599 1382 a
1621 1337 1778 1382 mulie-

395 1409 514 1451 ribus
546 1408 660 1450 visus
689 1416 780 1461 est⁷
806 1406 851 1450 id
885 1416 962 1461 est,
997 1407 1115 1466 quod
1148 1406 1453 1465 in'Evangelio
1470 1408 1624 1463 claret,
1650 1418 1716 1452 ter
1736 1424 1779 1453 se

394 1477 706 1532 manifestavit,
731 1476 863 1520 semel
894 1480 1021 1521 Petro
1041 1512 1051 1532 ‚
1084 1478 1243 1521 iterum
1275 1476 1448 1521 duobus
1479 1477 1562 1521 illis
1592 1494 1779 1538 quorum

392 1564 506 1592 unus
529 1557 620 1591 erat
640 1547 878 1606 Cleophas,
904 1548 1032 1591 tertio
1053 1547 1249 1607 plurimis
1263 1549 1353 1607 jam
1375 1548 1478 1592 inde
1495 1548 1780 1610 colloquenti-

394 1619 476 1661 bus
499 1617 638 1661 noctis
655 1618 831 1661 exordio
852 1618 950 1661 :sed
965 1618 1048 1661 hoc
1067 1626 1206 1661 totum
1222 1620 1245 1661 J
1249 1632 1412 1662 oannes
1433 1618 1488 1662 ad
1507 1634 1646 1662 unum
1664 1618 1780 1663 diem

395 1686 585 1730 referens
604 1685 737 1729 semel
765 1695 991 1744 computat
1010 1707 1020 1742 3
1040 1687 1197 1730 iterum
1218 1696 1381 1740 autem,
1395 1688 1479 1732 hoe
1493 1698 1572 1742 est,
1594 1687 1678 1733 alio
1691 1688 1776 1744 die,

394 1757 573 1817 quando
595 1771 695 1799 eum
712 1756 822 1799 vidit
843 1765 887 1800 et
910 1757 1123 1814 Thoma83
1148 1757 1276 1801 tertio
1293 1772 1395 1802 vero
1417 1757 1471 1802 ad
1504 1774 1623 1803 mare
1649 1759 1780 1803 Tibe-

397 1825 526 1870 riadis
545 1861 556 1881 ‚
578 1826 662 1870 hoc
680 1835 770 1881 est,
804 1826 932 1870 tertio
955 1826 1025 1870 die
1055 1826 1413 1872 manifestationis
1436 1830 1527 1888 ejus
1545 1844 1635 1874 non
1656 1830 1782 1874 tertia

395 1894 758 1940 manifestatione.
785 1899 847 1940 Ac
865 1911 941 1954 per
962 1896 1046 1940 hoc
1068 1906 1165 1955 post
1186 1897 1281 1941 haec
1314 1898 1459 1942 omnia
1491 1900 1685 1956 cogimur
1717 1900 1781 1943 in-

395 1965 588 2024 telligere
612 1964 776 2010 factum
807 1982 898 2010 esse
918 2002 928 2021 ,
961 1968 1082 2026 quod
1119 1982 1219 2010 eum
1247 1968 1293 2011 in
1326 1977 1475 2012 monte
1503 1967 1692 2012 Galilaeae
1714 1985 1780 2014 se-

394 2036 590 2081 cundum
609 2038 866 2080 Matthaeum
881 2036 1089 2096 Discipuli
1119 2037 1322 2082 undecim
1343 2038 1568 2095 viderunt,
1596 2055 1686 2100 quo
1707 2055 1778 2085 eos

391 2106 632 2152 secundum
661 2110 944 2153 constitutum
968 2118 1265 2168 praecesserat,
1292 2118 1341 2153 ut
1361 2110 1615 2169 impleretur
1647 2111 1778 2155 etiam

390 2179 445 2224 ad
464 2180 653 2223 litteram
675 2180 796 2240 quod
831 2189 873 2223 et
900 2195 976 2239 per
999 2179 1217 2239 Angelum
1243 2188 1286 2223 et
1310 2195 1386 2240 per
1418 2195 1462 2224 se
1490 2180 1633 2240 ipsum
1664 2196 1777 2242 prae-

394 2249 573 2294 dixerat.

446 2323 692 2364 LXXXIII.
720 2322 970 2366 Invenimus
991 2323 1139 2382 itaque
1164 2321 1281 2381 apud
1309 2330 1497 2382 quatuor
1518 2321 1776 2381 Evangelis·

387 2399 449 2433 tas
479 2391 619 2434 decies
655 2401 1042 2436 commemoratum
1079 2392 1311 2436 Dominum
1342 2392 1482 2435 visum
1501 2407 1590 2436 esse
1622 2392 1676 2435 ab
1695 2392 1775 2437 ho-

384 2460 572 2503 minibus
602 2470 698 2519 post
743 2462 1116 2506 resurrectionem.
1159 2461 1298 2505 Semel
1343 2462 1397 2505 ad
1437 2471 1773 2507 monumentum

439 2560 446 2575 ¹
467 2557 556 2585 Jwvu.
583 2567 645 2589 xv,
679 2556 725 2594 1‘1.
