1819 3301
308 261 392 301 470
739 274 772 302 s.
809 273 1041 301 Ancus'rxm
1074 272 1256 301 13121500121

305 339 403 394 bus,
424 340 647 400 quomodo
668 340 744 394 ibi,
763 343 815 383 In
828 339 1006 394 semine,
1025 353 1130 405 non,
1149 342 1201 383 In
1212 339 1464 396 seminibus,
1484 339 1695 400 probatur

303 427 418 456 unus
444 415 555 456 Deus
578 416 705 455 Pater
727 420 770 454 et
788 408 922 454 Filius
940 420 983 454 et
1007 410 1189 469 Spiritus
1209 420 1396 455 sanctus.

363 485 419 527 X.
440 482 523 528 Sed
540 518 550 536 ,
573 485 686 526 Ecce
703 517 713 536 ‚
734 481 943 541 inquiunt
965 481 1173 541 Discipuli
1197 482 1254 526 ad
1279 482 1514 526 Dominum
1531 516 1542 537 ,
1571 481 1698 526 audi-

305 554 446 599 vimus
473 554 518 596 in
540 569 629 612 quo
652 553 831 597 nomine
853 551 1148 613 baptizemus,
1176 554 1393 598 ministros
1426 569 1505 598 nos
1527 552 1693 610 fecisti,

307 634 351 670 et
367 624 508 667 dixisti
528 624 674 678 nobis,
707 643 726 666 «
753 627 840 680 Ite,
866 624 1083 683 baptizate
1104 625 1150 668 in
1166 625 1344 668 nomine
1362 625 1497 668 Patris
1525 633 1569 668 et
1599 623 1699 668 Filii

311 713 331 737 »
367 703 410 738 et
436 695 618 754 Spiritus
646 695 783 739 sancti
804 714 813 740 ε
840 713 860 736 »
885 711 974 755 quo
1007 695 1202 739 ibimus?
1224 698 1323 749 Quo
1339 731 1349 751 ,
1374 711 1464 739 non
1494 694 1701 740 audistis?

308 767 364 811 ad
382 767 686 811 haereditatem
710 781 867 811 meam.
895 767 1175 824 Interrogatis
1193 802 1203 822 ,
1229 769 1327 820 Quo
1350 766 1542 810 ibimus?
1569 765 1624 810 ad
1655 765 1704 811 id

309 838 429 898 quod
466 839 551 882 emi
582 838 793 897 sanguine
822 853 934 882 meo.
962 840 1060 891 Quo
1090 840 1225 897 ergo?
1247 837 1315 882 Ad
1337 847 1507 897 gentes,
1540 837 1699 898 inquit.

309 908 479 956 Putavi,
493 909 595 969 quia
615 908 724 952 dixit
740 943 750 963 ,
776 911 841 952 Ite
861 943 872 963 ,
909 908 1126 968 baptizate
1146 907 1273 953 Afros
1301 908 1346 952 in
1369 908 1545 952 nomine
1567 907 1704 952 Patris

310 988 354 1024 et
386 979 484 1024 Filii
519 990 563 1024 et
601 980 784 1040 Spiritus
821 980 974 1024 sancti.
1003 983 1093 1024 Deo
1126 980 1297 1037 gratias.
1328 979 1464 1030 Solvit
1494 979 1704 1024 Dominus

310 1051 597 1112 quaestionem
617 1087 628 1107 ,
673 1050 824 1096 docuit
864 1050 1083 1096 columba.
1121 1054 1212 1096 Deo
1247 1050 1419 1110 gratias.
1455 1049 1522 1094 Ad
1559 1058 1706 1108 gentes

311 1121 510 1181 Apostoli
531 1121 647 1166 missi
668 1131 769 1166 sunt
787 1136 796 1163 t
821 1120 855 1166 si
877 1121 931 1165 ad
951 1131 1098 1179 gentes
1118 1157 1129 1177 ,
1154 1120 1208 1166 ad
1231 1136 1381 1166 omnes
1401 1119 1585 1179 linguas.
1612 1123 1708 1166 Hoc

312 1193 570 1252 significavit
607 1193 790 1253 Spiritus
813 1201 988 1237 sanctus
1009 1193 1172 1237 divisus
1198 1193 1244 1237 in
1274 1191 1432 1250 linguis
1451 1227 1462 1246 ,
1493 1192 1642 1236 unitus
1662 1191 1709 1235 in

313 1264 533 1309 columba.
561 1266 653 1309 Hac
675 1264 838 1323 linguae
860 1263 1144 1319 dividuntur,
1167 1265 1249 1308 hae
1279 1262 1483 1307 columba
1513 1261 1705 1322 copulat.

313 1335 497 1394 Linguae
517 1335 711 1394 gentium
735 1335 1086 1390 concordarunt,
1108 1345 1151 1379 et
1171 1351 1256 1378 una
1277 1334 1428 1393 lingua
1445 1332 1604 1377 Africae
1626 1333 1710 1378 dis·

315 1405 540 1450 cordavit?
558 1406 675 1459 Quid
697 1405 939 1449 evidentius
956 1439 966 1459 ,
993 1403 1145 1450 fratres
1168 1406 1283 1449 mei?
1308 1408 1360 1448 In
1381 1403 1586 1448 columba
1609 1404 1710 1448 uni-

317 1487 406 1533 tas,
431 1477 478 1520 in
499 1476 660 1536 linguis
694 1477 888 1536 gentium
918 1477 1111 1521 societas.
1139 1475 1390 1537 Aliquando
1412 1475 1527 1519 enim
1555 1484 1597 1519 et
1626 1475 1712 1519 lin-

319 1563 417 1607 guae
440 1563 516 1606 per
548 1547 795 1607 superbiam
829 1546 1216 1603 discordaverunt,
1257 1556 1298 1590 et
1332 1555 1438 1590 tunc
1461 1554 1563 1589 sunt
1585 1543 1736 1590 factae.

318 1618 482 1676 linguae
499 1633 552 1661 ex
565 1633 653 1661 una
670 1617 837 1662 multae.
857 1620 959 1661 Post
972 1616 1187 1661 diluvium
1211 1618 1326 1661 enim
1339 1617 1515 1677 superbi
1533 1616 1713 1678 quidam

320 1690 540 1744 homines,
567 1689 690 1733 velut
706 1689 911 1733 adversus
931 1691 1069 1733 Deum
1088 1704 1132 1733 se
1154 1690 1325 1733 munire
1340 1682 1566 1744 conantes,
1592 1687 1714 1748 quasi

322 1760 489 1821 aliquid
505 1770 616 1805 esset
637 1760 851 1805 excelsum
876 1763 966 1805 Deo
984 1760 1096 1815 ,‘aut
1121 1760 1287 1821 aliquid
1308 1770 1453 1805 tutum
1472 1759 1687 1819 superbiae
1701 1793 1712 1814 ,

322 1842 553 1878 erexerunt
570 1832 726 1876 turrim
746 1853 757 1890 3
781 1832 906 1892 quasi
929 1847 983 1875 ne
1005 1832 1171 1876 diluvio
1188 1867 1199 1886 ,
1225 1832 1258 1875 si
1291 1840 1437 1891 postea
1465 1831 1609 1885 fieret,
1636 1829 1716 1873 de-

322 1904 506 1948 lerntur.
545 1902 787 1946 Audierant
823 1902 938 1946 enim
978 1911 1022 1946 et
1058 1911 1362 1946 recensuerant
1385 1937 1396 1956 ,
1434 1901 1537 1962 quia
1577 1899 1717 1944 omnis

323 1974 531 2034 iniquitas
553 1983 643 2017 erat
665 1972 808 2017 deleta
829 1973 995 2017 diluvio
1022 1993 1031 2018 ε
1049 1975 1104 2017 ab
1121 1973 1351 2033 iniquitate
1374 1982 1616 2032 temperare
1637 1985 1719 2015 no-

325 2045 506 2101 lebant3
529 2042 806 2088 altitudinem
826 2044 956 2087 turris
981 2054 1131 2088 contra
1165 2043 1379 2087 diluvium
1402 2041 1685 2102 requirebant
1705 2061 1716 2098 3

327 2116 656 2160 aedificaverunt
673 2114 825 2158 turrim
841 2114 1066 2158 excelsam.
1084 2114 1203 2157 Vidit
1220 2117 1333 2157 Deus
1345 2112 1591 2171 superbiam
1607 2111 1721 2170 ipso-

329 2202 445 2241 rum,
466 2196 509 2230 et
531 2186 649 2230 hunc
671 2199 861 2229 errorem
884 2183 968 2228 illis
995 2184 1169 2227 immitti
1192 2182 1309 2235 fecit,
1327 2192 1376 2226 ut
1394 2198 1482 2226 non
1497 2197 1540 2226 se
1555 2184 1721 2240 cogno-

331 2266 499 2301 scerent
513 2256 758 2316 loquentes,
775 2264 818 2298 et
838 2253 965 2299 factae
984 2263 1085 2297 sunt
1100 2254 1278 2297 diversae
1292 2252 1454 2311 linguae
1470 2268 1546 2312 per
1563 2265 1720 2311 super-

332 2329 496 2373 biam¹.
525 2328 568 2371 Si
586 2327 787 2386 superbia
804 2325 906 2370 fecit
925 2325 1190 2369 diversitates
1210 2323 1474 2383 linguarum,
1502 2321 1721 2367 humilitas

332 2398 492 2444 Christi
515 2397 794 2456 congregavit
807 2396 1074 2440 diversitates
1095 2394 1360 2454 linguarum.
1388 2396 1483 2438 Jam
1505 2391 1627 2453 quod
1648 2390 1722 2435 illa

333 2470 463 2514 turris
479 2467 1003 2523 dissociaverat,Eeclesia
1023 2464 1202 2525 colligit.
1231 2470 1292 2510 De
1314 2481 1401 2509 una
1423 2466 1572 2524 lingua
1595 2463 1722 2507 factae

332 2552 433 2586 sunt
446 2541 596 2585 multae
614 2562 625 2599 3
645 2541 735 2585 noli
753 2540 912 2595 mirari,
930 2538 1132 2598 superbia
1152 2539 1234 2582 hoc
1254 2538 1378 2582 fecit:
1395 2539 1450 2581 de
1465 2536 1613 2582 multis
1633 2534 1722 2579 lin-

388 2633 395 2648 ¹
416 2627 495 2658 Gen.
515 2637 559 2667 xi,
577 2637 647 2668 1—9.
