1819 3301
352 313 637 350 QUAEsmouum
671 311 1030 346 EVANGELIORUM‚
1067 312 1148 337 Lm.
1186 312 1214 337 1.
1388 301 1473 339 299

563 454 800 505 QUAEsTlo
831 454 1006 495 xxxtv.

104 594 107 595 ’
151 588 279 639 Quon
300 585 509 630 Dominus
541 585 648 629 dixit
675 605 683 630 :
709 603 727 626 «
746 584 862 638 Quid
883 585 999 628 enim
1027 585 1165 644 majus
1187 593 1270 640 est,
1291 599 1446 629 aurum
1461 620 1472 640 ,

96 673 118 698 »
153 673 208 700 an
228 656 442 715 templum
470 657 592 716 quod
624 656 863 699 sanctificat
884 657 1067 700 aurum?
1088 667 1107 695 5>
1132 665 1175 699 et
1195 655 1298 699 item
1330 655 1436 700 dixit
1462 675 1471 700 ε

97 745 118 768 «
152 726 264 779 Quid
287 725 401 769 enim
425 727 563 785 majus
592 735 678 780 est,
701 725 892 781 donum⁷
917 741 971 768 an
995 725 1128 768 altare
1147 726 1266 785 quod
1286 726 1474 770 sanctifi-

97 817 114 839 »
150 807 218 842 cat
237 798 402 841 donum
418 798 462 839 ¹⁶?
483 815 502 837 »
524 796 857 856 intelligendum
879 796 1090 856 templum
1113 806 1155 840 et
1177 796 1311 840 altare
1332 798 1474 856 ipsum

91 868 312 912 Christum
341 887 348 912 :
368 883 522 911 aurum
540 877 583 911 et
603 867 769 911 donum
785 902 795 922 ‚
820 866 970 911 laudes
988 877 1031 911 et
1051 867 1254 911 sacrificia
1278 882 1470 926 precum,

91 954 191 998 quae
209 938 251 981 in
276 953 327 982 eo
345 953 421 997 per
442 953 543 981 eum
558 937 797 982 offerimus.
817 940 913 982 Non
935 939 1049 981 enim
1071 937 1143 981 ille
1165 954 1240 998 per
1257 939 1350 981 haec
1367 973 1377 993 ‚
1398 937 1474 982 sed

91 1009 172 1053 ista
187 1024 265 1068 per
286 1008 409 1053 illum
433 1009 770 1053 sanctificantur.

569 1157 805 1206 QUAESTIO
835 1158 992 1196 xxxv.

151 1292 274 1342 Quon
296 1289 506 1334 Dominus
527 1288 637 1332 dixit
661 1308 670 1333 :
696 1307 716 1330 «
735 1287 992 1332 Excolantes
1009 1287 1192 1332 culicem
1207 1322 1218 1344 ,
1247 1305 1267 1329 »
1288 1287 1475 1332 refertur

92 1358 206 1402 adid
227 1357 346 1418 quod
368 1358 490 1412 dixit,
516 1357 730 1402 decimare
752 1357 848 1402 illos
866 1359 1031 1402 minuta
1050 1373 1252 1417 quaeque.
1280 1377 1300 1400 «
1325 1361 1475 1403 Came-

95 1447 114 1470 »
150 1428 241 1472 lum
259 1429 504 1487 glutientes,
521 1447 540 1469 »
564 1428 747 1472 refertur
765 1429 819 1472 ad
840 1428 884 1471 id
902 1428 1021 1488 quod
1038 1428 1143 1472 dixit
1168 1448 1176 1472 :
1203 1448 1222 1470 «
1245 1429 1474 1473 Praeteritis

94 1516 115 1539 »
151 1500 344 1556 graviora
369 1499 493 1557 Legis
511 1534 519 1548 ,
543 1499 879 1542 misericordiam
903 1509 945 1542 et
959 1499 1172 1558 judicium
1190 1508 1233 1541 et
1249 1500 1380 1542 fidem
1397 1503 1434 1543 2:
1451 1518 1469 1539 n

92 1577 142 1611 ut
162 1569 238 1611 iste
260 1568 314 1611 sit
329 1583 496 1611 sensus:
512 1568 692 1612 Minima
710 1568 958 1622 observatis,
980 1569 1161 1612 maxima
1180 1569 1470 1612 contemnitis.

92 1641 158 1681 Ex
182 1639 262 1682 hac
286 1638 401 1681 enim
422 1639 698 1697 perversitate
716 1640 842 1681 ctiam
869 1638 978 1681 illud
996 1639 1053 1681 eis
1076 1639 1248 1693 accidit,
1270 1655 1357 1698 quo
1380 1654 1475 1698 pos-

92 1718 194 1752 sunt
214 1709 308 1751 haee
343 1723 416 1767 per
445 1708 691 1767 allegoriam
727 1707 875 1751 referri
897 1744 907 1762 ,
944 1718 995 1752 ut
1016 1705 1293 1752 ‘dimitterent
1314 1710 1476 1752 Barab-

91 1779 190 1822 bam
210 1814 220 1833 ‚
247 1779 348 1839 quia
368 1778 568 1823 videlicet
605 1780 696 1838 ipse
728 1795 817 1823 non
845 1779 1029 1823 solveret
1062 1781 1292 1823 sabbatum
1309 1816 1319 1835 ,
1356 1780 1477 1840 quod

92 1864 246 1907 magna
269 1849 492 1907 diligentia
521 1849 750 1893 carnaliter
773 1850 1062 1894 observabant
1084 1870 1092 1894 ε
1123 1850 1368 1894 occiderent
1399 1867 1477 1894 au-

93 1928 181 1962 tem
205 1920 439 1963 Dominum
471 1919 715 1978 spiritaliter
741 1920 969 1963 sabbatum
986 1920 1277 1963 insinuantem
1300 1936 1376 1979 per
1393 1922 1476 1964 mi-

93 1990 364 2034 sericordiam
389 2001 431 2033 et
447 1990 659 2049 judicium
683 2000 725 2034 et
756 1991 885 2034 fidem
908 2027 918 2045 ,
955 2008 1054 2051 quae
1075 1991 1137 2035 illi
1161 1993 1345 2036 maxime
1368 2009 1476 2037 con-

95 2062 362 2104 temnebant.
385 2067 487 2104 Nam
510 2072 552 2105 et
574 2062 721 2106 culicis
745 2062 921 2106 nomine
944 2079 1031 2106 non
1055 2062 1241 2106 absurde
1266 2064 1476 2120 figuratur

93 2131 313 2174 seditiosus
333 2131 570 2189 homicida3
591 2134 691 2192 quia
716 2133 797 2176 hoc
815 2134 973 2176 animal
995 2143 1037 2176 et
1060 2134 1291 2192 strependo
1308 2134 1476 2193 inquie-

94 2210 177 2255 tat,
217 2212 260 2244 et
291 2203 499 2260 sanguine
536 2201 792 2256 delectatur,
828 2213 870 2246 et
903 2203 1055 2246 cameli
1091 2204 1265 2246 nornine
1299 2214 1474 2262 propter

92 2270 393 2314 humiliantem
414 2287 457 2314 se
479 2271 533 2315 ad
556 2272 783 2317 subeunda
805 2289 934 2317 onera
955 2273 1317 2330 magnitudinem,
1344 2274 1473 2318 intel-

65 2346 67 2352 '
91 2340 238 2399 ligitur
260 2350 551 2400 congruenter
567 2343 793 2387 Dominus.

140 2442 147 2457 ¹
173 2436 287 2477 Matth,
307 2447 400 2475 xxur,
428 2448 544 2479 ¹7-19·
563 2455 605 2460 —
631 2445 644 2460 ²
663 2434 744 2470 Ibid.
766 2449 858 2474 xxm,
879 2438 933 2477 23,
953 2437 1009 2479 24,
1033 2442 1066 2469 et
1079 2449 1176 2477 xxvn,
1196 2449 1246 2469 20.
