1819 3301
325 274 409 314 244
759 285 793 314 s.
829 285 1059 315 Auens'nm
1093 286 1274 313 nmscom

322 352 434 396 ciosa
455 351 684 396 securitate
701 360 874 395 revocat
895 351 1076 409 Spiritus
1089 359 1279 406 sanctus,
1298 364 1398 394 cum
1416 364 1492 409 per
1509 351 1706 410 Prophe-

321 431 410 466 tam
428 422 532 466 dicit
558 441 566 466 2
597 441 616 463 «
641 420 743 475 Fili,
770 437 825 464 ne
848 420 1019 480 adjicias
1046 430 1275 480 peccatum
1304 436 1433 480 super
1448 430 1674 480 peccatum
1692 456 1703 473 ‚

325 510 344 533 »
381 502 424 536 et
446 492 562 536 dicas
592 511 600 536 :
625 491 842 535 Miseratio
868 491 943 534 Dei
972 506 1128 549 magna
1152 501 1215 536 est
1245 493 1258 517 ¹
1286 510 1294 536 :
1327 500 1370 535 et
1403 492 1576 550 ignoras
1605 491 1708 552 quia

322 580 342 603 »
378 563 584 622 patientia
606 561 683 605 Dei
701 560 756 604 ad
774 561 1078 620 poenitentiam
1101 571 1142 605 te
1156 561 1309 605 invitat
1326 563 1370 604 ²?
1395 579 1414 602 n
1434 563 1569 621 Cujus
1591 563 1707 605 enim

320 642 439 677 tanta
473 631 764 676 misericordia
794 633 1123 677 commemorari
1148 641 1315 692 potest,
1341 648 1473 691 quam
1510 634 1599 692 ejus
1631 632 1708 693 qui

321 704 465 747 omnia
483 702 617 746 donat
637 713 813 762 peecata
835 705 1067 759 conversis,
1093 713 1136 748 et
1153 704 1386 749 oleastrum
1406 703 1508 750 facit
1529 705 1707 765 partiei-

318 788 417 833 pem
444 773 721 832 pinguedinis
754 774 895 819 olivae.
928 778 984 820 Et
1012 776 1136 835 cujus
1158 783 1279 819 tanta
1313 777 1511 820 severitas
1529 811 1540 831 ,
1575 790 1709 836 quam

319 846 411 904 ejus
432 844 507 904 qui
529 844 800 889 naturalibus
818 845 946 889 ramis
964 861 1054 890 non
1075 846 1294 905 pepercit,
1315 847 1389 890 sed
1410 856 1588 906 propter
1609 846 1708 890 infi-

316 913 539 958 delitatem
563 914 694 972 fregit
710 914 805 960 illos
824 917 872 959 3?
897 916 981 960 Sed
1007 916 1201 975 quisquis
1218 915 1314 960 vult
1336 915 1516 975 diligere
1539 920 1675 960 Deum
1693 950 1705 971 ,

317 992 360 1028 et
381 999 532 1028 cavere
554 1000 610 1028 ne
633 985 830 1029 offendat
846 1020 856 1040 ,
884 1000 974 1029 non
997 1001 1041 1029 se
1063 985 1298 1029 arbitretur
1325 984 1497 1030 duobus
1520 985 1706 1030 dominis

317 1069 439 1112 posse
460 1054 618 1098 servire
634 1090 644 1109 ,
683 1065 726 1099 et
748 1055 1037 1099 intentionem
1059 1056 1200 1100 cordis
1223 1055 1289 1099 sui
1317 1066 1477 1100 rectam
1507 1057 1561 1100 ab
1590 1055 1709 1100 omni

316 1123 571 1183 duplicitate
589 1125 773 1184 explicet
799 1145 807 1169 :
834 1125 890 1170 ita
910 1126 1026 1169 euim
1048 1126 1205 1169 sentiet
1227 1125 1281 1169 de
1301 1126 1484 1171 Domino
1507 1126 1552 1170 in
1574 1126 1706 1170 boni-

316 1203 418 1250 tate,
440 1195 546 1255 etin
567 1195 840 1255 simplicitate
862 1196 1002 1241 cordis
1022 1205 1191 1257 quaeret
1210 1196 1334 1240 illum
1357 1198 1388 1240 4.

318 1374 1692 1392 mmmmwimmmmmmmmmmmmmssmmlv

848 1509 867 1525 Ἰ
1007 1511 1018 1524 r
1109 1510 1120 1520 -·

832 1507 907 1556 (ΑΛ
919 1510 1002 1558 PU
1017 1509 1046 1555 Γ
1081 1510 1189 1558 RV.

376 1674 535 1716 XLIX.
560 1691 579 1714 «
605 1675 735 1728 Iuno,
768 1673 927 1733 inquit,
953 1674 1051 1719 dieo
1072 1675 1196 1719 vobis
1214 1709 1225 1729 ,
1251 1690 1340 1719 non
1363 1675 1522 1719 habere
1543 1674 1704 1720 solliei-

318 1762 339 1786 »
375 1743 573 1788 tudinem
591 1744 746 1787 animae
769 1754 920 1788 vestrae
943 1744 1050 1805 quid
1071 1746 1236 1795 edatis:
1261 1762 1403 1806 neque
1421 1747 1590 1806 corpori
1612 1762 1706 1791 ves-

322 1833 343 1857 »
379 1825 446 1860 tro
469 1814 576 1875 quid
610 1814 800 1860 induatis
825 1818 856 1858 ⁵.
883 1819 946 1861 Ne
979 1815 1120 1871 forte,
1145 1816 1341 1876 quamvis
1368 1818 1457 1877 jam
1489 1817 1706 1876 superflua

317 1901 407 1930 non
424 1894 693 1945 quaerantur,
715 1895 892 1945 propter
908 1886 999 1945 ipsa
1022 1887 1258 1931 necessaria
1281 1903 1355 1930 cor
1378 1887 1641 1946 duplicetur,
1663 1896 1706 1931 et

318 1956 373 2000 ad
403 1956 493 2014 ipsa
527 1955 824 2015 conquirenda
857 1964 1003 1999 nostra
1031 1956 1343 2016 detorqueatur
1370 1957 1579 2012 intentio,
1606 1973 1706 2002 eum

320 2025 487 2085 aliquid
515 2026 636 2086 quasi
675 2025 1009 2070 misericorditer
1042 2042 1299 2085 operamur,
1331 2026 1376 2070 id
1405 2037 1490 2082 est,
1527 2036 1576 2071 ut
1604 2042 1706 2072 cum

318 2096 542 2141 consulere
565 2096 694 2140 alicui
715 2095 852 2140 videri
884 2096 1086 2140 volumus
1101 2131 1112 2151 ,
1138 2106 1334 2141 nostrum
1357 2098 1706 2141 emolumentum

320 2168 379 2211 ibi
411 2167 576 2226 potius,
615 2183 746 2226 quam
778 2167 891 2210 illius
928 2167 1161 2211 utilitatem
1196 2166 1469 2211 attendamus
1502 2187 1510 2212 ·.
1545 2178 1588 2212 et
1608 2168 1706 2212 ideo

318 2238 444 2282 nobis
466 2254 556 2282 non
576 2237 802 2282 videamur
825 2252 1016 2296 peccare,
1043 2238 1145 2296 quia
1167 2253 1255 2281 nou
1277 2239 1511 2296 superflua,
1536 2238 1612 2282 sed
1634 2254 1707 2282 ne-

321 2310 497 2353 cessaria
521 2318 623 2352 sunt
644 2325 742 2368 quae
766 2309 972 2368 consequi
995 2308 1210 2351 volumus.
1235 2308 1443 2352 Dominus
1461 2319 1607 2353 autem
1625 2309 1705 2353 ad-

322 2388 490 2434 monet,
518 2388 568 2422 ut
588 2379 913 2422 meminerimus
933 2378 1074 2422 multo
1096 2377 1279 2436 amplius
1313 2378 1438 2422 nobis
1466 2382 1604 2423 Deum
1626 2380 1705 2423 de-

321 2448 453 2503 disse,
479 2449 599 2508 quod
621 2464 698 2493 nos
728 2448 831 2492 fecit
853 2458 895 2492 ct
923 2448 1165 2507 composuit
1187 2463 1237 2490 ex
1259 2448 1402 2492 anima
1424 2458 1468 2493 et
1494 2465 1675 2509 corpore
1691 2484 1702 2506 ‚

571 2544 585 2561 r

370 2551 377 2566 ¹
402 2544 496 2576 Eecli.
515 2557 549 2585 v,
569 2557 601 2586 o,
620 2545 652 2577 6.
674 2562 714 2567 —
735 2552 747 2567 2
775 2547 866 2578 Rom.
886 2555 924 2585 11,
954 2543 986 2586 4
1005 2560 1045 2567 —-
1067 2542 1080 2567 3
1105 2544 1150 2576 Id.
1174 2555 1216 2585 xi,
1240 2543 1355 2586 17-24.
1374 2562 1416 2568 —
1436 2544 1450 2575 4
1474 2548 1546 2588 Sap.
1568 2558 1593 2588 1,
1617 2557 1644 2578 1.
1667 2561 1705 2569 —

321 2598 334 2621 5
354 2600 472 2631 Manli.
493 2611 538 2639 vn,
556 2601 610 2632 25.

1812 1108 1819 1269 -q—-o-v—
1810 886 1819 1059 »r‘Q-m
1809 831 1812 834 ·
