1819 3301
278 276 331 302 DE
362 271 570 302 consensu
602 268 1016 309 EvAnGELIsTARUM‚
1051 271 1132 297 Lm.
1168 270 1227 297 ιν.
1366 260 1442 297 121

71 448 210 465 mm
215 447 351 464 mm
357 446 421 462 m
427 444 918 461 mxm=mmmmwuwvsm
922 443 1341 460 ἏΜΜἋΛΝΜΛΝἏἋΑΝΜ
1346 443 1448 460 mm

589 587 804 637 CAPUT
842 590 929 635 lX.

77 743 328 808 Quomodo
346 742 642 798 ostendatur,
664 739 795 801 quod
813 740 872 787 de
885 741 1095 802 piscibus
1113 743 1270 801 captis
1291 742 1450 788 Lucas

128 815 537 869 commemoravit,
573 829 668 858 non
699 813 939 873 pertinere
974 811 1045 856 acl
1069 811 1187 856 illud
1217 812 1348 870 quod
1382 815 1450 857 υί-

125 884 264 930 detar-
293 883 445 929 simile
477 883 695 928 Joannes
731 899 961 928 narrasse
1000 892 1110 942 post
1143 882 1343 928 Domini
1375 900 1450 927 Je-

125 957 496 1009 szcr‘tectonnem
538 963 682 1011 atque
716 951 824 997 male
848 954 960 1013 jam
989 969 1136 1010 usque
1166 952 1237 997 ad
1260 969 1450 997 coenam

124 1027 348 1077 Domissm
374 1024 500 1069 uncle
520 1040 730 1068 ommam
749 1039 912 1068 omma
940 1040 1086 1083 usque
1107 1025 1318 1085 mfinem
1335 1040 1449 1068 eon-

124 1096 339 1142 sederam
367 1105 507 1151 sunt,
529 1094 714 1139 nullam
735 1104 883 1139 eccam
911 1111 973 1140 ex
1008 1094 1058 1139 E
1063 1094 1281 1157 vangelco
1305 1095 1449 1140 Lucae

126 1176 391 1213 tractatam
413 1183 514 1211 esse
545 1167 868 1225 quaestionem.

123 1316 177 1358 X.
217 1316 284 1358 Sic
307 1329 408 1371 ergo
436 1328 608 1357 narrare
631 1315 769 1356 Lucas
787 1311 939 1370 incipit
956 1310 1241 1369 Evangelium
1269 1330 1278 1355 ε
1303 1329 1323 1353 ι(
1349 1311 1452 1356 Fuit

66 1403 86 1426 »
121 1385 167 1427 in
195 1382 348 1427 diebus
383 1383 564 1427 Herodis
584 1380 706 1441 >regis
739 1384 763 1425 J
771 1381 904 1425 udaeae
934 1380 1133 1425 sacerdos
1162 1381 1340 1440 quidam
1371 1396 1453 1425 no-

4 1488 7 1492 .
67 1473 87 1496 »
122 1454 240 1498 mine
265 1454 489 1498 Zacharias
512 1453 563 1497 de
584 1453 678 1497 vice
701 1453 809 1497 Abia
828 1462 870 1496 et
894 1468 1004 1497 uxor
1018 1451 1079 1496 illi
1102 1451 1156 1496 de
1179 1451 1349 1496 filiabus
1364 1455 1451 1496 Aa-

0 1567 1 1571 ,
66 1543 87 1565 n
123 1540 228 1579 ron,
255 1533 298 1568 et
327 1539 487 1568 nomen
516 1525 606 1582 ejus
640 1522 857 1567 Elisabeth
876 1558 886 1577 ‚
912 1532 994 1567 etc.
1040 1543 1057 1564 »
1096 1538 1234 1581 usque
1264 1521 1318 1565 ad
1351 1537 1452 1566 eum

0 1582 1 1587 Ἰ
63 1593 206 1638 locum
232 1594 309 1637 ubi
335 1594 393 1637 ait
421 1613 429 1637 :
457 1612 476 1634 «
506 1596 561 1637 Ut
579 1593 759 1637 cessavit
779 1602 922 1636 autem
944 1593 1086 1652 loqui,
1112 1591 1221 1635 dixit
1244 1591 1299 1636 ad.
1318 1592 1453 1636 Simo-

66 1681 86 1703 »
122 1678 222 1706 nem
255 1682 263 1707 ε
296 1667 387 1707 Duc
414 1663 459 1706 in
490 1662 653 1716 altum,
684 1671 727 1705 et
748 1662 889 1705 laxate
921 1662 1026 1705 retia
1055 1670 1194 1705 vestra
1222 1661 1265 1704 in
1296 1670 1451 1719 captu-

65 1751 84 1774 »
121 1748 212 1776 ram
249 1735 278 1775 ¹.
324 1751 342 1773 »
379 1735 472 1775 Hoc
508 1741 650 1775 totum
685 1747 775 1775 non
810 1732 944 1775 habet
977 1730 1110 1774 ullam
1155 1731 1451 1789 repugnantiae

60 1803 360 1861 quaestionem.
398 1805 585 1846 Joannes
609 1802 787 1860 quidem
812 1801 985 1846 videtur
1018 1801 1154 1844 simile
1190 1801 1355 1860 aliquid
1385 1801 1452 1844 di-

62 1889 185 1929 cere3
210 1872 286 1917 sed
314 1872 423 1916 illud
445 1872 573 1929 longe
597 1871 715 1915 aliud
737 1882 825 1927 est,
847 1873 968 1932 quod
991 1871 1156 1916 factum
1185 1881 1247 1915 est
1270 1881 1368 1931 post
1390 1887 1454 1916 re-

61 1943 371 1987 surrectionem
394 1942 566 1986 Domini
592 1941 647 1985 ad
669 1957 788 1985 mare
815 1942 1052 1985 Tiberiadis
1076 1945 1107 1985 ².
1138 1942 1204 1984 Ibi
1226 1942 1340 1984 enim
1364 1957 1453 1986 non

63 2011 202 2056 solum
231 2012 372 2070 ipsum
409 2021 578 2069 tempus
611 2010 737 2054 valde
773 2010 991 2055 diversum
1015 2020 1105 2065 est,
1139 2010 1214 2054 sed
1236 2012 1364 2054 etiam
1387 2027 1452 2055 res

60 2083 151 2141 ipsa
172 2081 410 2140 plurimum
433 2081 575 2124 distat.
602 2083 710 2126 Nam
734 2082 840 2125 retia
861 2081 949 2125 illic
970 2081 1015 2124 in
1038 2080 1264 2125 dexteram
1284 2090 1452 2140 partem

62 2152 204 2205 missa,
221 2160 396 2194 centum
412 2151 729 2210 quinquaginta
750 2160 837 2195 tres
856 2152 992 2211 pisces
1010 2160 1219 2210 ceperunt
1238 2172 1248 2208 3
1275 2166 1453 2209 magnos

62 2223 239 2282 quidem
265 2242 273 2266 ε
300 2222 375 2266 sed
397 2222 605 2280 pertinuit
623 2223 676 2265 ad
696 2222 1019 2281 Evangelistam
1038 2222 1195 2276 dicere,
1217 2221 1337 2282 quod
1354 2238 1454 2266 cnm

62 2301 151 2335 tam
172 2291 319 2350 magni
347 2301 502 2346 essent,
539 2291 644 2335 retia
676 2307 763 2335 non
787 2301 887 2335 sunt
911 2291 1127 2351 disrupta,
1155 2292 1454 2350 respicientem

62 2355 224 2405 scilicet
244 2361 299 2417 ad
318 2362 400 2405 hoc
415 2361 597 2416 factum,
621 2361 741 2421 quod
759 2365 894 2406 Lucas
912 2371 1245 2416 commemorat,
1268 2362 1341 2405 ubi
1366 2378 1455 2421 prae

35 2421 41 2426 “
61 2430 344 2474 multitudine
368 2431 550 2489 piscium
570 2432 674 2475 retia
691 2433 1022 2492 rumpebantur.
1045 2435 1141 2476 Jam
1164 2441 1316 2475 caetera
1338 2431 1455 2475 simi-

63 2501 119 2545 lia
143 2501 300 2545 Joanni
328 2504 464 2546 Lucas
494 2518 583 2547 non
612 2502 744 2558 dixit,
771 2504 851 2548 nisi
873 2504 985 2549 circa
1014 2503 1187 2548 Domini
1211 2503 1450 2561 passionem

114 2592 123 2609 ¹
140 2588 216 2620 Luc.
232 2598 256 2629 1,
272 2587 304 2629 5,
324 2591 406 2629 etv,
427 2586 459 2629 4.
480 2605 520 2611 -
539 2595 552 2612 ²
571 2591 662 2620 Joan.
677 2599 743 2629 xxi,
762 2601 790 2621 1.
