1819 3301
342 244 395 281 32
771 253 803 281 s.
841 255 1071 283 aucnsnm
1105 255 1285 283 Emscom

343 338 363 361 »
399 320 479 363 bis.
500 322 556 363 Et
579 319 638 363 ait
654 318 735 363 illis
763 339 771 364 :
800 320 842 364 Si
859 320 980 364 vobis
1006 320 1151 364 dixero
1170 354 1180 374 ,
1198 335 1288 364 non
1317 319 1502 364 credetis
1525 319 1633 364 mihi
1659 335 1668 361 :
1690 321 1724 364 si

341 408 361 431 »
399 399 543 434 autem
564 399 607 434 et
631 391 950 447 interrogavero
967 424 977 444 ‚
998 405 1087 433 non
1110 389 1423 449 respondebitis
1442 390 1564 445 mihi,
1581 405 1725 450 neque

342 479 362 503 »
397 460 646 506 dimittetis:
672 477 721 505 ex
739 461 823 505 hoc
852 469 996 504 autem
1032 460 1112 504 erit
1135 460 1270 504 Filius
1304 461 1492 505 hominis
1527 460 1680 505 sedens
1701 477 1726 506 a

338 550 360 574 »
395 532 553 576 dextris
569 532 750 575 Virtutis
765 531 855 575 Dei.
876 531 1084 574 Dixerunt
1099 540 1245 575 autem
1263 546 1412 575 omnes
1430 551 1438 575 :
1462 534 1528 575 Tu
1550 546 1653 591 ergo
1679 547 1724 576 es

340 620 360 643 »
398 602 533 646 Filius
556 602 658 645 Dei‘?
689 602 773 654 Qui
795 601 853 644 ait
881 620 889 644 :
915 603 1001 645 Vos
1023 600 1187 656 dicitis,
1214 602 1316 661 quia
1336 617 1417 660 ego
1432 617 1543 646 sum.
1571 604 1627 645 At
1661 600 1724 645 illi

341 690 360 715 »
397 672 624 716 dixerunt:
651 671 768 725 Quid
790 671 933 715 adhuc
956 670 1250 715 desideramus
1285 671 1608 716 testimonium?
1638 671 1726 730 Ipsi

340 761 360 784 »
396 743 512 786 enim
535 741 778 797 audivimus
814 742 869 785 de
891 757 964 786 orc
988 743 1091 801 ejus.
1121 744 1175 785 Et
1205 757 1384 800 surgens
1410 742 1548 786 omnis
1572 740 1724 785 multi-

341 832 360 854 »
396 812 504 858 tudo
527 829 677 857 eorum
700 812 919 856 duxerunt
942 827 1041 855 cum
1063 812 1117 855 ad
1142 811 1328 855 Pilatum
1345 815 1374 855 ¹.
1399 831 1418 853 »
1448 815 1550 856 Haec
1578 812 1724 856 omnia

336 884 528 928 narravit
552 888 710 938 Lucas,
737 883 812 926 ubi
836 881 1093 940 intelligitur
1125 881 1245 941 quod
1274 883 1403 926 etiam
1425 883 1658 926 Matthaeus
1681 891 1725 926 et

338 958 510 999 Marcus
547 961 833 998 narraverunt
852 988 863 1007 ⁷
904 951 1023 1012 quod
1057 953 1345 1009 interrogatus
1385 953 1438 996 sit
1486 954 1694 997 Dominus
1709 988 1720 1007 ,

338 1035 484 1069 utrum
509 1026 599 1084 ipse
622 1034 729 1068 esset
752 1023 886 1067 Filius
904 1023 980 1067 Dei
993 1058 1008 1078 2
1041 1032 1083 1067 et
1105 1022 1225 1082 quod
1247 1023 1404 1067 dixerit
1429 1043 1436 1067 :
1463 1043 1482 1066 «
1509 1024 1613 1068 Dico
1645 1039 1724 1068 vo-

339 1114 358 1137 »
395 1096 476 1150 bis,
493 1099 529 1140 A
547 1095 678 1140 modo
690 1095 890 1139 videbitis
915 1093 1076 1137 Filium
1108 1093 1295 1137 hominis
1328 1094 1549 1138 sedentem
1571 1111 1593 1138 a
1615 1093 1724 1138 dex-

340 1185 358 1207 ))
397 1167 470 1210 tris
494 1166 692 1220 Virtutis,
719 1174 761 1209 et
783 1165 1027 1208 venientem
1046 1165 1091 1207 in
1109 1165 1301 1208 nubibus
1334 1164 1457 1219 coeli,
1496 1183 1516 1206 »
1538 1166 1630 1225 jam
1650 1164 1724 1209 lu·-

335 1246 533 1281 cescente
555 1237 624 1280 die
648 1246 817 1295 gestum
833 1271 843 1291 ‚
871 1236 1049 1295 quando
1073 1239 1210 1279 Lucas
1232 1235 1336 1280 dicit
1357 1255 1365 1280 ;
1394 1255 1412 1277 «
1435 1239 1491 1280 Et
1512 1245 1562 1280 ut
1583 1236 1724 1281 factus

339 1326 358 1349 »
394 1317 458 1352 est
481 1307 570 1351 dies
596 1325 655 1358 2⁷»
678 1317 808 1367 atque
830 1307 888 1350 ita
910 1315 1056 1350 narrat
1076 1306 1244 1360 similia,
1263 1307 1341 1350 etsi
1363 1306 1470 1366 quid
1487 1306 1616 1350 etiam
1633 1305 1724 1366 ipse

335 1386 646 1422 commemorat
668 1375 788 1436 quod
810 1376 873 1420 illi
907 1384 1153 1420 tacuerunt.
1177 1378 1312 1421 Nocte
1335 1385 1481 1420 autem
1511 1376 1723 1436 intelligi-

336 1465 432 1493 mus
454 1465 530 1508 per
546 1448 676 1493 falsos
701 1456 828 1492 testes
847 1457 990 1491 actum
1013 1463 1101 1492 esse
1124 1463 1224 1491 cum
1248 1447 1434 1492 Domino
1450 1483 1460 1502 ‚
1482 1447 1601 1508 quod
1628 1448 1724 1492 bre-

335 1521 444 1566 viter
456 1528 905 1565 commemoraverunt
918 1520 1150 1563 Matthaeus
1161 1529 1204 1563 et
1216 1523 1402 1574 Marcus,
1416 1523 1554 1564 Lucas
1568 1519 1719 1574 tacuit,

335 1591 412 1650 qui
444 1590 659 1634 enarravit
680 1605 780 1649 quae
801 1590 914 1633 circa
936 1605 1064 1633 mane
1099 1599 1201 1634 sunt
1217 1600 1349 1649 gesta.
1376 1593 1485 1636 Nam
1509 1599 1553 1634 et
1574 1590 1660 1645 illi,
1677 1589 1724 1634 id

335 1662 661 1717 est,Matthaeus
687 1670 729 1726 et
761 1664 933 1705 Marcus
953 1696 964 1715 ‚
1000 1670 1320 1706 contexuerunt
1353 1662 1646 1706 narrationem
1676 1662 1722 1705 in

334 1733 383 1776 iis
401 1748 500 1792 quae
517 1747 615 1775 cum
636 1731 821 1775 Domino
844 1741 937 1775 acta
952 1740 1053 1774 sunt
1066 1747 1205 1791 usque
1222 1732 1277 1775 ad
1299 1747 1427 1776 mane
1447 1751 1456 1776 ε
1481 1733 1557 1776 sed
1574 1741 1723 1791 postea
1766 1780 1776 1784 ,

334 1801 557 1845 redierunt
577 1800 631 1844 ad
649 1800 910 1845 narrandam
935 1802 1050 1845 Petri
1066 1802 1363 1860 negationem3
1384 1819 1471 1862 qua
1492 1802 1722 1847 terminata
1767 1814 1770 1816 ’

334 1873 557 1917 redierunt
578 1872 632 1917 ad
651 1888 777 1916 mane
791 1908 801 1926 ‚
828 1882 877 1916 ut
898 1872 1000 1916 inde
1022 1883 1176 1917 eaetera
1219 1883 1500 1918 contexerent
1514 1909 1525 1930 ,
1562 1890 1724 1935 quous-

335 1959 421 2004 que
438 1943 726 2003 perducerent
747 1959 846 2003 quae
878 1959 978 1987 cum
1002 1944 1187 1988 Domino
1213 1953 1307 1988 acta
1330 1954 1453 1988 erant
1472 1980 1482 2000 ‚
1509 1944 1585 1989 sed
1606 1961 1721 1990 non--

334 2014 441 2059 dum
463 2023 907 2058 commemoraverant
929 2012 1049 2073 quod
1072 2029 1198 2058 mane
1221 2014 1386 2059 factum
1407 2017 1558 2059 esset2.
1584 2018 1721 2060 Joan-

335 2100 410 2128 nes
447 2100 646 2144 quoque,
677 2100 777 2128 cum
819 2100 868 2128 ea
904 2101 1004 2144 quae
1039 2100 1137 2128 cum
1167 2086 1353 2130 Domino
1384 2095 1498 2143 gesta
1533 2096 1634 2131 sunt
1670 2103 1722 2131 ex

334 2164 498 2215 quanta
518 2164 638 2215 parte
661 2155 800 2199 visum
823 2163 912 2209 est,
934 2164 977 2198 et
1008 2155 1124 2198 Petri
1145 2156 1419 2213 negationem
1440 2166 1574 2201 totam
1599 2173 1721 2202 com-

334 2234 625 2280 memorasset,
646 2245 665 2267 «
683 2224 922 2269 Adducunt
940 2240 1058 2284 ergo,
1079 2225 1220 2285 inquit
1235 2261 1245 2280 ,
1267 2229 1415 2270 Jesum
1433 2226 1487 2271 ad
1505 2229 1719 2288 Ca'i'pham

337 2314 357 2337 »
392 2297 437 2340 in
459 2296 709 2355 praetorium
731 2299 918 2352 (1)3crat
933 2304 1077 2339 autem
1094 2311 1221 2339 mane
1235 2297 1249 2322 3
1274 2316 1281 2340 ;
1302 2315 1321 2339 »
1344 2297 1419 2340 ubi
1436 2297 1718 2357 intelligimus

335 2376 409 2411 aut
431 2367 619 2426 aliquam
635 2364 765 2410 fuisse
781 2381 971 2420 causam,
992 2382 1090 2425 quae
1108 2367 1300 2425 coegerit
1321 2368 1531 2426 Caipham
1562 2384 1651 2414 esse
1671 2369 1733 2413 in·

333 2438 536 2496 praetorio
544 2473 559 2493 ,
584 2452 664 2482 nec
686 2452 775 2482 esse
802 2446 1059 2496 praesentem
1078 2452 1179 2481 cum
1197 2437 1267 2481 alii
1286 2439 1499 2498 principes
1521 2440 1719 2485 sacerdo-

381 2540 389 2555 ¹
411 2534 486 2565 Luc.
509 2532 733 2575 xxn,63-71‚
753 2536 786 2564 et
805 2543 897 2571 xxm,
919 2543 946 2564 r.
978 2549 1017 2554 --
1041 2539 1053 2555 ²
1073 2532 1194 2565 matth.
1216 2525 1306 2573 xxv'z,
1331 2532 1452 2576 59-75,
1473 2539 1505 2567 et
1523 2536 1627 2568 Marc.
1648 2547 1713 2577 xiv,

333 2589 448 2629 55—72.
469 2606 509 2611 ——
532 2587 544 2611 3
566 2591 653 2620 Joan.
676 2589 836 2628 xv111,28.
