1819 3301
389 297 432 322 IN
467 294 640 322 JOANNIS
673 292 977 331 EVANGELIU‘M,
1013 290 1156 320 Titler.
1196 295 1259 319 111.
1433 282 1514 321 4⁶25

141 377 161 400 r,
196 368 343 404 contra
362 396 372 415 ,
393 362 502 404 sicut
525 361 686 404 amicus
709 376 808 404 cum
832 361 968 404 amico
990 375 1082 404 suo.
1112 378 1131 401 »
1161 359 1358 418 Sequeris
1381 360 1516 418 ipsam

141 431 431 490 Scripturam,
474 439 516 474 ct
542 431 707 474 invenis
743 434 922 488 Moysen
956 430 1204 474 dicentem:
1248 448 1267 470 «
1297 429 1338 473 Si
1372 429 1517 473 inveni

140 517 160 541 ))
197 501 376 558 gratiam
391 500 436 543 in
459 511 694 560 conspectu
714 511 810 557 tuo,
830 502 1008 546 ostende
1025 501 1131 544 mihi
1155 510 1197 544 te
1216 501 1356 560 ipsum
1376 501 1517 544 mani-

139 587 159 611 »
194 570 303 614 feste
318 605 328 625 ‚
354 580 402 614 ut
424 571 590 614 videam
615 580 671 614 te.
694 590 712 612 »
741 575 796 615 Et
817 587 968 630 parum
989 580 1051 615 est
1064 571 1167 631 quia·
1186 570 1295 615 dixit
1312 590 1320 615 :
1338 586 1517 630 respon-

135 657 228 684 sum
252 643 443 701 accepit:
470 661 487 683 α
508 645 603 687 Non
626 652 748 702 potes
762 643 909 687 videre
927 641 1077 686 faciem
1095 640 1233 685 meam
1250 644 1279 686 1.
1310 660 1329 683 »
1347 644 1518 702 Loque-

135 712 264 755 hatur
298 727 423 770 ergo,
460 712 612 757 fratres
647 713 754 767 mei,
792 728 891 757 cum
928 715 1076 769 Moyse
1098 712 1289 770 Angelus
1310 747 1319 765 ‚
1341 722 1517 771 portans

134 790 288 841 typum
314 783 485 826 Domini
514 802 521 827 :
547 793 590 827 et
608 782 680 828 illa
700 783 841 827 omnia
865 799 963 843 quae
985 783 1046 826 ibi
1070 798 1144 841 per
1166 782 1380 841 Angelum
1406 781 1517 827 facta

133 862 250 907 sunt7
265 852 457 896 futuram
471 853 593 896 istam
609 854 789 912 gratiam
805 863 847 897 et
856 854 1079 897 veritatem
1094 852 1421 912 promittebant.
1436 852 1517 905 Qui

132 921 244 965 bene
275 931 520 967 scrutantur
543 926 703 982 Legem
720 959 730 978 ‚
757 932 974 968 noverunt
1000 943 1008 968 :
1035 931 1078 966 et
1098 937 1196 966 cum
1220 931 1516 981 opportunum

133 1002 223 1047 est,
257 1002 306 1037 ut
328 1002 370 1037 et
392 1009 469 1038 nos
502 993 664 1054 aliquid
701 994 802 1038 inde
825 994 1018 1039 dicamus
1035 1029 1045 1049 ,
1071 1003 1285 1054 quantum
1310 994 1516 1037 Dominus

132 1063 316 1117 revelat,
339 1079 427 1108 non
452 1073 643 1108 tacemus
660 1065 870 1109 Charitati
896 1067 1075 1108 Vestrae.

191 1136 356 1177 XVIII.
386 1135 502 1179 Illud
525 1144 671 1178 autem
702 1136 841 1179 sciatis
863 1170 873 1190 ‚
899 1136 1000 1194 quia
1026 1135 1172 1178 omnia
1195 1150 1294 1193 quae
1312 1149 1516 1192 corpora-

132 1203 229 1248 liter
253 1206 337 1249 visa
366 1215 495 1260 sunt,
533 1221 620 1249 non
644 1215 766 1249 erant
802 1205 875 1248 illa
900 1204 1136 1248 substantia
1168 1204 1260 1247 Dei.
1289 1203 1367 1246 Illa
1402 1203 1517 1246 enim

132 1275 266 1319 oculis
281 1277 420 1320 carnis
439 1277 635 1320 videmus
654 1296 663 1321 :
681 1277 757 1319 Dei
773 1276 1010 1319 substantia
1033 1274 1150 1318 unde
1165 1274 1362 1318 videtur?
1380 1276 1518 1317 Evan-

134 1345 292 1403 gelium
316 1346 532 1404 interroga
557 1367 564 1390 ;
594 1367 611 1387 «
633 1347 751 1389 Beati
774 1345 939 1389 mundo
963 1344 1092 1388 eorde
1119 1364 1127 1388 ;
1154 1345 1253 1403 quia
1280 1344 1359 1402 ipsi
1382 1348 1517 1387 Deum

135 1433 156 1457 »
192 1415 444 1460 videbunt?
469 1435 488 1456 »
519 1420 715 1460 Fuerunt
736 1416 975 1469 liotniiies3,
1001 1416 1076 1474 qui
1109 1414 1303 1457 dicerent
1330 1415 1518 1457 vanitate

133 1487 197 1530 sui
220 1486 358 1530 cordis
375 1486 567 1545 decepti,
592 1491 715 1530 Pater
737 1486 961 1530 invisibilis
984 1495 1062 1540 est,
1090 1485 1223 1528 Filius
1252 1494 1393 1528 autem
1416 1484 1517 1528 visi-

136 1555 234 1599 bilis
255 1565 332 1599 cst.
358 1556 483 1600 Unde
506 1556 683 1599 visibilis
699 1557 715 1596 ‘?
730 1557 771 1600 Si
796 1566 970 1615 propter
987 1570 1159 1598 earnem
1174 1589 1183 1606 ,
1209 1554 1311 1613 quia
1333 1555 1520 1613 suscepit

133 1642 329 1684 carnem3
354 1626 631 1670 manifestum
657 1636 733 1669 est.
754 1627 822 1670 llli
841 1627 953 1670 enim
975 1627 1050 1685 qui
1072 1640 1245 1669 earnem
1268 1625 1428 1668 Christi
1454 1625 1518 1668 vi—

133 1697 315 1750 derunt,
350 1695 480 1756 aliqui
514 1696 814 1749 crediderunt,
849 1697 982 1758 aliqui
1011 1696 1317 1740 crucifixerunt
1344 1714 1352 1738 :
1379 1703 1421 1738 et
1443 1696 1520 1754 qui

134 1765 436 1821 crediderunt,
457 1766 530 1810 illo
546 1767 751 1810 crucifixo
775 1776 1040 1809 nutaverunt
1062 1787 1072 1822 3
1097 1776 1139 1810 et
1161 1766 1239 1808 nisi
1262 1766 1398 1823 ipsam
1424 1774 1520 1823 post

134 1836 492 1879 resurrectionem
517 1836 772 1894 palparent,
797 1835 903 1878 fides
926 1836 978 1878 ad
1008 1850 1079 1878 eos
1104 1850 1191 1878 non
1226 1844 1516 1878 revocaretur.

137 1907 179 1951 Si
202 1921 302 1964 crgo
334 1916 512 1966 propter
548 1922 721 1949 carnem
758 1906 934 1949 visibilis
960 1906 1094 1949 Filius
1115 1927 1126 1962 3
1150 1915 1192 1948 et
1215 1921 1292 1949 nos
1315 1906 1520 1949 concedi-

135 1993 231 2022 mus
249 2013 259 2032 ,
286 1989 328 2021 et
362 1987 425 2021 est
446 1976 655 2021 catholica
682 1976 787 2020 fides
809 1996 817 2020 :
839 1977 872 2020 si
899 1986 1043 2020 autem
1065 1985 1163 2019 ante
1199 1991 1370 2020 carnem
1410 1977 1521 2020 sicut

132 2048 213 2107 ipsi
238 2048 416 2102 dicunt,
443 2048 488 2090 id
507 2057 569 2091 est
588 2082 598 2101 ‚
624 2057 857 2106 antequam
884 2048 1180 2090 incarnaretur
1201 2082 1211 2100 ,
1234 2047 1421 2089 multum
1440 2046 1519 2089 dea

134 2119 288 2173 lirant,
316 2128 359 2162 et
389 2118 577 2162 multum
609 2128 768 2162 errant.
801 2121 930 2161 Facta
959 2118 1073 2160 enim
1107 2126 1207 2160 sunt
1244 2116 1315 2160 illa
1336 2116 1519 2161 visibilia

134 2189 415 2248 corporaliter
430 2204 507 2247 per
524 2198 787 2243 creaturam,
806 2189 850 2232 in
865 2189 1022 2248 quibus
1041 2197 1170 2246 typus
1188 2188 1489 2230 ostenderetur
1508 2208 1516 2232 ;

133 2274 223 2303 non
245 2259 398 2318 utique
419 2258 658 2302 substantia
682 2259 771 2317 ipsa
795 2258 1173 2301 demonstrabatur
1196 2265 1238 2300 et
1263 2256 1518 2302 manifesta-

133 2330 276 2373 batur.
298 2330 451 2372 Et'hoc
473 2328 669 2372 attendat
691 2329 887 2372 Charitas
902 2330 1050 2371 Vestra
1066 2328 1162 2371 lene
1181 2328 1513 2373 documentum.

136 2399 353 2459 Sapientia
374 2399 449 2442 Dei
471 2398 606 2442 videri
638 2399 772 2442 oculis
796 2415 881 2442 non
906 2408 1059 2457 potest.
1092 2401 1283 2451 Fratres,
1310 2399 1342 2441 si
1367 2399 1516 2442 Chris-

135 2481 203 2515 tus
223 2469 437 2529 Sapientia
456 2470 531 2512 Dei
549 2479 591 2513 et
610 2471 755 2514 Virtus
784 2470 911 2527 Dei⁴3
933 2471 965 2513 si
988 2469 1183 2513 Christus
1207 2469 1399 2512 Verbum
1415 2470 1516 2526 Dei3

183 2573 191 2588 ¹
210 2566 308 2598 Exod.
329 2577 444 2606 xxxin,
468 2577 520 2605 ιι,
545 2566 581 2597 13
600 2570 633 2597 et
651 2575 701 2598 20.
728 2583 766 2589 -—
788 2573 800 2589 ²
820 2565 920 2598 Mauh
947 2577 978 2605 v,
999 2568 1030 2597 8.
1053 2583 1093 2588 -
1122 2563 1134 2588 3
1154 2566 1271 2597 Ariani.
1294 2582 1333 2587 -
1358 2564 1373 2589 4
1397 2577 1406 2597 1
1439 2567 1513 2598 Cor.

135 2633 147 2653 1
161 2646 169 2661 ‚
189 2620 243 2661 24.
