1819 3301
335 247 415 286 142
770 259 802 286 s.
840 260 1069 287 Anousnm
1103 260 1283 286 EPISCOPI

333 342 352 364 η
389 333 452 367 est
475 339 658 383 regnum
676 308 885 369 coelorum
915 344 922 368 :
953 343 973 366 »
994 333 1202 382 tanquam
1221 322 1463 366 diceretur:
1491 340 1511 364 «
1537 322 1717 366 Initium

334 412 353 434 »
389 395 610 453 sapientiae
632 396 761 439 timor
785 395 955 439 Domini
972 397 1001 437 ¹.
1025 413 1044 435 »
1063 395 1244 439 Mitibus
1260 392 1488 438 haereditas
1510 392 1610 437 data
1632 401 1712 447 est,

331 473 539 525 tanquam
564 475 871 509 testamentum
906 465 1037 524 patris
1059 480 1159 509 cum
1191 465 1352 524 pietate
1387 464 1713 523 quaerentibus:

333 554 352 576 «
387 536 504 579 Beati
528 536 678 592 mites3
704 536 911 594 quoniam
933 535 1013 594 ipsi
1036 534 1289 579 haereditate
1317 534 1604 594 possidebunt
1626 542 1717 576 ter-

333 625 352 647 »
391 621 495 648 ram.
516 625 534 646 n
555 606 826 664 Lug-entibus
842 604 1096 660 consolatio⁷
1123 616 1330 665 tanquam
1353 604 1588 648 scientibus
1610 602 1719 663 quid

332 678 573 730 amiserint,
600 687 642 720 et
665 677 825 737 quibus
843 677 969 721 mersi
987 678 1093 721 sint:
1124 697 1143 718 «
1169 677 1285 720 Beati
1307 677 1383 736 qui
1404 675 1582 734 lugent3
1607 690 1720 735 quo-

338 768 353 787 »
390 747 505 790 niam
527 747 607 806 ipsi
640 747 998 791 consolabuntur.
1034 765 1053 787 »
1081 746 1381 790 Esurientibus
1412 755 1456 789 ct
1476 745 1719 789 sitientibus

331 817 530 861 saturitas
547 853 557 871 ,
583 826 789 876 tanquam
816 817 993 861 refectio
1015 817 1315 861 laborantibus
1338 815 1597 875 fortiterque
1626 830 1719 859 cer·
1782 834 1787 838 ·

332 888 525 931 tantibus
549 887 603 931 ad
625 886 805 931 salutem
835 906 842 931 :
869 907 887 928 «
914 887 1032 930 Beati
1055 888 1130 947 qui
1148 889 1344 930 esuriunt
1366 897 1410 931 et
1430 886 1581 930 sitiunt
1597 886 1720 946 justi-

337 980 353 999 »
391 959 492 1000 tiam
511 980 522 1015 3
541 959 749 1018 quoniam
771 958 850 1016 ipsi
872 958 1200 1001 saturabuntur.
1231 976 1250 997 »
1277 956 1628 1001 Misericordibus
1645 957 1721 1000 mi-

332 1028 812 1087 sericordia‚,tanquam
830 1044 932 1072 vero
954 1037 995 1071 et
1018 1028 1184 1087 optimo
1207 1028 1388 1072 consilio
1409 1027 1650 1080 utentibus,
1671 1037 1721 1088 ut

331 1100 415 1143 hoc
432 1100 490 1143 eis
503 1099 760 1142 exhibeatur
784 1116 805 1142 a
824 1100 1084 1158 potentiore,
1106 1099 1227 1159 quod
1244 1099 1574 1143 invalidioribus
1596 1098 1721 1142 exhi-

332 1170 454 1212 bent.
485 1189 502 1210 «
530 1169 650 1213 Beati
681 1170 1002 1223 misericordesg
1029 1170 1237 1229 quoniam
1268 1170 1460 1228 ipsorum
1495 1168 1719 1212 miserebi-

337 1258 356 1280 υ
395 1250 480 1283 tur.
511 1259 530 1280 η
556 1239 732 1284 Mundis
761 1241 890 1284 corde
922 1240 1104 1284 facultas
1127 1239 1303 1283 videndi
1322 1243 1461 1283 Deum
1477 1274 1487 1292 ‚
1512 1249 1722 1298 tanquam

336 1325 493 1369 purum
518 1310 693 1353 oculum
714 1309 766 1354 ad
789 1309 1069 1367 intelligenda
1092 1319 1253 1353 aeterna
1275 1309 1550 1367 gerentibus:
1573 1309 1724 1352 «Beati

337 1400 356 1420 »
392 1379 547 1423 mundi
569 1381 728 1437 corde3
760 1381 966 1440 quostiam
990 1380 1070 1439 ipsi
1103 1384 1241 1423 Deum
1271 1380 1498 1423 videbunt.
1530 1399 1548 1420 υ
1576 1377 1733 1423 Pacifi-'

336 1451 395 1494 cis
429 1451 503 1493 Dei
538 1449 775 1494 similitudo
797 1486 806 1504 ,
835 1462 1040 1510 tanquam
1070 1451 1261 1509 perfecte
1282 1450 1548 1510 sapientibus
1569 1449 1726 1493 forma-

338 1521 476 1580 tisque
501 1520 555 1563 ad
577 1521 803 1578 imaginem
830 1522 905 1565 Dei
930 1537 1005 1580 per
1030 1521 1398 1579 regenerationem
1421 1522 1614 1564 renovati
1646 1521 1726 1564 ho-

337 1591 478 1633 minis.
500 1592 654 1633 «Beati
674 1591 837 1649 pacifici
855 1612 865 1647 3
882 1591 1087 1650 quoniam
1106 1591 1186 1650 ipsi
1209 1591 1284 1634 filii
1310 1591 1381 1634 Dei
1397 1590 1718 1634 vocabuntur.»

338 1664 396 1704 Et
417 1661 492 1703 ista
518 1661 696 1720 quidem
728 1661 773 1702 in
796 1661 876 1703 bac
898 1662 984 1703 vita
1009 1670 1189 1719 possunt
1211 1660 1448 1719 compleri,
1473 1661 1584 1704 sicut
1606 1675 1726 1704 com-

338 1730 454 1790 pleta
479 1746 568 1774 esse
590 1731 634 1773 in
651 1729 867 1788 Apostolis
890 1730 1152 1775 eredimus&
1178 1734 1287 1775 Nam
1313 1731 1384 1774 illa
1404 1731 1654 1774 omnimoda
1678 1732 1724 1773 in

338 1801 573 1858 angelicam
603 1800 788 1844 formam
812 1802 1022 1853 mutatio,
1063 1817 1162 1860 quae
1184 1811 1281 1860 post
1310 1802 1422 1845 hanc
1458 1802 1591 1844 vitam
1623 1817 1727 1860 pro-

340 1872 543 1922 mittitur,
569 1870 698 1914 nullis
721 1872 862 1914 verbis
885 1871 1037 1930 exponi
1059 1881 1216 1930 potest.
1238 1872 1394 1915 «Beati
1413 1887 1514 1929 ergo
1535 1873 1611 1932 qui
1628 1887 1726 1930 per-

343 1961 361 1982 »
397 1941 661 1985 secutionem
689 1942 912 1999 patiuntur
935 1951 1111 2000 propter
1129 1942 1336 2000 justitiam
1359 1942 1591 2000 3([uonian1
1613 1943 1727 2001 ipso-

343 2030 362 2052 »
402 2027 497 2054 rum
518 2021 581 2054 est
599 2026 778 2068 regnum
804 2011 1033 2055 coelorum.
1057 2029 1076 2051 »
1104 2014 1206 2054 Haec
1228 2021 1377 2054 octava
1396 2012 1607 2056 sententia
1630 2027 1729 2070 quae

341 2082 396 2125 ad
418 2092 550 2140 caput
581 2075 716 2137 redit,
755 2081 1086 2141 perfectumque
1110 2082 1329 2124 bominem
1354 2080 1571 2135 declarat,
1596 2081 1728 2138 signi-

342 2161 466 2196 catur
490 2152 668 2195 fortasse
691 2161 732 2194 et
755 2152 1078 2195 circumcisione
1110 2161 1263 2195 octavo
1294 2150 1363 2193 dic
1386 2151 1429 2192 in
1453 2152 1596 2194 Veteri
1626 2154 1728 2194 Tes-

342 2231 563 2276 tamento‚
590 2231 631 2264 et
655 2222 826 2265 Domini
849 2221 1160 2264 resurrectione
1176 2230 1272 2278 post
1293 2220 1541 2274 sabbatum,
1567 2221 1642 2280 qui
1667 2230 1731 2264 est
1788 2269 1791 2271 Α

342 2293 493 2351 utique
511 2302 715 2346 octavus,
738 2293 944 2351 idemque
964 2292 1124 2350 primus
1145 2291 1234 2333 dies
1252 2312 1262 2346 3
1283 2301 1325 2334 et
1346 2290 1635 2334 celebratione
1655 2306 1730 2335 oc-

344 2372 539 2406 tavarum
577 2361 808 2414 feriarum,
841 2377 947 2421 quas
983 2362 1023 2403 in
1059 2362 1381 2418 regeneratione
1409 2361 1510 2404 novi
1541 2361 1728 2405 hominis

344 2432 612 2476 celebramus
633 2453 644 2489 3
669 2441 710 2476 et
729 2447 911 2475 numero
928 2431 1021 2490 ipso
1040 2434 1326 2475 Pentecostes.
1349 2433 1459 2475 Nam
1480 2431 1723 2490 septenario

395 2535 400 2549 ¹
426 2529 522 2560 Eccli.
557 2541 579 2569 1,
608 2529 658 2568 ιδ,
681 2528 763 2560 Psat.
784 2538 835 2568 cx,
864 2538 915 2567 ¹03
940 2531 974 2560 et
997 2529 1090 2560 Prov.
1123 2538 1166 2567 ιχ,
1189 2538 1237 2559 ιο.
1260 2544 1301 2550 -
1323 2534 1334 2550 ²
1353 2527 1431 2559 Vide
1448 2529 1581 2560 Retract
1612 2526 1666 2559 lib.
1693 2537 1729 2568 1,

345 2593 416 2624 cap.
444 2595 491 2624 ¹9-
514 2595 545 2614 n.
561 2593 593 2615 2.
