1819 3301
307 253 390 292 472
745 264 778 291 s.
815 263 1046 291 Ancus'nm
1079 263 1261 290 13121500121

361 333 464 374 XII.
492 333 547 375 Et
564 346 644 390 ego
665 331 885 387 interrogo
906 347 914 373 :
934 328 1108 372 interim
1146 338 1466 388 sequestremus
1481 364 1493 384 ,
1516 329 1588 373 cui
1604 329 1698 374 dic·

309 410 401 445 tum
423 401 498 456 sit,
529 420 548 442 «
577 404 670 445 Una
690 408 754 443 est
778 398 983 443 columba
1012 413 1131 453 mea,
1168 414 1256 442 una
1286 408 1349 442 est
1376 399 1503 443 matri
1527 415 1645 443 suae:
1673 418 1694 441 »

306 471 450 516 adhuc
473 472 710 531 quaerimus
738 489 746 514 :
782 479 858 514 aut
880 469 989 512 mihi
1011 467 1177 513 dictum
1209 478 1295 524 est,
1328 479 1403 513 aut
1425 470 1505 513 tibi
1531 471 1700 514 dictum

305 552 370 588 est
398 563 406 587 :
438 551 760 602 sequestremus
790 541 860 585 cui
891 540 1057 585 dictum
1088 541 1155 585 sit.
1198 544 1292 585 Hoc
1323 557 1426 600 ergo
1460 558 1633 602 quaero,
1666 542 1700 586 si

305 614 508 660 columba
534 622 597 657 est
618 612 820 672 simplex,
846 613 1078 668 innocens,
1105 612 1196 656 sinc
1227 612 1328 656 felle
1347 648 1357 667 ,
1387 622 1539 672 pacata
1562 615 1607 657 in
1629 629 1701 658 os-

306 685 413 730 culis
429 720 439 739 ,
461 700 550 729 non
572 700 682 729 saeva
700 685 746 728 in
763 685 987 743 unguibus
1011 706 1021 742 3
1045 699 1196 744 quaero
1215 693 1364 728 utrum
1393 684 1447 728 ad
1477 686 1606 745 hujus
1628 701 1703 730 co-

305 757 397 800 lum
407 756 471 799 bae
486 756 681 800 membra
694 756 942 815 pertineant
957 755 1089 810 avari,
1103 764 1311 814 raptores,
1324 755 1513 811 subdoli,
1526 757 1700 813 ebriosi,

310 828 535 886 flagitiosi:
559 828 755 872 membra
776 836 879 871 sunt
901 826 1117 871 columbae
1131 827 1290 887 hujus?
1306 828 1446 881 Absit,
1471 828 1630 888 inquit.
1647 831 1706 872 Et

310 914 475 953 revera,
495 896 652 942 fratres
673 933 684 953 ,
709 898 812 958 quia
844 899 929 942 hoc
952 896 1138 941 dixerit?
1160 900 1218 942 Ut
1246 897 1354 941 nihil
1385 898 1505 942 aliud
1533 898 1673 943 dicam
1690 934 1702 955 ,

307 980 500 1030 raptores
522 969 634 1014 solos
651 970 684 1014 si
708 969 849 1014 dicam
872 1005 883 1025 ,
908 969 1107 1013 membra
1142 962 1357 1028 accipitris
1380 980 1562 1029 possunt
1584 986 1674 1014 esse
1690 1006 1702 1026 ,

308 1058 398 1086 non
421 1041 617 1086 mc'mbra
639 1040 857 1086 columbae
876 1060 884 1086 :
905 1040 1027 1085 milvi
1049 1041 1249 1100 rapiunt,
1270 1041 1496 1100 accipitres
1511 1041 1703 1101 rapiunt,

308 1112 426 1158 corvi
464 1112 640 1171 rapiunt
678 1131 687 1156 ε
719 1111 937 1156 columbae
966 1127 1057 1156 non
1093 1111 1272 1171 rapiunt
1291 1147 1302 1167 ,
1333 1127 1423 1156 non
1459 1111 1703 1158 dilaniant:

308 1199 411 1242 ergo
429 1192 623 1242 raptores
645 1197 734 1226 non
761 1191 863 1226 sunt
881 1182 1076 1226 membra
1094 1181 1326 1226 columbae.
1357 1185 1455 1227 Non
1494 1182 1611 1242 apud
1633 1199 1708 1228 vos

310 1254 395 1299 fuit
410 1253 479 1298 vel
500 1269 615 1297 unus
634 1255 811 1313 raptor?
835 1256 978 1306 Quare
1004 1262 1152 1297 manet
1172 1253 1414 1312 baptismus
1432 1269 1564 1313 quem
1587 1254 1710 1298 dedit

313 1325 542 1384 accipiter,
575 1339 666 1368 non
689 1323 893 1368 columba
912 1325 930 1365 ⁶?
957 1325 1100 1376 Quare
1125 1339 1214 1368 non
1236 1324 1462 1383 baptizatis
1495 1326 1613 1384 apud
1633 1340 1709 1369 vos

310 1396 424 1456 ipsos
453 1403 550 1454 post
584 1403 778 1454 raptores
802 1403 845 1437 et
878 1392 1099 1438 adulteros
1122 1402 1166 1437 et
1195 1394 1385 1438 ebriosos
1403 1430 1413 1450 ,
1439 1404 1539 1454 post
1561 1410 1710 1440 avaros

312 1465 431 1526 apud
460 1481 536 1510 vos
572 1465 717 1525 ipsos?
741 1468 810 1509 An
829 1464 899 1509 isti
929 1476 1081 1509 omnes
1102 1465 1301 1509 membra
1326 1466 1544 1510 columbae
1575 1468 1711 1511 sunt?

316 1539 384 1583 Sic
407 1536 702 1581 dehonestatis
727 1535 980 1580 columbam
1002 1544 1214 1591 vestram,
1240 1545 1289 1580 ut
1319 1537 1357 1580 ei
1385 1537 1579 1580 membra
1610 1537 1712 1582 vul·

313 1609 460 1653 turina
481 1607 662 1651 faciatis.
685 1605 802 1660 Quid
824 1621 941 1664 ergo,
966 1605 1142 1661 fratres,
1164 1606 1273 1666 quid
1295 1607 1511 1651 dicimus?
1536 1608 1641 1651 Mali
1669 1617 1713 1652 et

314 1679 421 1723 boni
441 1686 543 1721 sunt
564 1678 610 1722 in
632 1676 824 1721 Ecclesia
839 1675 1053 1720 catholica
1081 1695 1089 1721 :
1112 1677 1174 1720 ibi
1196 1686 1341 1721 autem
1366 1677 1445 1722 soli
1469 1676 1570 1722 mali
1592 1687 1708 1722 sunt.

319 1749 403 1795 Sed
424 1748 538 1794 forte
559 1748 737 1792 inimico
762 1748 907 1792 animo
929 1748 1012 1791 hoc
1035 1746 1133 1792 dico
1157 1767 1165 1792 ε
1187 1757 1230 1792 et
1250 1749 1334 1792 hoc
1352 1758 1500 1808 postea
1520 1750 1714 1810 requira-

317 1832 403 1866 tur.
421 1824 477 1864 Et
494 1820 554 1864 ibi
567 1829 682 1864 certe
694 1820 864 1875 dicunt,
879 1819 980 1879 quia
994 1829 1096 1863 sunt
1107 1819 1213 1863 boni
1226 1829 1269 1864 et
1286 1820 1389 1864 mali
1411 1840 1418 1865 :
1435 1836 1534 1865 nam
1550 1822 1582 1864 si
1600 1822 1716 1865 dixe-

318 1893 407 1936 rint
428 1891 540 1936 solos
566 1891 704 1935 bonos
730 1905 773 1935 se
796 1890 983 1947 habere,
1005 1889 1186 1934 credant
1208 1890 1291 1934 illis
1312 1893 1391 1946 sui,
1405 1901 1447 1934 et
1469 1892 1711 1936 subscribo.

318 1966 417 2009 Non
439 1971 541 2006 sunt
559 1963 677 2021 apud
692 1978 785 2016 nOS,
810 1962 977 2016 dicant,
1004 1961 1084 2005 nisi
1105 1961 1257 2016 sancti,
1273 1963 1395 2021 justi,
1427 1963 1547 2017 casti,
1566 1963 1713 2021 sobrii;

319 2050 410 2078 non
433 2033 635 2088 adulteri,
654 2048 743 2076 non
760 2031 1068 2087 foeneratores,
1091 2048 1180 2076 non
1194 2031 1464 2076 fraudatores
1478 2069 1488 2087 ,
1512 2049 1601 2077 non
1624 2049 1716 2092 per-

315 2105 420 2165 juri,
446 2120 535 2148 non
550 2103 777 2148 vinolenti.
798 2102 975 2159 Dicant,
993 2118 1081 2146 non
1095 2103 1211 2146 enim
1234 2102 1595 2162 attendolinguas
1610 2105 1716 2163 ipso-

321 2191 434 2229 rum,
451 2174 527 2219 sed
540 2184 671 2233 tango
683 2173 811 2217 corda
825 2174 1033 2231 ipsorum.
1047 2174 1077 2217 C
1086 2188 1159 2216 um
1173 2182 1318 2216 autem
1335 2173 1426 2217 noti
1441 2174 1525 2217 sint
1537 2175 1662 2218 nobis
1674 2183 1716 2218 et

320 2248 444 2292 vobis
460 2257 504 2291 et
525 2247 610 2290 suis
624 2282 635 2301 ,
659 2246 770 2290 sicut
788 2254 831 2289 et
847 2260 922 2289 vos
944 2253 987 2288 et
1003 2244 1126 2288 vobis
1149 2244 1194 2288 in
1212 2244 1440 2289 Catliolica
1458 2255 1499 2288 et
1518 2245 1601 2290 illis
1626 2245 1717 2290 noti

321 2319 447 2375 estis,
478 2332 557 2361 nec
586 2332 663 2361 nos
694 2331 766 2360 eos
802 2314 1198 2374 reprehendamus,
1236 2330 1316 2358 nec
1349 2315 1408 2358 illi
1441 2331 1484 2359 se
1517 2315 1712 2375 palpent.

320 2391 406 2434 Nos
425 2387 611 2432 fatemur
632 2387 679 2430 in
701 2386 892 2431 Ecclesia
915 2394 958 2429 et
980 2384 1117 2429 bonos
1136 2394 1179 2429 et
1208 2385 1342 2429 malos
1374 2401 1484 2440 csse,
1515 2385 1591 2430 sed
1618 2395 1717 2430 tan-

321 2475 453 2520 quam
476 2473 607 2516 grana
630 2466 673 2501 et
688 2456 873 2516 paleam.
897 2454 1146 2515 Aliquando
1161 2455 1237 2515 qui
1259 2455 1505 2514 baptizatur
1519 2473 1541 2500 a
1562 2471 1714 2513 grano,

320 2532 445 2591 palca
466 2539 550 2587 cst,
570 2538 612 2572 et
634 2529 709 2588 qui
728 2528 976 2587 baptizatur
994 2543 1016 2571 a
1034 2525 1173 2586 palea,
1189 2541 1372 2584 granum
1397 2536 1474 2571 est.
1503 2527 1714 2587 Alioquin

324 2602 356 2644 si
379 2602 454 2660 qui
476 2599 720 2658 baptizatur
742 2613 763 2641 a
778 2613 936 2656 grano,
952 2596 1088 2654 valet,
1106 2605 1149 2640 et
1171 2597 1245 2656 qui
1270 2597 1547 2656 baptizatura
1562 2597 1704 2656 palea,
