1819 3301
326 249 410 291 284
754 267 787 293 s.
823 264 1054 295 Anous‘mm
1085 268 1268 295 Emscom

498 334 616 377 XIV.
681 336 742 377 De
764 333 1230 393 septuaginta-duobus
1252 335 1495 395 Discipulis.

517 405 613 448 XV.
678 404 807 457 Quod
834 405 891 449 ait
919 424 928 449 2
953 404 1011 450 Si
1040 404 1172 463 quod
1201 406 1249 449 in
1281 415 1326 450 te
1358 416 1428 451 est
1457 405 1619 453 ‘lumen
1644 418 1712 454 te-

739 473 901 520 nebroe
941 485 1073 532 sunt,
1112 478 1227 536 ipsse
1272 477 1481 523 tenebrat.»
1520 490 1714 538 quanta?

738 543 887 589 sunt?

493 617 614 660 XVI.
679 616 809 670 Quod
823 618 881 661 ait
901 637 908 662 :
927 616 986 664 N
984 633 1076 663 unc
1092 634 1191 674 vos,
1216 617 1478 676 Plzarisoei,
1506 619 1638 680 quod
1656 620 1716 666 de

726 688 863 750 foris
887 699 957 733 est
973 688 1140 734 calicis
1157 699 1203 734 et
1214 692 1367 735 catini
1381 691 1639 737 mundatis.

476 760 619 802 XVII.
685 762 747 803 De
770 759 906 818 digito
926 761 1017 804 Dei.

446 830 613 872 XVIII.
681 833 741 874 De
753 831 921 890 jejunio
939 830 1130 875 filiorum
1148 832 1308 891 sponsi.

491 901 614 943 XIX.
680 903 741 944 De
762 900 838 945 illo
855 901 930 961 qui
954 901 1220 946 descendens
1243 902 1298 946 ab
1321 902 1559 947 Jerusalem
1581 903 1627 947 in
1651 906 1719 967 Je-

744 971 863 1016 richo
882 971 1034 1016 incidit
1055 973 1099 1016 in
1115 972 1320 1018 latrones.

520 1044 619 1087 XX.
685 1041 813 1096 Quod
864 1045 1034 1088 Martha
1081 1046 1247 1104 excepit
1292 1044 1418 1089 illum
1456 1046 1501 1089 in
1537 1046 1718 1090 domum

741 1130 863 1158 suam
881 1151 891 1171 ,
921 1116 998 1160 ubi
1022 1117 1154 1161 Maria
1179 1117 1357 1161 sedebat
1379 1117 1431 1161 ad
1455 1117 1585 1178 pedes
1608 1120 1716 1179 ejus.

495 1187 618 1229 XXI.
684 1189 745 1229 Dc
768 1185 842 1230 illo
861 1186 937 1247 qui
960 1187 1102 1232 media
1127 1197 1254 1232 nocte
1275 1188 1328 1232 ab
1352 1188 1490 1233 amico
1508 1189 1618 1248 petit
1635 1198 1720 1233 tres

742 1272 890 1316 panes.

471 1327 615 1370 XXII.
681 1329 743 1371 De
766 1343 878 1386 pane
896 1336 938 1371 et
962 1329 1073 1387 pisce
1092 1338 1135 1372 et
1156 1344 1254 1373 ovo.

444 1399 615 1442 XXIII.
682 1398 811 1450 Quod
831 1399 889 1442 ait
910 1419 917 1443 :
950 1397 1144 1443 Tulz'stis
1166 1399 1350 1444 clavem
1372 1401 1596 1444 scientc'oe.

454 1471 615 1513 XXIV.
681 1469 810 1522 Quod
828 1470 886 1513 ait
907 1489 916 1513 z
941 1470 1127 1514 Anima
1145 1469 1255 1530 plus
1271 1481 1339 1515 est
1363 1487 1510 1529 qaam
1528 1487 1654 1516 esca.

477 1542 616 1584 XXV.
682 1541 811 1593 Quod
830 1541 888 1585 ait
910 1560 918 1585 ι
944 1540 1052 1586 Sint
1074 1541 1224 1586 lmnbi
1243 1544 1391 1587 vestrl
1404 1545 1657 1602 praecincti
1676 1554 1721 1589 et

745 1610 951 1655 lucerna?
970 1610 1211 1657 ardentes.

453 1682 617 1725 XXVI.
684 1684 744 1726 De
766 1696 969 1727 mensura
991 1683 1122 1728 tritici
1146 1699 1277 1744 quam
1296 1682 1371 1728 dat
1392 1683 1530 1730 fidelis
1552 1684 1722 1745 dispen-

747 1765 862 1801 sator
884 1755 1075 1801 familiae.

428 1826 612 1869 XXVII.
678 1828 808 1880 Quod
844 1829 902 1873 ait
930 1848 938 1873 ;
971 1828 1090 1871 Cum
1124 1824 1339 1870 videritis
1369 1825 1544 1872 nubem
1566 1827 1722 1872 orien-

748 1907 841 1943 tem
863 1899 926 1944 ab
949 1914 1141 1944 occasa.

401 1969 611 2013 XXVIII.
677 1971 804 2023 Quod
828 1971 887 2014 ait
909 1970 963 2014 de
997 1979 1159 2014 statura
1182 1969 1373 2028 eorporis
1403 1969 1474 2013 eui
1504 1985 1594 2014 non
1617 1984 1719 2030 pos—

512 2094 516 2099 ·
745 2041 832 2084 sint
857 2040 1024 2100 aliquid
1048 2038 1221 2083 addere.

450 2112 616 2154 XXIX.
683 2110 810 2164 Quod
830 2112 888 2155 ait
911 2131 919 2155 :
944 2108 1112 2157 Nolite
1127 2110 1173 2153 in
1188 2107 1389 2153 sublime
1409 2108 1587 2154 extolli.

480 2183 621 2224 XXX.
689 2184 749 2225 Dc
767 2181 954 2225 invitatis
978 2180 1033 2224 ad
1055 2195 1241 2224 coenam.

450 2252 615 2295 XXXI.
681 2255 742 2295 De
769 2252 1016 2311 sumptibus
1043 2251 1096 2294 ad
1119 2260 1283 2294 turrem
1310 2249 1612 2295 aedificandam
1633 2285 1644 2306 ,
1677 2258 1722 2294 et

747 2338 846 2380 rege
871 2322 946 2382 qui
971 2322 1104 2364 habet
1124 2320 1275 2378 viginti
1300 2320 1450 2364 millia.

432 2394 618 2437 XXXII.
684 2395 745 2436 De
767 2392 853 2436 sale
871 2393 1085 2436 infatuato
1109 2401 1150 2434 ct
1170 2408 1248 2435 ove
1266 2391 1448 2451 perdita.

405 2465 616 2507 XXXIII.
682 2467 742 2508 De
756 2463 927 2507 duobus
945 2463 1042 2506 filiis
1058 2478 1243 2523 quorum
1257 2463 1405 2522 junior
1419 2462 1637 2523 profectus
1656 2471 1719 2507 est

741 2535 787 2578 in
810 2535 1028 2594 regionem
1048 2534 1349 2594 longinquam.
