1819 3301
352 288 436 327 106
780 301 812 327 s.
849 298 1074 327 mausum
1104 298 1287 326 zmscom

352 374 432 409 rat.
455 367 563 410 Nam
582 372 679 423 post
695 363 808 407 diem
825 363 1013 422 primum
1039 363 1362 406 resurrectionis
1379 363 1487 421 ejus,
1509 361 1615 406 alios
1635 371 1735 407 octo

352 435 442 480 dies
463 434 744 478 intervenisse
766 433 871 476 dicit
889 436 1094 486 Joannes,
1112 441 1207 490 post
1229 448 1337 492 quos
1359 433 1416 475 eis
1439 447 1585 476 rursus
1603 447 1737 492 appa-

356 506 457 549 ruit.
487 504 632 548 Tertio
663 512 806 546 autem
826 502 878 545 ad
898 517 1015 546 mare
1041 502 1296 557 Tiberiadis,
1323 501 1512 546 fortassis
1527 503 1736 549 continuo

352 575 637 635 consequenti
661 574 754 629 die,
790 573 898 616 nihil
919 574 1037 616 enim
1054 583 1270 633 repugnat
1289 592 1296 617 2
1323 583 1367 616 et
1384 572 1542 616 deinde
1561 573 1738 633 quando

352 646 491 691 voluit
508 644 774 689 constituens
796 644 876 697 eis,
902 643 1021 704 quod
1043 653 1086 687 et
1109 654 1209 687 ante
1228 644 1500 703 praedixerat,
1527 653 1576 687 ut
1598 659 1669 688 eos
1692 645 1738 687 in

354 716 543 760 Galilaeae
576 723 768 758 montem
799 714 1064 772 praecederet
1101 733 1110 758 :
1153 723 1283 773 atque
1319 714 1499 758 omnino
1535 729 1612 773 per
1642 713 1739 758 illos

353 784 640 845 quadraginta
659 783 749 826 dies
771 784 941 842 quotics
959 783 1098 827 voluit
1117 818 1128 837 ,
1146 785 1308 843 quibus
1336 783 1474 827 voluit
1491 819 1501 838 ,
1527 782 1740 843 quemad-

354 854 534 899 modum
558 853 697 897 voluit
718 872 725 896 ε
751 853 861 896 sicut
882 856 1032 896 Petrus
1055 854 1177 908 dicit,
1202 853 1381 913 quando
1400 869 1500 897 eum
1518 853 1736 908 Cornelio,

354 934 397 969 et
424 925 471 968 iis
507 924 585 984 qui
614 938 714 967 cum
751 922 827 966 illo
864 919 1065 977 fuerant,
1098 922 1385 982 praedicabat,
1421 942 1440 964 «
1465 924 1550 976 Qui
1584 922 1737 977 simul,

357 1013 377 1036 »
413 996 586 1053 inquit,
632 992 989 1036 manducavimus
1019 1001 1062 1036 et
1095 993 1284 1037 bibimus
1306 1009 1408 1037 cum
1439 992 1542 1047 illo,
1567 1002 1741 1052 postea-

357 1083 378 1105 »
413 1079 545 1124 quam
569 1062 800 1107 resurrexit
821 1078 845 1106 a
878 1063 1080 1117 mortuis,
1106 1078 1183 1122 per
1216 1062 1306 1106 dies
1341 1062 1654 1122 quadraginta²
1681 1081 1690 1107 ε
1718 1080 1738 1104 »

355 1150 446 1179 non
476 1133 597 1194 quod
618 1133 814 1193 quotidie
847 1148 924 1191 per
945 1132 1035 1176 dies
1063 1131 1349 1192 quadraginta
1383 1147 1484 1176 cum
1515 1132 1591 1177 ilio
1622 1146 1744 1176 man·

356 1204 587 1249 ducassent
623 1213 666 1246 et
712 1203 919 1246 bibissent
954 1222 961 1246 ε
996 1218 1096 1246 nam
1129 1203 1210 1246 erit
1245 1204 1512 1247 contrarium
1555 1202 1740 1256 Joanni,

357 1275 434 1334 qui
458 1283 557 1318 octo
584 1273 680 1317 illos
715 1272 804 1316 dies
838 1273 1098 1331 interposuit
1115 1273 1275 1333 quibus
1294 1274 1364 1317 eis
1385 1274 1499 1317 visus
1528 1288 1616 1317 non
1653 1282 1740 1326 est,

357 1354 407 1389 ut
429 1344 554 1388 tertio
587 1342 937 1387 manifestaretur
966 1343 1018 1387 ad
1056 1359 1175 1387 mare
1214 1344 1467 1387 Tiberiadis.
1514 1342 1622 1387 Inde
1653 1344 1744 1402 jam

359 1415 523 1458 etiamsi
557 1413 753 1473 quotidie
785 1412 867 1456 illis
892 1414 1005 1456 visus
1041 1423 1083 1456 et
1122 1428 1222 1457 cum
1257 1412 1339 1456 illis
1372 1414 1626 1457 convivatus
1655 1422 1740 1466 est,

359 1485 467 1529 nihil
500 1494 727 1543 repugnat.
759 1487 816 1527 Et
850 1482 1029 1527 fortasse
1059 1483 1158 1527 ideo
1192 1483 1357 1527 dictum
1390 1493 1481 1534 est,
1523 1499 1599 1542 per
1632 1499 1745 1543 qua-

360 1556 555 1613 draginta
594 1555 683 1597 dies
705 1554 779 1613 qui
798 1553 1054 1613 quaterdeni
1088 1562 1189 1597 sunt
1210 1553 1255 1596 in
1285 1554 1490 1610 mysterio
1513 1553 1583 1598 vel
1615 1553 1747 1599 totius

360 1625 515 1667 mundi
537 1624 605 1668 vel
646 1624 777 1667 totius
811 1622 1058 1681 temporalis
1092 1623 1264 1675 saeculi,
1299 1623 1400 1681 quia
1430 1632 1473 1666 et
1516 1622 1577 1666 illi
1618 1623 1746 1682 primi

362 1693 512 1738 decem
545 1695 635 1736 dies
670 1694 712 1735 in
749 1693 908 1752 quibus
942 1702 1065 1735 erant
1091 1692 1153 1735 illi
1188 1702 1287 1736 octo
1334 1692 1454 1745 dies,
1486 1709 1509 1736 a
1531 1702 1654 1752 parte
1679 1703 1746 1737 to·

361 1773 458 1807 tum
502 1772 708 1822 possunt,
740 1778 859 1806 more
900 1762 1246 1821 Scripturarum,
1288 1778 1377 1806 non
1420 1761 1592 1807 dissone
1623 1778 1747 1808 com-

360 1833 519 1892 putari.

420 1904 638 1946 LXXXV.
665 1900 927 1946 Conferatur
944 1916 1045 1959 ergo
1061 1937 1072 1956 ,
1097 1910 1140 1944 et
1159 1902 1280 1961 quod
1311 1902 1371 1945 ait
1391 1902 1611 1961 apostolus
1634 1906 1748 1946 Pau-

361 1972 428 2016 lus
447 2008 457 2026 ,
478 1981 624 2015 utrum
645 1971 1178 2030 nihilafferatqueestionis
1207 1991 1214 2015 ε
1240 1990 1259 2013 «
1284 1973 1554 2026 Resurrexit‚
1581 1973 1745 2032 inquit,

364 2060 384 2083 >,=
420 2043 547 2085 tertio
567 2041 637 2084 die
663 2041 905 2084 secundum
931 2043 1171 2099 Scripturas
1189 2076 1199 2094 ,
1229 2050 1272 2084 et
1303 2041 1503 2100 apparuit
1519 2044 1696 2101 Cephae.
1722 2060 1741 2082 »ι

360 2114 457 2157 Non
480 2111 602 2164 dixit,
625 2111 767 2154 Primo
789 2111 990 2169 apparuit
1004 2112 1188 2169 Cephae,
1212 2126 1310 2154 nam
1327 2120 1436 2155 esset
1457 2113 1741 2167 contrarium,

361 2181 480 2242 quod
511 2182 648 2240 primo
670 2179 923 2223 mulieribus
953 2181 1198 2239 apparuisse
1228 2181 1273 2223 in
1299 2180 1531 2238 Evangelio
1567 2182 1744 2239 legitur.

367 2270 386 2293 «
422 2254 571 2294 Postea
589 2285 599 2304 ,
637 2249 779 2308 inquit
799 2284 810 2304 ,
846 2248 1078 2293 duodecim
1105 2269 1114 2294 ;
1143 2267 1162 2289 »
1199 2249 1496 2308 quibuslibet,
1522 2266 1607 2310 qua
1636 2251 1742 2294 hora

360 2320 498 2374 libet,
521 2320 614 2377 ipso
648 2328 791 2361 tamen
828 2318 1151 2362 resurrectionis
1174 2318 1258 2361 die.
1301 2319 1510 2362 «Deinde
1546 2321 1747 2379 apparuit

364 2407 384 2429 »
420 2389 651 2447 plusquam
679 2388 927 2447 quingentis
962 2387 1170 2432 fratribus
1191 2387 1321 2430 simul
1348 2408 1356 2431 :
1384 2407 1403 2428 »
1429 2389 1516 2432 sive
1548 2390 1616 2433 isti
1643 2405 1745 2434 cum

361 2457 444 2501 illis
467 2457 670 2501 undecim
687 2467 811 2501 erant
828 2459 1076 2516 congregati
1094 2457 1247 2501 clausis
1264 2457 1381 2501 ostiis
1395 2468 1569 2518 propter
1581 2468 1746 2504 metum

370 2525 624 2570 Judaeorum
637 2562 648 2582 ,
673 2525 792 2571 unde
813 2542 912 2570 cum
927 2527 1094 2571 exiisset
1113 2528 1298 2572 Thomas
1311 2528 1432 2572 venit
1447 2527 1501 2572 ad
1513 2544 1586 2574 eos
1597 2532 1748 2586 Jesus·,

413 2619 421 2633 ¹
444 2616 514 2644 Act.
537 2624 568 2652 x,
588 2614 642 2654 41,
