1819 3301
374 259 428 295 80
816 267 847 295 s.
887 268 967 295 Ano
978 269 1114 294 USTINI
1148 268 1328 295 Emscom

371 333 495 376 illum
518 333 594 392 qui
615 333 727 377 intra
750 341 1082 377 monumentum
1112 332 1289 376 sedebat
1311 347 1334 376 a
1358 331 1530 376 dextris.
1559 333 1643 376 Sed
1666 336 1757 376 Lu-

372 405 511 448 casita
526 414 671 448 narrat
694 424 701 448 ;
726 423 744 446 ‹<
770 408 826 448 Et
844 404 934 447 dies
950 412 1041 447 erat
1058 406 1333 459 Parasceves,
1355 412 1396 447 et
1415 403 1644 447 sabbatum
1661 403 1759 447 illu-

373 492 394 515 »
430 474 641 518 cescebat.
682 474 933 518 Subsccutae
960 481 1105 516 autem
1139 473 1365 529 mulieres,
1404 489 1502 533 quae
1531 488 1631 516 cum
1666 474 1759 533 ipso

373 561 394 585 »
429 552 635 588 venerant
658 544 712 586 de
734 542 931 599 Galilaea,
952 541 1155 587 viderunt
1171 553 1505 588 monumentum
1520 577 1531 598 ‚
1552 551 1595 586 et
1612 557 1759 602 quem-

374 631 393 654 »
429 613 665 657 admodum
698 613 890 672 positum
930 622 1022 656 erat
1055 629 1211 673 corpus
1252 615 1370 674 ejus,
1408 622 1451 657 et
1495 621 1760 658 revertentes

373 702 393 725 »
428 693 688 744 paraverunt
721 693 912 729 aromata
940 693 984 728 et
1016 693 1239 742 unguenta
1266 703 1274 730 :
1300 693 1344 728 et
1375 684 1556 728 sabbato
1578 683 1759 744 quidem

372 771 392 795 >›
428 754 641 798 siluerunt
677 754 918 799 secundum
953 754 1209 798 mandatum
1250 773 1258 798 z
1289 769 1376 798 una
1409 763 1556 798 autem
1587 753 1759 798 sabbati

371 842 391 865 »
427 824 553 868 valde
584 824 779 869 diluculo
810 833 1025 868 venerunt
1056 824 1111 868 ad
1140 833 1504 879 monumentum,
1535 832 1758 883 portantes

370 912 390 935 »
426 911 525 954 quae
548 904 804 954 paraverant
821 903 1038 951 aromata3
1072 903 1115 938 et
1137 894 1400 938 invenerunt
1421 894 1609 954 lapidem
1628 910 1758 940 revo-

369 981 389 1005 n
425 963 570 1009 lutum
592 982 614 1009 a
634 973 920 1009 monumento
939 985 949 1021 3
974 973 1016 1007 et
1038 964 1238 1022 ingressae
1269 979 1357 1009 non
1385 964 1648 1012 invenerunt
1668 980 1758 1010 cor-

369 1052 389 1075 »
425 1050 506 1093 pus
529 1035 702 1079 Domini
734 1038 836 1079 Jesu
866 1054 874 1078 2
909 1043 952 1077 et
972 1034 1137 1078 factum
1162 1044 1226 1079 est
1253 1034 1360 1079 dum
1385 1044 1531 1079 mente
1562 1044 1757 1080 conster-

369 1122 390 1146 »
426 1115 539 1149 natae
561 1114 703 1149 essent
733 1104 787 1148 de
818 1105 922 1159 isto,
949 1113 992 1148 et
1020 1119 1120 1148 eece
1157 1103 1246 1149 duo
1273 1105 1354 1149 viri
1388 1114 1602 1150 steterunt
1636 1121 1757 1150 secus

369 1193 389 1217 »
425 1175 519 1220 illas
542 1177 587 1220 in
609 1185 727 1220 veste
748 1175 933 1234 fulgenti
957 1195 964 1220 :
991 1191 1090 1219 eum
1120 1175 1322 1220 timerent
1344 1185 1487 1220 autem
1507 1185 1550 1221 et
1564 1175 1757 1221 declina-

369 1263 389 1286 »
425 1255 522 1290 rent
553 1246 725 1290 vultum
755 1247 800 1289 in
827 1255 1001 1300 terram,
1028 1245 1232 1290 dixerunt
1262 1246 1316 1291 ad
1338 1246 1431 1290 illas
1458 1266 1468 1291 2
1492 1246 1607 1300 Quid
1631 1262 1755 1306 quae-

368 1333 389 1357 »
425 1317 516 1360 ritis
537 1318 755 1361 viventem
779 1332 878 1361 eum
899 1316 1110 1361 mortuis?
1128 1333 1218 1361 non
1239 1327 1302 1361 est
1322 1317 1409 1372 hic,
1435 1317 1511 1361 sed
1533 1318 1716 1361 surrexit
1743 1336 1751 1362 ε

367 1404 387 1427 »
424 1387 713 1430 recordamini
739 1386 926 1447 qualiter
948 1386 1121 1430 locutus
1145 1396 1207 1430 est
1236 1387 1358 1431 vobis
1375 1422 1385 1442 ,
1412 1402 1523 1448 cunr
1543 1386 1687 1431 adhuc
1708 1387 1754 1430 in

366 1474 387 1497 »
422 1456 597 1501 Galilaea
613 1466 737 1511 esset,
759 1456 905 1501 dicens
924 1475 931 1500 :
953 1457 1059 1508 Quia
1078 1466 1249 1516 oportet
1267 1457 1427 1500 Filium
1437 1448 1624 1501 hominis
1642 1455 1755 1501 tradi

366 1544 386 1568 »
422 1528 468 1570 in
501 1543 654 1571 manus
683 1528 910 1571 hominum
941 1535 1246 1586 peccatorum,
1283 1537 1326 1571 et
1361 1527 1576 1584 crucifigi,
1605 1536 1649 1570 et
1683 1526 1754 1571 die

364 1615 385 1638 »
421 1598 545 1640 tertia
570 1612 806 1656 resurgere.
832 1600 888 1640 Et
918 1595 1154 1640 recordatae
1182 1606 1284 1641 sunt
1311 1596 1545 1640 verborum
1568 1598 1658 1657 ejus
1674 1632 1685 1652 ,
1711 1605 1755 1641 et

366 1684 385 1706 »
421 1682 620 1724 regressae
647 1683 670 1710 a
697 1676 984 1710 monumento
1018 1666 1333 1711 nuntiaverunt
1364 1668 1458 1710 haec
1494 1666 1641 1710 omnia
1671 1665 1754 1710 illis

364 1754 384 1777 »
420 1737 624 1780 undecim
642 1772 652 1791 ,
685 1746 726 1780 et
748 1736 911 1780 caeteris
934 1737 1134 1780 omnibus
1163 1739 1194 1779 1.
1219 1737 1449 1789 Quomodo
1473 1751 1574 1794 ergo
1595 1736 1753 1794 singuli

361 1807 439 1850 visi
464 1816 564 1850 sunt
583 1805 778 1850 sedentes
795 1841 805 1860 ,
830 1821 944 1849 unus
962 1806 1203 1849 seeundum
1228 1807 1485 1850 Matthaeum
1506 1806 1608 1849 foris
1625 1821 1754 1865 super

360 1874 572 1934 lapidem3
593 1885 635 1919 et
657 1876 764 1919 alter
785 1875 1024 1919 secundum
1043 1878 1239 1919 Marcum
1258 1877 1374 1919 intus
1399 1893 1420 1919 a
1444 1875 1603 1920 dextris
1621 1897 1631 1933 3
1651 1891 1753 1920 cum

359 1946 600 1989 secundum
618 1949 779 1989 Lucam
798 1945 887 1989 duo
905 1945 1103 1988 steterint
1125 1960 1245 1988 secus
1263 1944 1356 1989 illas
1379 1946 1575 2005 quamvis
1598 1946 1752 1990 similia

361 2016 580 2059 dixerint?
624 2019 856 2060 Possumus
910 2014 1089 2074 quidem
1134 2014 1275 2058 adhuc
1316 2014 1558 2073 intelligere
1611 2030 1751 2059 unum

359 2085 576 2143 Angelum
604 2086 746 2130 visum
779 2101 801 2128 a
819 2084 1098 2139 mulieribus,
1127 2094 1170 2128 et
1198 2084 1439 2129 secundum
1464 2086 1747 2141 Matthaeum,

357 2164 400 2199 et
422 2156 662 2200 secundum
680 2158 894 2209 Marcum,
916 2155 1027 2198 sicut
1049 2170 1176 2214 supra
1200 2155 1384 2200 diximus
1406 2176 1414 2200 :
1436 2165 1485 2200 ut
1503 2171 1572 2200 eas
1594 2156 1751 2214 ingres-

356 2240 420 2269 sas
447 2226 494 2270 in
522 2235 857 2270 monumentum
886 2224 945 2268 sic
976 2224 1262 2283 accipiamus,
1294 2226 1339 2268 in
1375 2225 1554 2286 aliquod
1590 2225 1751 2270 scilicet

1816 1603 1819 1686 1

1813 1822 1819 1968 ἑ

1810 1969 1819 2190 ξ

355 2296 542 2355 spatium
560 2296 680 2356 quod
699 2305 790 2339 erat
808 2294 953 2354 aliqua
975 2294 1161 2338 maceria
1178 2295 1514 2351 communitum,
1535 2304 1586 2339 ut
1600 2295 1751 2339 intrari
1810 2315 1812 2320 ,

353 2377 496 2426 posset
510 2376 610 2411 ante
632 2366 755 2410 illum
774 2380 951 2410 saxeum
977 2363 1163 2425 sepulcri
1174 2365 1318 2409 locum
1333 2401 1344 2421 ,
1366 2375 1498 2426 atque
1518 2366 1579 2409 ibi
1593 2365 1750 2410 vidisse
1810 2396 1811 2400 ,

353 2439 569 2495 Angelum
603 2438 824 2482 sedentem
862 2452 993 2497 supra
1023 2436 1213 2497 lapidem
1244 2437 1491 2482 revolutum
1527 2453 1550 2481 a
1586 2452 1748 2481 monu-

352 2519 524 2565 mento,
545 2511 654 2554 sicut
679 2509 784 2554 dicit
809 2509 1047 2554 Matthaeus
1076 2527 1085 2552 ε
1106 2517 1156 2553 ut
1170 2508 1253 2553 hoc
1281 2508 1334 2553 sit
1356 2508 1578 2554 sedentem
1598 2523 1622 2553 a
1643 2507 1747 2553 dex-

400 2601 407 2616 ¹
426 2596 502 2627 Luc.
523 2606 611 2637 xxm,
629 2594 752 2637 54-56,
772 2598 805 2627 et
823 2604 912 2636 xxw,
933 2602 1027 2627 1-12,

1796 3169 1804 3301 aza-⁴.
1801 3144 1803 3164 ζ
1802 3091 1803 3097 ᾼ
