1819 3301
390 293 528 320 SERMO
560 293 717 320 nomm
749 292 795 319 ΙΝ
825 292 1001 330 MONTE,
1036 293 1119 320 Lm.
1155 294 1202 319 11.
1417 283 1495 322 231

125 375 145 398 »
180 357 224 400 in
257 356 460 401 cordibus
486 358 594 410 suis,
631 366 899 401 contestante
935 358 1194 401 conscientia
1217 357 1434 416 ipsorum,
1460 369 1503 404 et

126 444 146 468 »
182 427 295 470 inter
317 441 360 469 se
380 427 567 470 invicem
589 426 899 484 cogitationum
928 427 1223 471 accusantium
1239 462 1250 481 ,
1277 436 1352 470 aut
1374 429 1504 471 etiam

126 515 145 538 »
181 498 498 550 excusantium,
520 497 564 538 in
583 495 652 539 die
674 512 760 556 qua
777 496 991 555 judicabit
1015 497 1221 542 Dominus
1242 496 1412 541 occulta
1430 499 1505 542 ho-

124 585 144 608 »
182 568 347 610 minum
364 569 393 610 1.
420 571 727 626 »Quapropter
753 568 787 610 si
804 568 945 611 omnis
970 569 1112 612 anima
1135 568 1353 613 rationalis
1376 569 1505 612 etiarn

122 637 360 696 cupiditate
388 647 572 691 caecata,
603 645 749 681 tamen
789 653 891 681 cum
927 638 1086 695 cogitat
1123 648 1166 682 et
1197 639 1504 694 ratiocinatur,

123 706 339 768 quidquid
360 708 405 751 in
427 723 476 751 ea
499 708 829 752 ratiocinatione
853 724 1006 752 verum
1029 718 1090 753 est
1105 744 1115 763 ,
1142 725 1231 754 non
1253 709 1292 753 ei
1311 710 1510 754 tribuen-

122 777 228 821 dum
252 787 313 821 est
331 813 341 832 ,
370 777 444 821 sed
467 778 546 836 ipsi
568 777 725 821 lumini
741 778 931 822 veritatis
947 813 958 833 ‚
983 795 1006 823 a
1024 795 1113 839 quo
1134 779 1204 823 vel
1224 780 1411 823 tenuiter
1428 795 1506 839 pro

123 848 188 892 sui
206 847 443 906 capacitate
460 847 717 903 illustratur,
733 856 784 892 ut
796 863 947 892 verum
963 848 1130 908 aliquid
1148 849 1194 893 in
1210 849 1508 895 ratiocinando

123 918 305 974 sentiat,
345 916 452 977 quid
484 917 646 961 mirum
677 918 710 961 si
743 916 907 962 diaboli
940 919 1083 963 anima
1103 935 1233 979 prava
1269 919 1508 979 cupiditate

123 1002 320 1046 perversa
336 1023 346 1043 ,
373 987 591 1047 quidquid
613 996 759 1031 tamen
777 1003 928 1032 verum
954 988 1008 1033 de
1023 990 1141 1050 justo
1162 989 1253 1033 viro
1276 989 1504 1048 cogitavit,

122 1074 224 1103 cum
246 1074 346 1102 eum
379 1068 546 1102 tentare
574 1058 706 1103 vellet
721 1094 732 1113 ,
755 1059 887 1118 ipsius
910 1061 988 1104 Dei
1024 1076 1130 1106 voce
1146 1095 1156 1115 ‚
1182 1060 1228 1104 id
1263 1070 1326 1104 est
1341 1096 1351 1114 ,
1376 1061 1510 1119 ipsius

123 1129 311 1173 veritatis
328 1144 434 1173 voce
452 1129 621 1173 audisse
638 1130 920 1188 perhibetur?
935 1130 1156 1189 Quidquid
1173 1139 1317 1174 autem
1332 1129 1504 1186 falsum,

122 1198 186 1243 illi
208 1198 433 1258 cupiditati
452 1199 673 1254 tribuitur,
692 1214 779 1259 qua
801 1198 965 1243 diaboli
982 1215 1141 1244 nomen
1160 1201 1339 1259 accepit.
1365 1203 1509 1252 Quan-

123 1284 255 1329 quam
284 1270 413 1312 etiam
450 1285 527 1328 per
555 1277 799 1313 creaturam
833 1269 1102 1328 corporalem
1137 1279 1267 1330 atque
1295 1269 1509 1315 visibilem

123 1341 238 1382 Deus
253 1338 509 1398 plerumque
530 1337 701 1382 locutus
726 1348 789 1383 est
805 1354 880 1382 seu
904 1339 1027 1383 bonis
1049 1355 1123 1384 seu
1142 1339 1279 1395 malis,
1301 1348 1509 1399 tanquam

124 1409 320 1453 omnium
344 1410 552 1453 Dominus
575 1419 618 1453 et
640 1419 804 1465 rector,
840 1419 884 1454 et
914 1426 994 1470 pro
1026 1412 1237 1471 cujusque
1258 1411 1319 1455 rei
1348 1411 1510 1454 meritis

123 1478 346 1523 ordinator
373 1499 381 1524 :
409 1480 520 1524 sicut
540 1495 617 1539 per
639 1479 850 1538 Angelos,
889 1481 964 1539 qui
992 1481 1222 1525 hominum
1249 1496 1426 1541 quoque
1449 1496 1510 1525 as-

124 1549 322 1608 pectibus
345 1558 667 1608 apparuerunt,
694 1558 737 1593 et
773 1564 850 1608 per
873 1551 1109 1609 Prophetas
1143 1549 1334 1594 dicentes
1359 1569 1368 1594 z
1406 1553 1510 1595 Haec

125 1619 231 1663 dicit
253 1621 478 1664 Dominus.
514 1619 631 1673 Quid
661 1635 762 1677 ergo
789 1620 948 1664 mirum
967 1656 979 1675 ,
1014 1622 1047 1664 si
1073 1636 1324 1680 quanquam
1346 1636 1435 1665 non
1464 1621 1510 1665 in

125 1690 215 1748 ipsa
232 1690 495 1747 cogitatione
513 1724 523 1743 ‚
549 1705 626 1748 per
649 1689 839 1749 aliquam
861 1699 977 1734 certe
996 1700 1238 1734 creaturam
1257 1725 1267 1745 ,
1292 1690 1366 1734 tali
1390 1691 1509 1750 operi

125 1758 496 1803 accommodatam
516 1762 629 1802 Deus
650 1758 823 1802 locutus
845 1775 943 1803 cum
966 1759 1142 1804 diabolo
1163 1759 1352 1804 dicitur?

184 1830 392 1872 XXXIII.
430 1831 520 1873 Nec
543 1827 760 1885 dignitatis
781 1844 869 1872 esse
897 1830 1161 1873 arbitrentur
1177 1865 1187 1885 ,
1212 1839 1256 1874 et
1279 1830 1402 1889 quasi
1418 1830 1512 1889 jus-

128 1899 231 1943 titiae
254 1899 455 1942 meritum
480 1899 599 1958 quod
622 1914 722 1942 cum
744 1898 819 1943 illo
849 1903 962 1943 Deus
984 1900 1157 1944 locutus
1179 1909 1243 1944 est
1268 1919 1276 1944 :
1302 1900 1510 1960 quoniam

126 1968 298 2013 locutus
317 1977 380 2012 est
401 1984 501 2012 cum
522 1969 665 2012 anima
693 1968 884 2026 angelica
901 2004 912 2023 ,
937 1985 1189 2029 quanquam
1217 1969 1348 2013 stulta
1370 1979 1413 2014 et
1435 1986 1513 2014 cu-

128 2038 228 2097 pida
250 2060 260 2096 3
290 2048 500 2098 tanquam
538 2039 571 2081 si
594 2038 848 2098 loqueretur
878 2054 979 2083 cum
1002 2040 1144 2083 anima
1166 2040 1358 2083 humana
1381 2039 1511 2084 stulta

128 2117 171 2152 et
193 2108 365 2167 cupida.
400 2112 488 2152 Aut
512 2109 590 2167 ipsi
614 2108 759 2152 dicant
781 2109 1004 2168 quomodo
1035 2108 1208 2153 locutus
1230 2118 1291 2152 est
1313 2125 1413 2153 curn
1437 2109 1513 2154 illo

129 2180 283 2234 divite,
310 2180 432 2238 cujus
455 2179 740 2237 cupiditatem
763 2178 1058 2222 stultissimam
1081 2194 1260 2236 arguere
1278 2179 1432 2234 voluit,
1453 2179 1513 2223 di-

130 2266 230 2294 cens
252 2268 260 2294 z
291 2269 310 2290 «
344 2249 482 2293 Stulte
499 2284 509 2303 ‚
534 2249 616 2292 hac
646 2258 774 2292 nocte
804 2249 945 2292 anima
969 2258 1042 2292 tua
1065 2249 1363 2307 expostulatur
1396 2264 1419 2292 a
1441 2257 1483 2292 te
1499 2284 1510 2304 ‚

133 2339 153 2361 »
190 2321 283 2363 haec
301 2335 399 2378 quae
422 2319 669 2376 praeparasti
692 2320 815 2378 cujus
839 2320 1018 2362 erunt2s’
1036 2337 1054 2359 »
1076 2320 1203 2362 Certe
1222 2320 1304 2362 hoc
1326 2319 1415 2377 ipse
1432 2322 1516 2363 Do-

131 2390 274 2433 minus
296 2391 340 2432 in
374 2389 610 2446 Evangelio
640 2389 745 2432 dicit
763 2423 774 2442 ,
804 2389 874 2431 cui
898 2388 1085 2432 haeretici
1113 2389 1180 2432 isti
1209 2387 1343 2432 velint
1373 2389 1514 2433 nolint

133 2458 243 2503 eolla
272 2459 550 2501 submittunt.
581 2457 621 2502 Si
649 2467 795 2501 autem
817 2459 901 2501 hoc
923 2467 1176 2512 moventur,
1197 2457 1315 2516 quod
1338 2467 1513 2502 tentan-

133 2529 239 2572 dum
261 2530 425 2587 justum
452 2530 626 2572 Satanas
651 2528 758 2586 petit
779 2544 803 2571 a
838 2531 923 2571 Deo
943 2548 953 2582 ς
979 2543 1066 2571 non
1089 2543 1169 2585 ego
1192 2543 1360 2586 expono
1382 2544 1515 2587 quare

185 2620 188 2634 ¹
216 2616 306 2644 Rom.
329 2624 364 2651 11,
393 2611 506 2652 14-10.
526 2629 565 2634 ——
586 2619 597 2633 ²
613 2614 686 2643 Luc.
712 2623 766 2650 xn,
790 2620 842 2642 20,
