1819 3301
346 244 426 281 192
775 254 807 279 s.
845 249 1073 280 Aucus'mm
1109 252 1287 279 Errscorr

341 335 412 364 eos
434 333 522 363 non
545 332 690 362 amore
712 318 1021 361 correctionem
1043 351 1053 371 ‚
1075 316 1150 360 sed
1173 314 1274 360 odio
1296 315 1538 359 desiderare
1554 316 1727 360 vindic-

342 398 446 434 tam.
476 392 628 449 Itaque
649 397 931 448 posteaquam
969 401 1040 430 eos
1083 385 1232 430 docuit
1264 385 1371 446 quid
1404 394 1513 430 esset
1549 384 1729 444 diligere

342 461 587 521 proximum
605 468 813 518 tanquam
830 473 874 501 se
896 458 1055 516 ipsum,
1073 457 1218 501 infuso
1233 457 1361 501 etiam
1382 457 1542 517 Spiritu
1561 465 1724 512 sancto,

342 547 473 591 quem
495 530 646 574 decem
667 528 821 572 diebus
835 527 1058 587 completis
1075 538 1172 588 post
1193 528 1484 572 ascensionem
1509 543 1630 572 suam
1652 525 1731 571 de-

342 617 469 661 super
487 610 536 644 ut
558 599 810 659 promiserat
833 598 948 641 misit
967 601 979 623 ¹
1002 633 1012 653 ,
1042 617 1061 639 n
1083 614 1172 642 non
1191 598 1427 642 defuerunt
1446 597 1550 642 tales
1563 597 1733 642 vindic-

342 682 413 726 tae,
430 671 626 732 quamvis
648 669 788 714 multo
806 670 942 713 rarius
964 685 1096 729 quam
1118 670 1162 712 in
1186 670 1332 713 Veteri
1352 672 1643 713 Testamento.
1663 669 1731 712 Ibi

343 743 458 786 enirn
479 758 529 786 ex
550 742 712 800 majore
729 749 850 800 parte
872 740 1102 784 servientes
1123 740 1279 784 timore
1295 739 1608 798 premebantur
1631 758 1639 783 :
1659 739 1732 783 hic

343 823 487 858 autem
503 814 686 857 maxime
710 811 939 856 dilectione.
961 810 1087 854 liberi
1105 810 1427 854 nutriebantur.
1454 812 1563 855 Nam
1580 819 1624 854 et
1641 825 1733 853 ver-

345 885 409 928 bis
431 882 613 943 apostoli
638 882 752 926 Petri
786 881 975 925 Ananias
999 891 1042 924 et
1064 896 1171 924 uxor
1194 882 1286 940 ejus
1302 916 1312 935 ‚
1349 881 1461 925 sicut
1481 881 1527 924 in
1551 880 1733 924 Actibus

344 954 653 1014 Apostolorum
667 952 851 1012 legimus
867 987 877 1006 ‚
904 952 1118 995 exanimes
1141 951 1393 996 ceciderunt
1409 986 1419 1006 ‚
1451 966 1531 994 nec
1549 950 1734 995 resuscin

344 1026 422 1069 tati
446 1034 568 1078 sunt,
590 1024 667 1068 sed
689 1022 846 1082 sepulti
863 1023 895 1065 2.

403 1098 536 1140 LXV.
557 1094 640 1140 Sed
653 1094 687 1138 si
707 1094 810 1137 huic
830 1093 943 1137 libro
965 1093 1157 1137 haeretici
1180 1093 1255 1152 qui
1283 1092 1566 1136 adversantur
1587 1092 1735 1136 Veteri

347 1171 645 1221 Testamento‚
675 1164 832 1209 nolunt
867 1164 1063 1219 credere,
1105 1163 1289 1207 Paulum
1324 1162 1570 1223 apostolum
1603 1178 1735 1223 quem

346 1238 574 1282 nobiscum
596 1237 778 1296 legunt,
811 1236 1064 1278 intueantur
1085 1234 1303 1278 dicentem
1335 1234 1389 1277 de
1417 1233 1607 1293 quodam
1631 1249 1736 1293 pec-

345 1318 515 1362 catore,
537 1323 667 1368 quem
701 1305 881 1350 tradidit
911 1307 1079 1349 Satanae
1108 1305 1153 1347 in
1184 1304 1410 1348 interitum
1444 1304 1604 1358 carnis,
1634 1322 1655 1346 «
1680 1306 1738 1347 Ut

348 1398 368 1421 >›
405 1380 548 1423 anima
570 1377 685 1422 salva
707 1377 800 1421 sit3.
819 1394 838 1416 »
865 1378 923 1419 Et
943 1375 976 1418 si
1000 1374 1157 1418 nolunt
1173 1374 1243 1437 hic
1266 1382 1451 1418 mortem
1474 1373 1732 1432 intelligere,

345 1451 362 1506 (
375 1448 553 1494 sortasse
575 1448 690 1492 enim
723 1448 938 1490 incertum
968 1454 1052 1499 est,
1070 1447 1086 1502 )
1124 1444 1366 1504 quamlibet
1399 1443 1641 1488 vindictam'
1661 1459 1738 1504 per

350 1522 552 1565 Satanam
576 1519 733 1562 factam
767 1517 822 1560 ab
851 1514 1060 1574 Apostolo
1097 1513 1315 1558 fateantur
1341 1533 1349 1559 ε
1377 1512 1497 1574 quod
1520 1530 1609 1558 non
1637 1529 1737 1558 eum

347 1591 474 1645 odio,
499 1589 575 1633 sed
598 1602 744 1632 amore
777 1585 925 1630 fecisse
957 1578 1204 1629 manifestat
1230 1583 1342 1628 illud
1365 1585 1581 1643 adjectum
1599 1619 1610 1637 ‚
1635 1603 1655 1625 «
1682 1586 1739 1628 Ut

350 1679 370 1703 >›
406 1660 551 1704 anima
573 1659 688 1703 salva
705 1658 809 1701 sit.»
831 1660 918 1700 Aut
940 1656 985 1698 in
1007 1654 1089 1698 illis
1110 1655 1232 1698 libris
1254 1654 1416 1714 quibus
1432 1654 1513 1713 ipsi
1536 1669 1737 1712 magnam

347 1733 549 1777 tribuunt
570 1729 871 1774 auctoritatem
885 1762 895 1782 ,
917 1726 1264 1770 animadvertant
1281 1725 1402 1785 quod
1425 1724 1608 1769 dicimus
1625 1760 1636 1780 ,
1661 1725 1738 1769 ubi

346 1802 558 1861 scriptum
580 1810 645 1844 est
665 1797 910 1858 apostolum
935 1797 1146 1840 Thomam
1168 1795 1457 1855 imprecatum
1479 1795 1649 1840 cuidam
1668 1830 1678 1850 ‚
1713 1810 1737 1838 a

347 1888 435 1933 quo
462 1871 607 1932 palma
633 1883 860 1929 percussus
895 1876 1005 1911 esset
1020 1901 1030 1920 ,
1072 1867 1346 1910 atrocissimae
1383 1867 1533 1909 mortis
1566 1864 1736 1925 suppli-

348 1943 465 1987 cium
481 1977 491 1996 ‚
518 1941 659 1985 anima
674 1949 821 1983 tamen
840 1939 930 1997 ejus
949 1935 1268 1990 commendata,
1294 1945 1344 1979 ut
1364 1935 1408 1979 in
1429 1934 1577 1980 futuro
1600 1936 1639 1978 ei
1654 1951 1735 1979 sae-

348 2013 448 2058 culo
483 2020 760 2071 parceretur:
787 2009 911 2067 cujus
941 2023 963 2050 a
994 2006 1121 2050 leone
1150 2006 1303 2060 occisi,
1329 2022 1352 2049 a
1372 2014 1529 2049 caetero
1556 2021 1736 2065 corpore

348 2084 606 2141 discerptam
629 2093 808 2123 manum
828 2077 943 2121 canis
966 2076 1113 2119 intulit
1132 2076 1312 2129 mensis,
1338 2076 1383 2119 in
1405 2076 1566 2135 quibus
1583 2076 1733 2120 convi-

348 2154 533 2198 vabatur
555 2149 803 2210 Apostolus.
816 2147 898 2192 Cui
915 2146 1138 2205 scripturae
1153 2145 1254 2189 licet
1281 2145 1407 2189 nobis
1425 2161 1513 2189 non
1531 2146 1733 2204 credere3

349 2239 438 2268 non
462 2231 525 2267 est
547 2221 661 2265 enim
683 2220 729 2263 in
746 2216 960 2262 catholico
984 2231 1150 2260 canone
1178 2235 1186 2259 :
1213 2214 1274 2258 illi
1301 2224 1449 2259 tamen
1482 2231 1576 2259 eam
1610 2224 1653 2259 et
1672 2215 1736 2259 le·-

350 2302 475 2352 gunt‚
497 2302 539 2336 et
561 2300 769 2350 tanquam
787 2286 1199 2345 incorruptissimam
1221 2285 1574 2345 verissimamque
1591 2286 1734 2329 hono-

348 2373 462 2418 rant⁷
483 2362 559 2423 qui
581 2360 785 2405 adversus
803 2356 1046 2416 corporales
1063 2354 1273 2399 vindictas
1291 2371 1389 2415 quae
1413 2364 1513 2399 sunt
1530 2355 1574 2398 in
1592 2355 1735 2398 Veteri

351 2437 627 2478 Testamento
644 2465 655 2486 ,
680 2429 824 2473 nescio
845 2443 930 2487 qua
953 2425 1145 2470 caecitate
1174 2426 1380 2469 acerrime
1410 2425 1593 2470 saeviunt
1608 2459 1619 2480 ,
1644 2439 1733 2484 quo

396 2537 404 2553 ¹
423 2533 496 2563 Act.
515 2542 552 2571 11,
575 2527 646 2570 1-4.
667 2544 709 2550 --
726 2526 857 2564 ²1d.v‚
882 2535 974 2557 1·1o.
991 2540 1033 2545 —-
1054 2521 1066 2546 3
1089 2534 1101 2554 1
1123 2524 1194 2554 Cor.
1217 2534 1250 2564 v,
1266 2521 1296 2554 5.
