1819 3301
364 215 445 251 322
804 227 836 251 s.
877 225 1103 250 mausum
1140 225 1318 251 EPIScorx

359 288 457 332 dem
473 287 706 332 Ecclesiam
718 323 733 343 ,
752 289 827 332 sed
842 289 885 330 in
899 286 1049 331 futuro
1065 287 1248 344 saeculo,
1269 289 1347 332 ubi
1366 304 1532 333 cessans
1545 290 1600 334 ab
1616 305 1748 349 opere

358 358 685 417 ministerioque
707 358 974 416 indigentiae,
1003 357 1091 401 sola
1112 358 1329 417 Sapientia
1348 359 1610 418 perfruetur.
1631 363 1750 405 Mar-

355 430 431 473 tha
463 445 565 488 ergo
603 439 811 487 occupata
844 437 908 472 est
936 429 1048 473 circa
1081 429 1271 474 multum
1300 430 1614 490 ministerium,
1646 433 1748 492 quia

356 517 474 545 nunc
508 499 667 544 talibus
698 498 903 558 operibus
932 510 1153 545 exercetur
1189 500 1398 546 Ecclesia.
1434 503 1564 555 Quod
1601 512 1748 548 autem

356 572 568 632 quaeritur
589 569 710 630 quod
731 585 776 614 se
811 586 932 615 soror
961 573 1053 632 ejus
1086 587 1175 617 non
1201 571 1406 633 adjuvet,
1431 573 1598 618 occasio
1619 573 1748 618 datur

354 642 579 687 sententiae
604 641 792 696 Domini,
809 658 894 701 qua
910 642 1101 687 ostendit
1134 644 1258 688 istam
1270 643 1506 689 Ecclesiam
1521 644 1746 689 sollicitam

354 728 443 757 esse
466 722 509 756 et
531 712 697 756 turbari
718 713 827 757 circa
849 712 1035 772 plurima
1056 748 1066 769 ‚
1087 729 1188 758 cum
1215 714 1271 759 sit
1292 731 1430 759 unum
1458 716 1746 760 necessarium

354 785 408 829 ad
430 784 551 845 quod
566 800 643 844 per
672 785 896 830 ministerii
933 786 1061 845 hujus
1082 786 1234 830 merita
1269 786 1535 846 pervenitur.
1566 786 1748 831 Mariam

351 871 455 901 vero
477 855 583 900 dicit
616 855 825 915 optimam
849 865 1015 915 partem
1050 856 1248 915 elegisse,
1275 873 1375 917 quae
1406 873 1496 901 non
1525 857 1748 901 auferetur

353 927 409 972 ab
432 942 481 970 ea
506 943 517 969 .·
541 935 585 970 et
607 926 706 971 ideo
744 926 1002 986 intelligitur
1024 927 1189 986 optima
1205 962 1216 983 ‚
1254 928 1359 988 quia
1392 937 1433 972 et
1462 944 1539 988 per
1559 928 1673 972 hanc
1692 927 1749 972 ad

354 997 473 1040 illam
509 997 727 1052 tenditur,
759 1006 802 1041 et
837 1013 927 1042 non
965 996 1185 1043 auferetur
1211 1018 1220 1043 ε
1246 998 1317 1043 illa
1352 1014 1456 1044 vero
1489 998 1744 1054 ministerii,

353 1068 550 1128 quamvis
567 1068 619 1112 sit
636 1068 767 1123 bona,
788 1077 935 1113 tamen
953 1067 1190 1126 auferetur,
1207 1069 1386 1130 quando
1402 1069 1656 1129 indigentia,
1677 1070 1749 1115 cui

353 1147 643 1194 ministratur,
668 1147 901 1183 translerlt.

851 1277 1088 1327 QUAEs'rio
1120 1279 1225 1318 xxl.

416 1411 582 1452 Amcns
605 1407 660 1451 ad
683 1422 815 1467 quem
847 1409 1023 1451 venitur
1055 1407 1198 1452 media
1222 1417 1349 1452 nocte
1370 1417 1420 1452 ut
1450 1408 1750 1454 accommodet

357 1487 443 1522 tres
469 1480 651 1538 pancs¹,
679 1478 832 1537 utique
850 1476 905 1520 ad
933 1477 1258 1521 similitudinem
1282 1480 1481 1538 ponitur,
1508 1480 1748 1524 secundum

358 1564 490 1608 quam
513 1548 609 1607 quis
635 1552 770 1591 Deum
791 1557 915 1606 rogat
936 1548 981 1590 in
1002 1548 1142 1591 media
1166 1548 1450 1594 tribulatione
1470 1537 1747 1606 constitutus,

361 1628 408 1662 ut
430 1619 468 1662 ei
492 1619 655 1661 tribuat
672 1616 1004 1676 intelligentiam
1029 1617 1268 1674 Trinitatis,
1301 1636 1387 1680 qua
1410 1622 1632 1680 praesentis
1652 1622 1751 1665 vitae

358 1689 606 1733 consoletur
627 1688 811 1731 labores.
832 1687 914 1731 Sed
942 1688 1210 1746 comparatio
1231 1698 1295 1733 est
1317 1706 1339 1733 a
1362 1690 1543 1735 minore.
1571 1692 1612 1736 Si
1635 1691 1752 1735 enim

360 1760 521 1803 amicus
554 1759 686 1802 homo
721 1758 859 1816 surgit
880 1756 934 1800 de
966 1757 1102 1811 lecto,
1129 1767 1172 1801 et
1194 1758 1300 1814 dat,
1327 1775 1416 1804 non
1445 1761 1652 1816 amicitia,
1675 1761 1752 1805 scd

359 1830 486 1874 taedio
506 1828 778 1888 compulsus,
799 1836 965 1887 quanto
989 1828 1124 1886 magis
1150 1831 1262 1873 Deus
1281 1828 1355 1874 dat
1373 1865 1384 1885 ,
1409 1832 1486 1890 qui
1507 1831 1597 1875 sine
1622 1832 1752 1875 taedio

360 1900 595 1958 largissime
619 1899 753 1942 donat
787 1897 908 1958 quod
945 1898 1129 1957 petitur,
1153 1898 1228 1942 sed
1263 1900 1317 1943 ad
1340 1901 1423 1945 hoc
1445 1917 1488 1945 se
1511 1902 1599 1961 peti
1625 1902 1748 1958 vult,

359 1980 409 2014 ut
431 1984 606 2028 capaces
629 1968 846 2012 donorum
875 1969 964 2027 ejus
1000 1968 1107 2011 fiant
1139 1970 1213 2027 qui
1244 1980 1413 2028 petunt.
1441 1975 1491 2015 In
1513 1973 1652 2016 tribus
1674 1989 1753 2016 au-

363 2051 447 2085 tem
472 2039 654 2098 panibus
673 2039 801 2082 etiam
826 2038 938 2081 illud
961 2038 1228 2096 significatur
1244 2075 1254 2093 ,
1281 2042 1409 2085 unius
1434 2057 1523 2086 esse
1546 2043 1751 2087 substan-

359 2113 430 2155 tiae
447 2111 716 2154 Trinitatem.
745 2109 922 2153 Amicus
944 2118 1087 2152 autem
1104 2144 1115 2163 ,
1139 2125 1269 2169 quem
1293 2111 1397 2155 dicit
1419 2113 1490 2156 ille
1512 2113 1588 2173 qui
1612 2115 1744 2171 petit,

359 2182 526 2226 venisse
549 2180 603 2224 de
622 2180 689 2224 via
708 2215 718 2234 ,
737 2189 775 2224 et
803 2195 891 2224 non
913 2194 956 2222 se
979 2179 1139 2222 habere
1167 2180 1283 2239 quod
1310 2191 1444 2240 ponat
1472 2193 1572 2227 ante
1603 2183 1745 2240 illum,

359 2251 618 2309 intelligitur
651 2250 838 2295 hominis
878 2249 1122 2309 appetituS,
1162 2251 1238 2309 qui
1279 2252 1412 2297 debet
1449 2253 1749 2314 obtemperare

359 2324 529 2368 rationi.
565 2321 786 2367 Serviebat
801 2330 947 2365 autem
983 2322 1290 2366 consuetudini
1320 2325 1547 2384 temporali
1567 2361 1578 2381 ,
1616 2341 1749 2386 quam

355 2395 471 2439 viam
492 2402 643 2447 vocat,
674 2402 851 2452 propter
874 2391 1020 2436 omnia
1041 2406 1117 2450 per
1146 2400 1318 2452 tempus
1339 2396 1617 2441 transeuntia.
1636 2398 1750 2442 Con·

356 2480 479 2509 verso
501 2473 646 2508 autem
668 2463 847 2508 homine
860 2461 916 2507 ad
939 2465 1095 2517 Deum,
1116 2466 1246 2506 etiam
1267 2463 1340 2509 ille
1363 2466 1578 2525 appetitus
1601 2482 1624 2511 a
1641 2482 1748 2512 con-

409 2568 414 2583 ¹
442 2564 522 2593 Luc.
542 2572 587 2601 xi,
607 2560 674 2593 5-8-
