1819 3301
326 313 407 351 182
755 320 788 348 s.
825 321 1055 348 ‚mausum
1088 322 1269 349 13121500121

321 389 410 433 sive
431 385 636 442 sterilem,
659 386 746 430 sive
769 385 1010 430 deformem
1034 400 1229 445 corpore,
1255 386 1342 430 sive
1359 385 1548 430 debilem
1570 400 1709 431 mem-

324 459 412 503 bris
433 494 444 513 ,
470 458 539 502 vel
566 473 719 502 caecam
739 492 750 511 ,
775 457 844 500 vel
872 455 1069 510 surdam,
1097 456 1163 500 vel
1188 455 1416 512 claudam,
1450 456 1518 500 vel
1539 457 1573 501 si
1602 457 1710 517 quid.

323 528 466 584 aliud,
499 529 587 573 sive
611 528 774 572 morbis
806 537 849 570 et
881 525 1105 570 doloribus
1131 527 1503 588 languoribusque
1539 527 1710 572 confec-

323 609 411 644 tam
427 634 438 654 ,
478 609 522 643 et
552 597 765 658 quidquid
801 607 978 657 excepta
1019 597 1306 642 fornicatione
1345 598 1525 657 cogitari
1568 607 1710 658 potest

325 672 605 715 vehementer
627 670 857 724 horribile,
883 685 962 728 pro
983 669 1070 712 fide
1091 679 1133 713 et
1155 670 1358 713 societate
1380 670 1612 724 sustineat,
1632 685 1710 714 ne-

321 756 408 802 que
433 739 572 784 solum
604 739 736 783 talem
764 755 853 783 non
874 739 1072 799 abjiciat,
1100 741 1174 783 sed
1198 739 1324 784 etiam
1351 740 1383 783 si
1411 755 1500 784 non
1522 740 1706 796 habeat,

321 827 409 856 non
428 812 561 855 ducat
582 826 676 854 eam
699 826 798 870 quae
821 809 962 854 soluta
983 819 1045 853 est
1067 826 1089 853 a
1111 810 1206 854 viro
1221 845 1232 865 ,
1259 809 1485 870 pulchram
1499 845 1509 865 ,
1536 826 1681 855 sanam
1695 846 1706 865 ,

320 881 499 925 divitem
518 916 528 934 ,
551 880 818 924 foecundam.
841 883 949 933 Quae
978 880 1012 923 si
1034 878 1175 923 facere
1197 896 1285 924 non
1308 880 1411 924 licet
1429 916 1439 935 ,
1464 880 1605 924 multo
1627 882 1710 924 mi-

321 966 403 995 nus
421 952 503 995 sibi
525 951 655 994 licere
677 950 910 994 arbitretur
927 949 982 993 ad
1001 948 1138 993 ullum
1164 949 1295 993 alium
1317 949 1519 994 illicitum
1542 966 1708 995 concu-

322 1023 463 1065 bitum
487 1022 690 1065 accedere
713 1040 721 1065 :
748 1020 1167 1081 fornicationemque
1185 1021 1243 1064 sic
1262 1020 1415 1079 fugiat,
1443 1030 1489 1065 ut
1512 1022 1567 1065 ab
1590 1023 1710 1066 omni

322 1093 439 1152 turpi
461 1092 740 1150 corruptione
762 1107 851 1135 sese
873 1092 1083 1135 extrahat.
1109 1094 1271 1134 Verum
1305 1091 1532 1152 loquatur,
1567 1108 1710 1153 neque

321 1162 670 1223 idjurationibus
685 1162 860 1216 crebris,
878 1161 954 1205 sed
976 1177 1147 1206 morum
1165 1162 1382 1221 probitate
1401 1164 1678 1207 commendet
1699 1182 1708 1208 ι

324 1233 584 1277 rebellantes
615 1232 842 1276 adversum
875 1248 918 1275 se
951 1233 1149 1276 omnium
1181 1232 1392 1276 malarum
1431 1233 1711 1277 consuetudi-

323 1319 429 1347 num
454 1302 793 1346 innumerabiles
819 1303 987 1357 turbas,
1009 1302 1063 1346 de
1086 1303 1245 1362 quibus
1271 1312 1318 1346 ut
1335 1319 1484 1347 omnes
1501 1302 1711 1362 intellige-

324 1385 497 1428 rentur,
520 1390 672 1433 paucae
699 1382 1048 1417 commemoratae
1066 1382 1166 1416 sunt
1188 1409 1198 1430 ,
1224 1372 1480 1432 confugiens
1497 1373 1552 1417 ad
1569 1389 1712 1418 arcem

323 1447 569 1492 christianae
600 1445 788 1498 militiae,
826 1453 1031 1502 tanquam
1068 1442 1122 1486 de
1150 1443 1246 1487 loco
1278 1444 1499 1502 superiore
1518 1453 1710 1503 proster-

323 1526 413 1561 nat.
444 1515 528 1560 Sed
550 1516 645 1574 quis
662 1523 805 1558 tantos
827 1513 996 1557 labores
1014 1514 1122 1556 inire
1141 1514 1299 1557 audeat
1316 1549 1326 1566 ,
1352 1514 1432 1557 nisi
1455 1515 1531 1573 qui
1553 1515 1610 1558 sic
1631 1514 1712 1558 ssa-

324 1595 419 1647 grat
440 1584 806 1644 amorejustitiae,
829 1593 878 1627 ut
900 1593 1107 1642 tanquam
1127 1582 1240 1626 fame
1263 1593 1306 1626 et
1328 1584 1397 1627 siti
1419 1585 1710 1628 vehementis-

323 1658 429 1701 sime
462 1670 686 1709 accensus,
727 1663 769 1697 et
804 1653 969 1697 nullam
1007 1654 1087 1696 sibi
1123 1654 1254 1696 vitam
1293 1653 1432 1697 donec
1456 1669 1505 1697 ea
1533 1655 1712 1698 satietur

324 1727 594 1779 existimans,
624 1726 714 1768 vim
749 1723 878 1767 faciat
905 1723 948 1766 in
980 1738 1162 1781 regnum
1192 1723 1441 1767 coelorum?
1467 1727 1563 1768 Non
1594 1725 1710 1768 enim

323 1790 446 1842 aliter
469 1811 558 1839 esse
578 1794 738 1854 poterit
760 1793 882 1837 fortis
901 1792 955 1836 ad
975 1791 1198 1836 toleranda
1222 1793 1390 1847 omnia,
1412 1809 1511 1853 quae
1532 1794 1579 1836 in
1599 1809 1710 1853 prae-

322 1866 515 1912 cidendis
549 1863 940 1909 consuetudinibus
968 1863 1181 1907 laboriosa
1216 1874 1259 1907 et
1294 1864 1428 1907 ardua
1458 1874 1501 1908 et
1530 1865 1708 1908 omnino

323 1937 517 1983 difficilia
552 1935 698 1980 saeculi
721 1936 849 1995 liujus
879 1944 1090 1978 amatores
1114 1943 1284 1993 putant.
1317 1954 1335 1975 «
1362 1936 1481 1978 Beati
1501 1950 1602 1992 ergo
1631 1937 1708 1996 qui

325 2027 345 2051 »
381 2009 578 2053 esuriunt
603 2017 646 2052 et
667 2007 820 2050 sitiunt
842 2005 1082 2066 justitiam,
1117 2006 1322 2064 quoniam
1347 2006 1427 2064 ipsi
1448 2006 1709 2051 saturabun-

324 2099 345 2123 »
380 2088 452 2123 tur
470 2081 500 2122 ¹.
528 2096 548 2118 »

379 2152 470 2194 LV.
488 2151 799 2192 Verumtamen
818 2147 863 2190 in
877 2146 941 2190 his
957 2145 1182 2189 laboribus
1195 2161 1295 2189 cum
1311 2146 1494 2206 quisque
1516 2147 1708 2192 difficul-

320 2230 454 2265 tatem
472 2220 652 2279 patitur,
666 2227 709 2262 ct
722 2233 796 2277 per
811 2217 920 2261 dura
934 2226 977 2260 et
988 2232 1134 2276 aspera
1150 2216 1331 2274 gradum
1349 2215 1508 2261 faciens
1521 2218 1706 2262 circum—

319 2291 504 2335 vallatus
533 2289 658 2332 variis
680 2287 1008 2341 tentationibus,
1031 2296 1073 2330 et
1095 2287 1196 2330 hinc
1210 2296 1342 2346 atque
1363 2287 1465 2332 hinc
1482 2288 1706 2347 insurgere

317 2361 547 2421 praeteritae
555 2360 656 2404 vitae
671 2358 803 2403 moles
818 2359 1007 2411 intuens,
1022 2358 1142 2401 timet
1155 2373 1208 2401 ne
1218 2373 1414 2416 aggressa
1423 2358 1603 2417 implere
1613 2374 1703 2403 non

315 2432 480 2491 possit,
517 2430 690 2489 arripiat
717 2429 972 2483 consilium,
997 2437 1046 2471 ut
1067 2427 1272 2472 auxilium
1306 2438 1538 2472 mereatur.
1574 2428 1704 2482 Quod

314 2511 378 2545 est
399 2511 544 2545 autem
566 2499 686 2544 aliud
706 2499 935 2544 consilium
952 2499 1033 2543 nisi
1050 2508 1100 2542 ut
1121 2499 1416 2543 infirmitatem
1432 2499 1614 2543 aliorum
1632 2499 1700 2543 fe-

315 2579 382 2614 rat
403 2580 446 2614 et
476 2571 514 2613 ei
546 2579 761 2630 quantum
799 2578 940 2628 potest
981 2568 1216 2627 opituletur
1234 2604 1244 2620 ,
1272 2569 1347 2628 qui
1381 2585 1470 2613 suae
1492 2569 1700 2614 divinitus

368 2661 375 2677 ¹
393 2653 564 2692 Mattl1.v,
582 2654 614 2684 6.
