1819 3301
338 267 418 301 100
504 314 507 315 ⁷
760 273 792 300 s.
831 275 911 301 Atc
923 275 1058 301 1:511sz
1093 274 1272 300 Erlscorl

336 357 355 379 »
391 353 467 382 cus
489 338 565 382 ubi
596 348 834 398 posuerunt
857 353 957 381 eum
985 357 992 381 ε
1015 336 1089 380 scd
1111 338 1168 380 ite
1186 372 1197 391 ,
1223 337 1353 381 dicite
1376 335 1605 394 Discipulis
1627 339 1664 396 ej
1675 352 1720 380 us

334 427 355 450 »
391 418 434 453 et
457 412 584 453 Petro
599 444 609 463 ,
641 410 743 468 quia
781 408 987 468 praecedit
1009 423 1083 451 vos
1106 408 1150 450 in
1179 407 1398 451 Galilaeam
1428 426 1435 451 :
1456 407 1518 450 ibi
1540 422 1639 450 eum
1661 407 1722 451 vi-

334 496 355 520 »
390 477 546 522 debitis
564 513 575 534 ,
611 479 722 522 sicut
751 478 860 522 dixit
897 477 1021 521 vobis
1039 480 1068 520 ¹.
1100 496 1118 518 »
1151 480 1255 522 Haec
1282 478 1413 521 verba
1436 477 1495 520 ita
1517 476 1722 521 videntur

328 563 504 603 sonare,
540 548 661 608 quod
693 551 816 591 Jesus
838 562 928 591 non
951 555 1041 590 erat
1062 562 1106 591 se
1128 546 1506 591 demonstraturus
1530 555 1628 606 post
1652 562 1721 590 re-

327 619 638 663 surrectionem
666 616 918 677 Discipulis,
951 617 1032 661 nisi
1053 617 1098 661 in
1132 616 1324 661 Galilaea.
1356 621 1491 669 Quam
1516 617 1721 661 demons-

330 690 561 734 trationem
584 706 664 733 nec
686 690 778 749 ipse
799 691 972 734 Marcus
994 688 1352 733 commemoravit
1366 723 1377 743 ,
1403 688 1479 747 qui
1502 703 1601 731 eum
1616 687 1724 732 dixit

328 775 456 804 mane
469 760 606 819 prima
621 759 792 804 sabbati
804 760 1050 819 apparuisse
1065 759 1204 818 primo
1219 759 1366 803 Mariae
1381 757 1666 816 Magdalenae,
1681 767 1725 802 et

332 830 453 875 illam
475 831 695 875 nuntiasse
710 830 953 890 Discipulis,
970 830 1035 873 his
1050 830 1125 889 qui
1147 845 1246 874 cum
1271 845 1321 874 eo
1344 828 1517 874 fuerant
1533 829 1723 887 lugenti-

332 902 415 947 bus
435 912 478 947 et
499 902 706 946 flentibus
723 937 734 958 ,
775 901 871 946 illos
909 910 1056 945 autem
1094 916 1185 945 non
1217 901 1448 945 credidisse
1475 920 1483 945 :
1511 902 1722 960 posthaec

333 974 492 1018 deinde
514 973 687 1019 duobus
721 989 771 1017 ex
805 973 872 1017 his
902 972 1149 1032 apparuisse
1185 973 1390 1016 euntibus
1419 973 1464 1016 in
1485 971 1654 1028 villam,
1680 981 1724 1016 et

333 1044 430 1091 illos
452 1046 617 1090 caeteris
643 1046 891 1103 nuntiasse,
916 1044 1036 1104 quod
1068 1042 1230 1087 factum
1254 1053 1317 1087 est
1335 1079 1345 1099 ,
1371 1044 1479 1087 sicut
1504 1047 1642 1088 Lucas
1680 1053 1724 1087 et

333 1121 522 1163 Joannes
547 1126 885 1163 co-attestantur
901 1151 912 1171 ,
945 1117 989 1159 in
1022 1114 1260 1159 Jerusalem
1281 1117 1296 1139 2
1312 1149 1323 1170 ,
1349 1115 1502 1159 eodem
1525 1115 1617 1174 ipso
1651 1114 1722 1159 die

332 1189 656 1233 resurrectionis
674 1223 684 1243 ,
711 1189 800 1248 jam
829 1186 968 1231 noctis
997 1186 1150 1229 initio:
1177 1184 1336 1228 deinde
1358 1185 1477 1229 venit
1511 1185 1563 1228 ad
1602 1184 1720 1229 illam

330 1260 422 1318 ejus
465 1259 882 1312 manifestationem,
919 1271 1051 1317 quam
1085 1255 1362 1299 novissimam
1392 1254 1521 1310 dicit,
1547 1270 1720 1299 recum-

330 1330 537 1374 bentibus
558 1329 642 1373 illis
665 1329 867 1373 undecim
898 1347 906 1372 :
931 1336 1030 1386 post
1053 1327 1165 1370 hanc
1187 1326 1292 1370 dicit
1319 1342 1420 1370 eum
1453 1336 1722 1386 assumptum

329 1400 376 1444 in
404 1401 593 1458 coelum3
625 1398 744 1459 quod
780 1398 944 1443 factum
979 1398 1137 1442 scimus
1170 1398 1214 1441 in
1248 1407 1397 1441 monte
1420 1397 1605 1453 Oliveti,
1632 1412 1722 1441 non

328 1469 459 1529 longe
479 1471 533 1514 ab
564 1469 801 1514 Jerusalem
828 1488 837 1513 ;
868 1483 1084 1527 nusquam
1106 1468 1239 1526 igitur
1261 1476 1574 1512 commemorat
1602 1471 1721 1512 Mar·

330 1557 405 1586 cus
424 1539 691 1600 completum
707 1575 717 1595 ,
743 1538 864 1600 quod
887 1538 942 1582 ab
965 1537 1134 1596 Angelo
1156 1538 1501 1597 praenuntiatum
1525 1553 1614 1582 esse
1636 1547 1722 1582 tes·

330 1622 462 1656 tatur.
488 1612 721 1656 Matthaeus
747 1625 850 1654 vero
869 1608 977 1653 nihil
1000 1608 1119 1652 aliud
1153 1608 1282 1663 dicit,
1313 1624 1392 1652 nec
1429 1608 1569 1652 ullum
1588 1609 1722 1653 alium

329 1682 478 1727 locum
499 1683 679 1726 omnino
694 1688 1032 1733 commemorat,
1057 1678 1242 1722 velante
1264 1679 1330 1722 vel
1346 1688 1510 1737 postea,
1531 1680 1610 1723 ubi
1627 1679 1717 1724 Dis·

331 1753 465 1812 cipuli
484 1761 768 1812 posteaquam
790 1749 1036 1804 resurrexit,
1066 1748 1256 1792 viderint
1276 1750 1512 1794 Dominum
1529 1785 1540 1806 ,
1566 1750 1648 1794 nisi
1676 1750 1723 1795 in

333 1822 511 1868 Galilaea
541 1823 779 1882 secundum
819 1820 976 1879 Angeli
1010 1819 1354 1880 praedictionem.
1390 1822 1586 1881 Denique
1621 1837 1722 1866 cum

332 1895 591 1939 insinuasset
610 1893 717 1954 quid
738 1893 793 1936 ab
815 1890 982 1949 Angelo
1008 1890 1265 1935 mulieribus
1287 1891 1456 1936 dictum
1474 1892 1555 1947 sit,
1575 1902 1619 1936 et
1638 1892 1722 1937 illis

333 1965 594 2009 abeuntibus
626 1963 875 2023 subjecisset
900 1961 1008 2022 quid
1031 1960 1085 2005 de
1103 1961 1317 2021 corruptis
1339 1961 1394 2005 ad
1417 1962 1721 2006 mentiendum

335 2034 585 2079 custodibus
606 2043 773 2093 gestum
805 2033 884 2089 sit,
914 2032 1122 2076 continuo
1149 2040 1356 2091 tanquam
1386 2031 1495 2089 nihil
1517 2032 1634 2076 aliud
1655 2047 1721 2076 se-

339 2115 571 2166 queretur,
608 2104 745 2164 (quia
774 2113 817 2147 et
848 2118 996 2146 revera
1019 2102 1076 2145 sic
1111 2111 1203 2145 erat
1236 2101 1403 2145 dictum
1431 2101 1486 2145 ab
1512 2101 1681 2160 Angelo
1708 2121 1717 2147 :

341 2195 360 2218 «
398 2175 614 2229 Surrexit,
648 2184 692 2218 et
718 2189 818 2218 ecce
850 2173 1056 2233 praecedit
1086 2189 1162 2217 vos
1185 2174 1230 2216 in
1253 2172 1473 2216 Galilaeam
1493 2209 1504 2228 ,
1529 2174 1590 2216 ibi
1619 2189 1721 2218 eum

341 2264 362 2287 n
397 2246 625 2301 videbitis,
658 2264 678 2286 »
711 2253 760 2288 ut
793 2243 903 2288 nihil
935 2243 1055 2287 aliud
1089 2243 1212 2302 sequi
1241 2243 1440 2287 debuisse
1470 2242 1721 2300 Videatur,)

346 2337 366 2358 «
401 2317 612 2361 Undecim
649 2325 817 2370 autem,
854 2315 1025 2374 inquit,
1057 2313 1266 2373 Discipuli
1299 2314 1499 2358 abierunt
1526 2315 1572 2358 in
1610 2314 1722 2359 Gali-

343 2407 363 2429 »
398 2388 549 2442 laeam,
581 2388 626 2430 in
660 2396 853 2431 montem
884 2386 958 2429 ubi
986 2385 1270 2430 constituerat
1305 2385 1387 2429 illis
1410 2383 1561 2430 Jesus:
1595 2395 1637 2430 et
1658 2386 1723 2430 vi·-

344 2478 364 2499 »
400 2458 549 2502 dentes
571 2473 687 2512 eum,
709 2455 1211 2516 adoraverunt3quidam
1231 2465 1375 2499 autem
1394 2455 1719 2501 dubitaverunt.

347 2548 366 2569 »
402 2534 456 2573 Et
480 2530 686 2573 accedens
710 2528 1018 2572 Jesuslocutus
1041 2536 1104 2571 est
1124 2526 1198 2581 eis,
1224 2527 1394 2571 dicens:
1418 2530 1522 2572 Data
1539 2538 1603 2572 est
1618 2528 1724 2572 mihi

398 2617 515 2646 ’Μαῖα
538 2625 604 2655 xvr,
623 2614 655 2653 6,
677 2625 709 2655 7,
734 2629 775 2635 —-
800 2619 811 2635 ²
826 2615 1008 2653 Lue.xx1v,
1030 2613 1086 2653 23,
1107 2616 1139 2644 et
1158 2615 1250 2644 Joan.
1271 2624 1322 2653 xx,
1346 2624 1395 2654 ¹9-
