1819 3301
334 281 417 322 332
761 294 794 322 s.
830 292 1063 323 Avensa-uu
1094 294 1276 323 muscom

294 419 299 423 ῃ
332 361 432 405 bem
444 369 657 406 terrarum
679 361 870 406 Ecclesia
885 359 1062 405 dilatata
1083 369 1215 421 atque
1229 360 1403 405 diflusa.
1417 361 1592 408 Vitulus
1606 363 1721 408 enim

333 431 404 475 ille
425 432 469 476 in
491 448 671 492 corpore
693 441 735 476 et
757 432 964 490 sanguine
985 432 1211 477 Dominico
1239 441 1282 477 et
1312 432 1497 477 offertur
1520 434 1654 490 Patri,
1680 443 1723 478 et

333 504 470 563 pascit
491 512 625 547 totam
645 504 840 547 domum.

393 577 467 618 VI.
493 577 603 619 Cum
627 575 789 618 interea
805 575 943 635 major
957 574 1071 619 filius
1086 611 1096 630 ,
1117 575 1305 635 populus
1327 574 1459 620 lsrael
1481 574 1723 620 secundum

334 661 529 701 carnem,
553 661 641 689 non
664 645 841 706 quidem
863 645 1085 706 profectus
1107 647 1151 690 in
1174 647 1461 707 longinquam
1484 648 1721 707 regionem,

335 716 409 761 sed
433 726 577 760 tamen
597 717 641 761 in
658 717 790 762 domo
814 733 902 761 non
924 727 1000 762 est.
1031 721 1082 761 In
1105 734 1208 777 agro
1231 728 1376 762 autem
1399 727 1488 774 est,
1509 718 1553 763 id
1578 728 1662 774 est,
1681 719 1725 761 in

294 794 300 803 “
332 789 423 848 ipsa
442 788 713 834 haereditaria
735 789 973 849 opulentia.
1002 789 1124 848 Legis
1146 798 1188 833 et
1212 791 1531 849 Prophetarum
1555 799 1726 834 terrena

335 860 480 920 potius
497 870 723 920 operatur,
745 870 788 905 et
808 861 854 904 in
878 861 1229 922 quibuscumque
1259 860 1502 905 Israeliticis
1525 859 1726 905 conside-

335 931 590 986 rationibus.
612 935 721 978 Nam
743 932 872 977 multi
910 932 1016 976 tales
1038 932 1203 976 inventi
1222 941 1324 977 sunt
1345 932 1391 976 in
1419 930 1478 976 eis
1498 967 1509 986 ,
1535 940 1579 976 et
1612 946 1726 991 saepe

334 1003 632 1048 inveniuntur.
658 1005 846 1048 Veniens
861 1003 916 1048 de
937 1019 1040 1061 agro
1063 1002 1214 1048 domui
1233 1003 1529 1064 propinquare
1556 1002 1691 1062 coepit
1713 1037 1724 1058 ‚

335 1073 379 1118 id
402 1083 486 1126 est,
513 1074 663 1119 labore
684 1074 847 1119 servilis
869 1076 1010 1135 operis
1032 1075 1282 1134 improbato
1298 1110 1308 1130 ,
1335 1090 1384 1118 ex
1410 1075 1560 1118 iisdem
1582 1074 1727 1133 Scrip-

335 1145 443 1189 turis
461 1145 664 1190 Ecclesiae
682 1146 926 1190 libertatem
950 1145 1254 1191 consideravit.
1267 1145 1403 1190 Audit
1422 1145 1729 1204 symphoniam

336 1225 380 1260 et
396 1217 579 1261 chorum
600 1252 610 1272 ,
637 1217 799 1262 scilicet
821 1218 976 1277 spiritu
996 1217 1147 1277 plenos
1165 1218 1346 1262 vocibus
1364 1216 1564 1262 consonis
1583 1219 1730 1260 Evan-

338 1287 500 1346 gelium
538 1289 774 1348 praedicare
801 1309 808 1333 :
836 1289 996 1349 quihus
1022 1289 1189 1333 dictum
1223 1298 1286 1333 est
1313 1308 1321 1334 :
1355 1308 1373 1330 α
1400 1289 1592 1332 Obsecro
1622 1302 1698 1331 vos
1715 1321 1726 1342 ,

335 1359 511 1413 fratres,
539 1375 615 1418 per
638 1376 798 1404 nomen
828 1361 1001 1404 Domini
1034 1361 1170 1404 nostri
1194 1363 1298 1404 Jesu
1321 1360 1507 1414 Christi,
1534 1368 1584 1402 ut
1615 1358 1731 1418 idip-

338 1447 358 1471 »
394 1446 489 1474 sum
507 1431 657 1475 dicatis
680 1447 829 1476 omnes
847 1434 875 1475 ¹.
905 1450 924 1472 >›
955 1431 1088 1475 Audit
1111 1447 1287 1492 quoque
1319 1431 1596 1476 concorditer
1625 1445 1732 1474 con-

335 1503 601 1563 versantium·
638 1503 825 1547 animam
856 1513 899 1547 et
925 1519 999 1548 cor
1030 1520 1169 1547 unum
1192 1504 1237 1547 in
1273 1503 1424 1548 laudes
1463 1503 1554 1547 Dei.
1590 1504 1726 1546 Vocat

335 1590 471 1617 unum
496 1575 551 1618 de
581 1576 710 1619 servis
731 1611 740 1629 ,
768 1585 810 1619 et
843 1576 1081 1634 interrogat
1105 1591 1204 1635 quae
1226 1574 1299 1619 illa
1328 1575 1414 1619 sint
1440 1595 1448 1619 :
1474 1574 1605 1618 sumit
1643 1574 1731 1617 uti-

335 1662 421 1706 quc
440 1646 493 1690 ad
510 1646 743 1705 legencium
763 1647 952 1707 aliquem
973 1648 1309 1706 Prophetarum,
1335 1657 1379 1690 et
1401 1647 1447 1690 in
1461 1662 1513 1690 eo
1528 1661 1730 1705 quaerens

335 1718 524 1776 quodam
539 1717 670 1762 modo
692 1719 948 1775 interrogat,
968 1719 1084 1761 unde
1107 1719 1186 1762 ista
1209 1717 1319 1761 festa
1339 1718 1385 1761 in
1404 1716 1593 1761 Ecclesia
1613 1715 1731 1760 cele-

335 1789 540 1844 brantur,
573 1790 618 1833 in
640 1806 726 1850 qua
756 1806 799 1834 se
822 1806 908 1833 esse
940 1806 1029 1834 non
1062 1789 1198 1833 videt.
1231 1788 1486 1849 Respondet
1516 1789 1555 1832 ei
1585 1803 1731 1832 servus

335 1861 467 1920 patris
492 1862 706 1920 Propheta
734 1881 741 1905 :
772 1881 791 1902 «
815 1865 965 1905 Frater
982 1870 1081 1905 tuus
1096 1861 1232 1914 venit,
1251 1870 1294 1904 et
1311 1860 1472 1904 occidit
1487 1869 1609 1918 pater
1631 1868 1732 1902 tuus

340 1950 359 1972 »
395 1931 582 1975 vitulum
614 1933 880 1991 saginatum,
914 1933 1015 1991 quia
1038 1932 1204 1976 salvum
1238 1924 1362 1975 illum
1398 1932 1603 1990 recepit2.
1633 1948 1654 1972 »
1681 1933 1732 1975 In

336 2004 537 2047 extremis
555 2004 669 2046 enim
690 2013 814 2047 terrae
833 2003 915 2047 fuit
936 2004 1070 2047 frater
1089 2013 1188 2047 tuus
1207 2023 1214 2048 :
1235 2003 1309 2047 sed
1328 2002 1431 2046 inde
1455 2003 1591 2061 major
1608 2001 1732 2045 exul-

335 2075 442 2118 tatio
465 2075 733 2118 cantantium
754 2075 936 2118 Domino
959 2075 1177 2118 canticum
1196 2089 1376 2128 novum,
1404 2073 1506 2133 quia
1525 2072 1618 2116 laus
1636 2073 1727 2131 ejus

337 2147 391 2190 ab
423 2147 621 2190 extremis
649 2149 800 2190 terree⁷⁵
835 2167 842 2190 :
876 2155 918 2190 et
943 2155 1119 2205 propter
1155 2161 1253 2189 eum
1295 2144 1371 2204 qui
1412 2144 1565 2188 absens
1606 2152 1699 2188 crat
1717 2179 1728 2200 ,

336 2218 499 2262 occisus
517 2228 580 2262 est
597 2218 662 2261 vir
678 2219 721 2261 in
745 2217 867 2277 plaga
892 2218 1083 2277 positus,
1107 2227 1150 2261 ct
1167 2217 1303 2261 sciens
1327 2215 1730 2260 fcrreimbecillita-

341 2290 450 2333 tcm⁴
474 2310 481 2334 ;
498 2290 599 2350 quia
613 2290 774 2350 quibus
797 2305 885 2333 non
899 2298 961 2333 est
984 2297 1203 2331 narratum
1222 2286 1275 2331 de
1290 2303 1340 2332 eo
1355 2287 1575 2343 viderunt,
1597 2296 1640 2331 et
1653 2287 1728 2347 qui

338 2375 428 2405 non
448 2362 697 2414 audierunt,
718 2360 1077 2412 intellexerunt-⁵.

395 2436 495 2476 Vll.
530 2433 613 2477 Sed
640 2432 893 2490 indignatur
921 2432 1050 2475 etiam
1083 2446 1227 2484 nunc,
1260 2439 1302 2474 et
1329 2429 1473 2473 adhuc
1505 2444 1594 2473 non
1631 2426 1726 2473 vult

339 2504 530 2548 introire.
565 2506 677 2549 Cum
708 2518 808 2561 crgo
843 2503 1070 2562 plenitudo
1101 2502 1295 2560 gentium
1329 2501 1574 2554 intraverit,
1600 2514 1726 2557 egre-

388 2605 395 2620 ¹
436 2611 445 2629 1
469 2602 539 2631 Cor.
557 2613 589 2641 1,
616 2611 724 2633 10.—-
745 2606 756 2621 ²
777 2601 853 2631 Luc.
882 2610 1001 2641 xv‚17.
1028 2615 1066 2620 -
1093 2595 1195 2629 31511'i.
1215 2608 1288 2637 κω,
1308 2607 1358 2629 10.
1389 2595 1458 2625 -4
1482 2594 1730 2635 Ιι1.ι,ιιι,3.-

344 2654 355 2675 ³7
377 2656 421 2687 Μ’.
433 2667 505 2698 διιι,
530 2657 580 2687 15.
