1819 3301
335 233 379 259 ιΝ
412 230 586 259 JoAmus
618 230 899 259 EvANGELmM
921 247 932 267 ,
966 228 1111 256 TnAc'r.
1148 231 1213 255 111.
1391 217 1473 256 413

100 298 303 358 operibus
330 306 403 341 :et
424 313 448 341 a
479 296 599 356 ligno
630 295 764 341 nolite
793 296 1015 351 recedere,
1052 309 1126 354 per
1159 292 1279 353 quod
1309 294 1476 353 possitis

101 384 218 412 mare
235 368 430 412 transire.

102 517 1438 539 mmmmmmmmwummmmmmfimwmmm
1443 518 1478 533 W

534 636 938 683 TRACTATUS
972 638 1048 683 III.

102 786 171 831 Ab
194 801 244 829 eo
266 784 387 845 quod
416 785 624 844 scriptum
657 793 722 829 est
748 803 755 828 :
794 783 1012 829 Joannes
1042 785 1358 829 testimonium
1376 801 1482 844 per-

162 854 291 899 hibet
312 854 370 898 de
391 856 492 914 ipso
512 890 522 909 ,
548 865 631 899 etc.
657 871 796 915 usque
819 854 872 899 ad
895 854 964 905 id,
992 855 1274 916 Unigenitus
1295 855 1347 900 F
1347 854 1453 900 ilius
1467 890 1481 911 ,

163 927 245 984 qai
260 934 330 969 est
351 926 399 968 in
416 925 522 969 sina
537 925 722 981 Petris,
742 926 842 984 ipse
865 926 1122 970 enarravit.

164 1062 197 1102 Ι.
220 1060 421 1103 GnAnAM
445 1068 488 1102 et
504 1059 728 1103 veritatem
759 1059 834 1101 Dei
856 1093 866 1114 ,
892 1074 975 1118 qua
994 1059 1147 1118 plenus
1175 1060 1331 1103 sanctis
1359 1076 1488 1119 appa-

105 1129 192 1172 ruit
224 1129 471 1186 unigenitus
493 1128 626 1172 Filius
661 1129 872 1172 Dominus
903 1138 946 1172 et
968 1129 1161 1173 Salvator
1191 1140 1338 1173 noster
1366 1133 1487 1175 Jesus

105 1198 322 1253 Christus,
359 1198 717 1256 distinguendam
739 1213 763 1241 a
781 1198 922 1241 Veteri
946 1201 1244 1252 Testamento‚
1282 1200 1488 1258 quoniam

106 1283 170 1311 res
193 1277 256 1311 est
274 1267 386 1311 Novi
412 1267 697 1321 Testamenti,
722 1268 984 1323 suscepimus
1007 1268 1049 1310 in
1080 1268 1254 1311 nomine
1285 1269 1486 1323 Domini,

107 1346 150 1380 ct
167 1340 332 1381 Vestrae
350 1337 560 1382 Charitati
582 1337 872 1396 promisimus.
895 1336 1099 1381 Adestote
1121 1353 1223 1396 ergo
1245 1338 1415 1393 intenti,
1439 1347 1490 1382 ut

106 1417 147 1451 et
165 1416 379 1467 quantum
401 1408 524 1466 capio
544 1441 555 1461 ,
581 1407 716 1450 donet
738 1410 873 1460 Deus,
906 1415 949 1450 et
970 1416 1183 1466 quantum
1207 1408 1354 1467 capitis
1375 1443 1384 1462 ‚
1417 1424 1490 1452 au-

106 1478 246 1522 diatis.
275 1478 508 1538 Reliquum
530 1478 643 1521 enim
663 1477 744 1520 erit
759 1511 770 1531 ,
791 1486 840 1520 ut
857 1477 889 1519 si
907 1493 1052 1520 semen
1074 1477 1194 1537 quod
1217 1479 1489 1537 spargiturin

107 1547 311 1593 cordibus
331 1547 498 1603 vestris,
524 1563 613 1591 non
643 1546 901 1590 abstulerint
919 1562 1016 1591 aves
1034 1582 1044 1602 ,
1066 1563 1145 1591 nec
1177 1548 1310 1606 spinae
1332 1548 1491 1607 praefo-

107 1619 324 1673 caverint,
354 1633 434 1661 nec
457 1627 586 1661 aestus
607 1616 843 1671 exusserit,
864 1617 1096 1660 accedente
1119 1617 1265 1676 pluvia
1287 1619 1490 1661 cohorta-

108 1689 277 1733 tionum
305 1687 681 1747 quotidianarum,
720 1696 763 1731 et
794 1684 1126 1744 cogitationibus
1161 1689 1311 1732 vestris
1337 1688 1487 1743 bonis,

109 1759 267 1819 quibus
287 1759 370 1802 hoc
393 1759 536 1817 agitur
558 1758 601 1801 in
635 1756 765 1801 corde
785 1791 796 1811 ,
821 1757 941 1816 quod
968 1757 1110 1815 agitur
1130 1758 1175 1801 in
1194 1773 1294 1815 agro
1323 1760 1488 1813 rastris,

108 1837 158 1872 ut
181 1828 306 1887 gleba
330 1826 553 1886 frangatur
569 1862 579 1882 ,
600 1836 643 1870 et
660 1841 805 1870 semen
823 1827 1059 1886 operiatur,
1078 1836 1121 1870 et
1139 1828 1377 1884 germinare
1394 1843 1493 1887 pos-

108 1899 195 1943 sit:
227 1908 278 1942 ut
307 1899 494 1943 afferatis
528 1898 743 1953 fructum,
783 1897 838 1941 ad
870 1913 1002 1957 quem
1037 1897 1223 1956 gaudeat
1249 1907 1292 1942 et
1320 1898 1494 1944 laetetur

111 1968 295 2028 agricola
312 1973 341 2013 1.
366 1969 407 2014 Si
430 1978 574 2013 autem
596 1984 676 2027 pro
693 1967 856 2010 semine
880 1968 998 2011 bono
1020 1976 1063 2011 et
1084 1983 1163 2026 pro
1183 1967 1328 2027 pluvia
1350 1970 1463 2014 bona
1480 2003 1492 2026 ,

112 2054 201 2083 non
220 2037 411 2083 fructum
431 2073 441 2093 ,
469 2039 544 2082 sed
564 2038 706 2097 spinas
724 2037 993 2081 attulerimus
1009 2072 1019 2090 ,
1045 2053 1125 2081 nec
1148 2053 1294 2081 semen
1318 2054 1495 2083 accusa-

115 2109 257 2164 bitur,
282 2124 362 2152 nec
385 2108 532 2168 pluvia
551 2108 633 2151 erit
653 2107 698 2150 in
716 2107 896 2151 crimine
911 2141 923 2163 ,
948 2105 1023 2150 sed
1042 2107 1174 2166 spinis
1197 2109 1304 2166 ignis
1322 2109 1496 2154 debitus

116 2187 398 2238 praeparatur.

176 2250 234 2291 11.
262 2247 468 2292 Homines
502 2261 649 2291 sumus
666 2281 677 2301 ,
703 2245 823 2306 quod
845 2255 953 2305 puto
975 2262 1063 2291 non
1089 2246 1166 2290 diu
1198 2263 1287 2292 esse
1308 2249 1497 2294 suaden-

118 2318 225 2362 dum
260 2318 470 2363 Charitati
492 2320 655 2361 Vestrae
671 2352 682 2371 ,
705 2317 934 2362 Christiani
963 2336 973 2363 ι
997 2326 1039 2360 et
1062 2318 1095 2361 si
1117 2318 1371 2375 Christiani,
1409 2322 1497 2365 uti-

118 2403 204 2447 que
222 2388 316 2446 ipso
338 2387 514 2431 nomine
536 2387 592 2430 ad
613 2387 834 2431 Christum
864 2387 1142 2446 pertinentes.
1169 2390 1307 2449 Hujus
1327 2390 1499 2449 signum

118 2458 165 2502 in
196 2458 340 2503 fronte
374 2467 589 2517 gestamus
616 2457 699 2503 :de
731 2473 819 2519 quo
855 2473 945 2503 non
973 2459 1294 2517 erubescimUS,
1319 2463 1351 2506 si
1386 2471 1429 2507 et
1455 2463 1501 2507 in

168 2562 176 2579 ¹
200 2555 313 2588 Matth.
330 2565 397 2597 xm,
418 2555 509 2587 3-23.
