1819 3301
355 272 436 309 260
550 297 559 307 .
791 282 821 308 s.
860 281 1087 310 AUGUSTINI
1124 283 1303 309 Emscom

349 348 571 408 praestruit
601 346 786 392 dicendo
813 367 822 392 :
857 366 877 389 «
908 350 1022 391 Cum
1047 346 1161 390 enim
1189 346 1302 390 liber
1327 347 1406 389 sim
1427 360 1480 389 ex
1502 346 1706 391 omnibus
1723 381 1735 403 ‚

351 438 372 462 >>
409 434 478 462 me
504 418 701 463 omnium
735 432 908 462 servum
931 416 1040 471 feci,
1076 426 1125 461 ut
1155 416 1301 476 plures
1337 415 1687 462 lucrifacerem¹.
1715 434 1736 458 »

350 491 478 544 Quod
509 499 559 533 ut
579 487 795 547 inteiligas
825 504 914 532 non
947 487 1243 544 simulatione,
1275 488 1349 533 sed
1372 488 1582 533 charitate
1615 488 1736 544 fieri,

348 577 435 621 qua
457 560 636 603 infirmis
665 559 916 603 hominibus
935 567 1142 620 tanquam
1165 575 1243 604 nos
1265 560 1397 603 simus
1417 559 1708 618 compatimur
1724 593 1735 614 ‚

347 632 407 676 ita
438 639 586 675 monet
620 630 704 674 alio
725 629 823 674 loco
843 665 853 685 ,
889 628 1036 673 dicens
1065 650 1073 674 :
1115 649 1134 672 «
1161 632 1247 674 'Vos
1265 630 1309 674 in
1331 629 1578 674 libertatem
1597 629 1740 674 vocati

350 722 369 745 »
406 703 503 746 estis
520 737 533 756 ,
554 700 733 756 fratres,
758 710 931 745 tantum
954 717 1009 745 ne
1028 700 1274 746 libertatem
1297 702 1342 745 in
1359 701 1628 746 occasionem
1651 715 1740 745 car·

348 792 368 815 »
405 773 470 817 nis
493 771 625 827 detis,
652 770 726 815 sed
750 787 825 831 per
854 772 1107 816 charitatem
1128 772 1284 817 servite
1306 772 1538 817 invicem2.
1563 791 1583 813 »
1610 769 1737 825 Quod

345 844 438 888 lieri
461 859 549 888 non
580 852 742 904 potest,
769 843 850 887 nisi
868 842 1042 888 alterius
1059 844 1356 887 infirmitatem
1374 844 1558 904 quisque
1574 842 1734 887 habeat

345 916 467 977 quasi
485 931 606 960 suam
620 951 630 971 ‚
651 925 701 959 ut
723 931 818 959 eam
839 916 1142 976 aequanimiter
1160 914 1290 971 ferat,
1316 914 1456 960 donec
1478 915 1533 959 ab
1555 930 1603 959 ea
1625 913 1732 959 libe-

344 997 463 1031 retur
486 986 558 1030 ille
575 1022 585 1041 ,
611 987 736 1046 cujus
753 995 877 1030 curat
899 986 1100 1031 salutem.

403 1060 559 1102 LXVI.
579 1060 694 1101 Raro
708 1072 811 1116 ergo
829 1067 872 1101 et
890 1057 935 1100 in
958 1073 1115 1116 magna
1138 1057 1392 1101 necessitate
1413 1055 1738 1117 objurgationes

345 1129 608 1173 adhibendae
629 1138 730 1172 sunt
748 1164 758 1184 ‚
792 1129 851 1172 ita
880 1137 1028 1172 tamen
1050 1138 1100 1173 ut
1117 1128 1247 1172 etiam
1270 1129 1316 1171 in
1337 1127 1402 1171 his
1424 1127 1526 1187 ipsis
1547 1142 1637 1171 non
1654 1122 1760 1171 iio-'¹

344 1200 409 1243 bis
426 1235 436 1255 ,
462 1199 537 1244 scd
556 1203 643 1244 Deo
666 1209 715 1243 ut
732 1199 943 1243 serviatur
962 1199 1187 1243 instemus.
1214 1201 1309 1257 Ipse
1324 1207 1388 1242 est
1408 1198 1525 1241 enim
1543 1197 1640 1241 finis
1662 1217 1671 1242 ε
1689 1205 1739 1241 ut

343 1271 450 1315 nihil
472 1271 636 1330 duplici
660 1270 790 1315 corde
808 1270 1017 1315 faciamus
1036 1306 1046 1325 ‚
1073 1269 1318 1314 auferentes
1343 1270 1510 1314 trabem
1533 1268 1587 1313 de
1609 1268 1738 1313 oculo

344 1352 491 1387 nostro
509 1379 519 1398 a
553 1343 805 1387 invidentiae
824 1379 834 1398 ,
856 1342 926 1387 vel
949 1343 1123 1386 malitiae
1138 1378 1148 1397 ‚
1173 1341 1242 1386 vel
1266 1341 1552 1385 simulationis
1571 1376 1581 1395 ,
1607 1350 1658 1384 ut
1673 1340 1739 1385 vi-

343 1412 522 1457 deamus
545 1413 696 1473 ejicere
712 1412 921 1457 festucam
942 1413 995 1456 de
1013 1413 1141 1457 oculo
1159 1412 1320 1456 fratris.
1342 1411 1598 1456 Videbimus
1621 1411 1738 1455 enim

343 1500 439 1529 eam
462 1483 597 1529 oculis
620 1484 838 1528 columbae
857 1520 866 1539 ‚
896 1485 1044 1544 quales
1074 1485 1118 1527 in
1138 1500 1293 1543 sponsa
1316 1484 1476 1528 Christi
1499 1482 1739 1542 praedican-

343 1558 458 1610 tui-³,
479 1571 611 1616 quam
630 1555 710 1599 sibi
726 1555 856 1614 elegit
879 1558 994 1599 Deus
1017 1555 1242 1613 gloriosam
1268 1554 1505 1599 Ecclesiam
1520 1589 1531 1609 ‚
1552 1569 1642 1598 non
1660 1553 1739 1597 ha-

342 1626 520 1670 bentem.
556 1625 773 1671 maculam
815 1641 959 1686 neque
1003 1640 1155 1684 rugam
1173 1627 1211 1682 4,
1248 1624 1294 1668 id
1326 1635 1388 1670 est
1407 1660 1418 1681 ‚
1457 1623 1666 1669 mundam
1696 1631 1740 1668 et

345 1695 587 1757 simplicem
607 1699 637 1741 ⁵.

344 1879 382 1896 GN
387 1879 453 1895 ΊΛΜ
458 1879 596 1896 §vuum
601 1878 738 1895 *nazarus
742 1878 810 1895 ΝΛΜ
814 1878 1024 1895 =wv=mwvw=
1028 1878 1096 1896 ΜΛΝ
1100 1879 1238 1895 ὣὶῶνῖνὶῆ
1242 1878 1310 1895 Nm
1314 1879 1403 1896 vvtstwx
1407 1878 1453 1895 W!
1458 1877 1740 1895 wumswwwm

857 2024 1073 2074 {VJAPUT
1114 2027 1224 2073 XX.

410 2195 588 2237 LXVII.
620 2194 703 2237 SED
732 2192 937 2252 quoniam
970 2201 1113 2252 potest
1149 2191 1385 2237 nonnullos
1407 2192 1482 2235 Dei
1514 2193 1740 2252 praeceptis

352 2263 652 2322 obtemperare
686 2263 910 2322 cupientes
939 2278 1099 2307 nomen
1131 2262 1414 2321 simplicitatis
1442 2261 1662 2320 decipere,
1690 2270 1741 2306 ut

350 2334 407 2377 sic
430 2343 583 2392 putent
605 2334 806 2377 vitiosum
831 2348 920 2376 csse
943 2332 1178 2393 aliquando
1201 2348 1349 2376 verum
1373 2332 1606 2387 occultare,
1630 2348 1740 2392 quo-

350 2406 481 2447 modo
510 2404 710 2447 vitiosum
743 2413 803 2446 cst
839 2402 1075 2463 aliquando
1108 2402 1266 2446 falsum
1302 2403 1470 2458 dicere,
1497 2412 1628 2463 atque
1654 2404 1738 2448 hoc

350 2473 480 2518 modo
513 2474 746 2533 aperiendo
769 2490 817 2517 ea
840 2489 938 2533 quae
966 2473 1011 2517 hi
1044 2474 1203 2533 quibus
1236 2474 1493 2532 aperiuntur
1528 2473 1739 2518 sustinere

401 2577 408 2592 ¹
437 2581 446 2601 1
472 2574 532 2602 Cor
563 2583 609 2611 ικ,
635 2579 748 2612 19-22.
766 2587 806 2592 —
823 2577 835 2592 ²
852 2570 945 2602 Galat
962 2581 995 2611 v,
1019 2570 1067 2602 13.
1090 2568 1156 2594 ...3
1176 2573 1266 2604 Cant.
1287 2582 1332 2613 iv,
1352 2583 1378 2603 1.
1401 2569 1606 2614 -413phcs
1631 2581 1662 2612 v,
1680 2579 1734 2613 27.

351 2643 392 2648 —
413 2624 426 2649 5
450 2627 528 2659 Vide
546 2629 691 2660 Retract.
712 2626 768 2659 lib.
789 2637 812 2668 1,
833 2637 905 2669 cap.
927 2637 978 2668 19,
999 2638 1028 2658 n.
1045 2638 1077 2668 9.
