1819 3301
323 243 409 283 224
747 255 779 284 s.
816 255 900 285 Auo
910 259 1046 286 usum
1081 258 1261 286 nmscom

325 443 823 461 ΜΜΛΛΜΛΛΑΑΛΛΜΜΝΊᾹΛΛΛ
830 443 1674 461 ἏἊΝᾺΙΛΛΙἋΜῚἉΝΨΣΑΑΛΜΛΝΜἎΝΊΝἋᾹΜΜΜῚ
1681 447 1709 461 V!

815 601 1033 652 CAPUT
1081 604 1191 651 Vll.

385 759 524 802 XXV.
551 759 733 811 QuAnTA
754 758 907 818 petitio
931 768 994 803 est
1019 778 1027 803 z
1054 777 1073 800 «
1099 761 1262 803 Panem
1284 767 1481 804 nostrum
1499 758 1714 820 quotidia-

325 847 346 871 >›
384 845 492 873 num
515 828 570 874 da
601 829 724 874 nobis
746 830 892 874 hodie.
922 848 942 871 »
964 831 1090 874 Panis
1119 830 1429 890 quotidianus,
1463 840 1537 875 aut
1558 846 1637 890 pro
1664 831 1715 874 iis

327 901 529 946 omnibus
548 900 689 946 dictus
712 911 775 946 est
796 937 806 957 ‚
833 918 932 962 quae
950 903 1079 962 hujus
1098 902 1200 947 vitae
1221 903 1517 947 necessitatem
1542 911 1714 946 susten-

326 982 446 1029 tant,
472 973 526 1017 de
549 989 637 1034 quo
667 989 767 1018 cum
800 974 1082 1034 praeciperet,
1116 974 1196 1030 ait,
1239 993 1258 1015 «
1282 973 1427 1019 Nolite
1450 975 1639 1033 cogitare
1661 973 1716 1018 de

324 1062 345 1085 υ
381 1044 596 1089 crastino²
618 1080 628 1101 ‚
657 1064 676 1087 »
701 1055 751 1090 ut
767 1043 866 1089 ideo
888 1045 942 1089 sit
964 1045 1188 1101 additum,
1216 1064 1236 1087 «
1258 1048 1319 1089 Da
1342 1045 1467 1089 nobis
1497 1045 1627 1089 hodie
1654 1064 1663 1090 ε
1691 1063 1711 1086 »

323 1124 398 1160 aut
419 1131 498 1176 pro
521 1126 791 1162 sacramento
814 1117 1004 1176 corporis
1025 1117 1185 1162 Christi
1203 1152 1213 1172 ‚
1234 1117 1355 1177 quod
1377 1115 1575 1177 quotidie
1603 1118 1716 1160 acci-

322 1186 466 1246 pimus
492 1206 501 1233 :
527 1197 603 1232 aut
624 1204 703 1248 pro
726 1187 907 1248 spiritali
932 1187 1029 1232 cibo
1050 1223 1060 1243 ,
1087 1187 1141 1231 de
1159 1203 1247 1248 quo
1265 1186 1379 1231 idem
1413 1187 1623 1232 Dominus
1645 1185 1716 1230 di-

322 1257 406 1302 cit:
428 1277 448 1300 «
464 1258 715 1318 Operamini
731 1273 873 1303 escam
895 1274 995 1318 quae
1012 1273 1101 1302 non
1119 1258 1465 1317 corrumpitur2:
1490 1275 1509 1298 »
1526 1266 1568 1301 et
1585 1255 1712 1313 illud,

327 1347 347 1371 (ι
373 1331 468 1388 Ego
483 1345 579 1374 sum
591 1330 712 1390 panis
728 1330 845 1385 vitae,
862 1330 938 1390 qui
953 1329 1007 1373 de
1023 1329 1136 1374 coelo
1154 1328 1398 1373 descendi&
1419 1346 1440 1370 »
1458 1327 1543 1373 Sed
1560 1328 1716 1372 horum

323 1399 456 1443 trium
481 1399 590 1461 quid
615 1401 669 1445 sit
694 1400 978 1460 probabilius,
1007 1399 1269 1444 considerari
1295 1407 1452 1458 potest.
1471 1401 1581 1443 Nam
1605 1396 1718 1442 forte

323 1470 540 1531 quispiam
557 1480 800 1526 moveatur,
832 1487 910 1515 cur
936 1486 1108 1515 oremus
1123 1486 1201 1530 pro
1217 1470 1282 1513 his
1304 1469 1593 1529 adipiscendis
1615 1484 1717 1529 quae

321 1541 425 1586 huic
442 1542 542 1586 vitae
559 1552 660 1587 sunt
680 1542 933 1598 necessaria,
948 1541 1085 1587 veluti
1102 1550 1164 1585 est
1176 1541 1315 1585 victus
1331 1550 1374 1585 et
1391 1548 1713 1599 tegumentum,

323 1627 424 1657 cum
444 1614 534 1673 ipse
552 1613 763 1658 Dominus
787 1613 904 1657 dicat
930 1631 938 1657 ;
967 1631 987 1654 ι(
1010 1612 1153 1658 Nolite
1178 1610 1349 1656 solliciti
1373 1627 1462 1655 esse
1480 1610 1587 1671 quid
1611 1610 1717 1654 eda-

327 1701 348 1724 »
379 1683 448 1739 tis,
469 1683 539 1728 vel
561 1683 670 1744 quid
692 1683 979 1727 induamini&
1006 1701 1025 1724 »
1043 1686 1111 1727 An
1133 1691 1275 1742 potest
1294 1682 1478 1742 quisque
1498 1681 1553 1725 de
1575 1696 1625 1725 ea
1647 1696 1714 1736 re,

323 1770 404 1814 pro
426 1772 513 1815 qua
532 1754 812 1815 adipiscenda
834 1763 929 1799 orat
950 1789 960 1809 ,
986 1770 1076 1798 non
1098 1769 1187 1798 esse
1209 1752 1418 1798 sollicitus
1437 1774 1447 1809 3
1473 1768 1572 1797 cum
1596 1761 1717 1796 tanta

323 1825 566 1870 intentione
597 1826 729 1870 animi
764 1826 901 1870 oratio
921 1824 1145 1884 dirigenda
1179 1825 1232 1868 sit
1249 1826 1262 1850 ⁵
1279 1859 1289 1879 ‚
1311 1834 1361 1868 ut
1389 1823 1444 1868 ad
1470 1824 1553 1868 hoc
1576 1832 1717 1868 totum

324 1895 434 1940 illud
467 1897 680 1942 referatur
698 1896 818 1957 quod
841 1897 895 1940 de
918 1895 1170 1941 claudendis
1193 1895 1404 1939 cubiculis
1437 1894 1602 1939 dictum
1626 1895 1717 1938 est?

324 1966 507 2011 Etillud
526 1967 646 2028 quod
660 1967 719 2011 ait
738 1987 746 2012 :
770 1987 788 2008 «
810 1967 1000 2020 Quaerite
1018 1966 1209 2025 primum
1230 1981 1412 2023 regnum
1436 1965 1511 2009 Dei
1535 1963 1717 2024 etjusti-

327 2055 348 2078 ³>
376 2037 480 2082 tiam
493 2039 599 2098 ejus,
616 2047 658 2082 et
674 2038 768 2082 haee
787 2038 931 2082 omnia
951 2046 1228 2096 apponentur
1241 2036 1416 2081 vobisss?
1432 2036 1622 2080 »Nonait
1636 2034 1716 2078 uti-

325 2125 428 2169 que,
453 2112 675 2163 «Quaerite
688 2109 879 2170 primum
894 2124 1076 2167 regnum
1091 2109 1169 2153 Dei
1183 2117 1225 2152 et
1239 2106 1397 2152 deinde
1411 2109 1489 2151 ista
1503 2106 1685 2167 quaerite
1703 2124 1712 2150 ε

325 2180 400 2225 sed
426 2199 434 2225 :
465 2199 481 2220 «
510 2183 614 2224 Haec
635 2181 802 2235 omnia,
827 2179 970 2239 inquit
991 2214 1001 2233 ,
1028 2187 1303 2238 apponentur
1330 2178 1452 2222 vobis
1469 2212 1479 2232 ,
1500 2195 1519 2217 n
1553 2175 1716 2220 scilicet

325 2252 454 2295 etiam
485 2268 572 2296 non
609 2251 922 2312 quserentihus.
962 2251 1193 2304 Quomodo
1223 2259 1367 2293 autem
1397 2259 1513 2293 recte
1545 2247 1715 2292 dicatur

325 2337 415 2367 non
436 2338 630 2383 quaerere
650 2322 803 2382 aliquis
822 2322 941 2381 quod
963 2331 1012 2365 ut
1034 2321 1213 2380 accipiat
1232 2356 1242 2375 ‚
1266 2320 1550 2364 intentissime
1573 2322 1713 2363 Deum

325 2393 598 2454 deprecatur,
625 2394 769 2438 nescio
792 2401 939 2436 utrum
964 2392 1149 2435 inveniri
1171 2400 1316 2451 queat.

383 2467 546 2509 XXVI.
573 2468 635 2510 De
657 2471 926 2508 sacramento
959 2471 1104 2507 autem
1138 2462 1329 2522 corporis
1364 2460 1538 2506 Domini
1562 2469 1611 2505 ut
1649 2459 1712 2503 illi

374 2567 381 2583 ¹
403 2561 523 2593 Mauh.
545 2560 721 2603 V1,34.-
744 2566 756 2582 ²
776 2562 869 2591 Joan.
889 2570 935 2599 Vl,
954 2568 1009 2600 27.
1029 2575 1071 2581 -
1092 2556 1104 2581 3
1122 2558 1205 2590 Ibid.
1227 2556 1282 2599 41.
1303 2574 1344 2581 -—
1358 2556 1373 2587 4
1392 2556 1510 2590 Malth.
1531 2567 1573 2598 vi,
1595 2556 1649 2588 31.
1669 2572 1710 2578 —

326 2614 341 2639 5
358 2618 435 2650 Luc.
463 2627 518 2658 κη,
538 2625 592 2650 22.
615 2633 654 2640 --
670 2613 686 2639 ⁵
710 2615 825 2648 Manli.
845 2626 890 2656 vi,
914 2614 969 2656 33,
988 2618 1021 2647 et
1038 2616 1115 2647 Luc.
1132 2624 1189 2656 xn,
1210 2613 1263 2646 31.
