1819 3301
337 293 621 329 QUAESTIONUM
653 291 1016 329 EVANGELIORUM‚
1051 293 1132 318 Lm.
1170 294 1216 318 11.
1385 282 1467 320 327

94 355 149 400 de
172 356 280 400 turri
314 372 404 401 non
426 357 616 416 perfecta
631 391 642 411 ,
679 371 754 415 per
776 355 1061 414 opprobrium
1083 355 1293 399 deterruit
1321 354 1471 400 dicen-

94 426 204 472 tium
230 446 238 471 :
270 445 290 468 «
324 427 434 480 Quia
457 427 528 471 hic
561 428 692 471 homo
720 427 854 486 coepit
876 426 1113 480 aedificare,
1149 435 1192 469 et
1215 441 1303 470 non
1331 427 1474 484 potuit

95 516 116 540 »
153 512 454 541 consummare
477 516 486 541 ε
511 515 530 538 »
556 497 613 541 sic
635 497 680 541 in
702 512 803 555 rege
826 512 927 541 cum
945 512 1033 557 quo
1065 495 1360 540 dimicandum
1383 506 1471 552 est,

94 567 230 627 ipsam
261 582 409 626 pacem
446 567 686 621 accusavit,
727 581 829 610 cum
863 567 922 611 ait
951 586 959 610 :
991 586 1012 608 «
1046 566 1203 610 Adhuc
1235 565 1310 610 illo
1344 566 1475 624 longe

97 655 118 679 »
154 645 307 695 agente
323 671 333 691 ‚
357 637 619 695 legationem
642 636 817 680 mittens
836 646 959 695 rogat
980 652 1029 680 ea
1051 652 1150 695 quae
1169 645 1270 680 sunt
1291 637 1430 696 pacis:
1453 655 1472 677 »

96 707 339 766 significans
363 710 492 751 etiam
520 708 656 750 minas
679 706 1002 750 imminentium
1024 723 1047 750 a
1070 706 1242 751 diabolo
1274 707 1480 751 tentatio-

96 792 225 830 num,
246 792 334 820 non
356 777 565 820 sustinere
585 777 781 820 homines
806 776 881 836 qui
903 792 991 820 non
1010 777 1260 819 renuntiant
1278 777 1480 820 omnibus

96 862 194 907 quae
217 846 438 906 possident
457 882 467 901 ‚
491 857 533 891 et
554 861 706 906 pacem
727 861 829 891 cum
849 862 900 891 eo
924 846 1066 890 facere
1083 847 1394 891 consentiendo
1417 846 1481 890 illi

97 917 152 961 ad
184 916 494 961 committenda
524 926 713 976 peccata.
748 920 928 961 Turrem
962 918 1124 977 quippe
1157 917 1370 961 aedificare
1390 952 1401 972 ,
1439 926 1483 961 et

96 996 248 1031 contra
269 1003 414 1046 regem
432 987 558 1031 illum
576 987 804 1042 dimicare,
820 1002 910 1031 esse
930 987 1200 1046 Discipulum
1218 987 1376 1032 Christi
1389 995 1453 1030 est
1470 1005 1480 1031 2

96 1057 258 1101 habere
275 1068 420 1101 autem
441 1067 639 1117 sumptus
662 1056 717 1101 ad
737 1057 1042 1116 perficiendam
1063 1067 1244 1112 turrem,
1264 1066 1307 1101 et
1323 1057 1484 1100 habere

97 1126 226 1172 fortia
247 1127 398 1172 decem
418 1127 554 1172 millia
577 1137 728 1173 contra
743 1129 895 1186 viginti
917 1128 1051 1173 millia
1073 1130 1184 1188 regis
1198 1163 1209 1183 ‚
1235 1128 1484 1172 renuntiare

97 1208 162 1243 est
179 1199 382 1244 omnibus
399 1215 498 1260 quae
514 1208 615 1244 sunt
628 1200 734 1259 ejus.

580 1336 816 1386 QUAESTIO
847 1337 1004 1376 XXXII.

161 1486 181 1508 «
204 1469 350 1512 SALEM
368 1464 649 1521 infatuatum,
665 1483 685 1507 »
703 1474 970 1525 apostatam:
991 1467 1164 1511 «Ovem
1184 1465 1417 1526 perditam1
1437 1484 1484 1512 z»

103 1552 253 1581 omnes
275 1545 521 1596 peccatores
540 1537 670 1591 dixit,
694 1536 770 1596 qui
792 1551 869 1595 per
888 1536 1192 1595 poenitentiam
1210 1537 1490 1582 reconcilian-

103 1616 174 1651 tur
192 1610 296 1651 Deo.
324 1610 464 1660 Quam
487 1607 679 1650 humeris
703 1607 788 1649 suis
824 1615 967 1664 portat
984 1642 994 1661 ‚
1020 1607 1122 1666 quia
1151 1607 1423 1651 humiliando
1445 1623 1489 1651 se

97 1677 203 1722 tales
230 1678 375 1721 erexit.
400 1676 503 1720 Ideo
524 1686 669 1720 autem
684 1676 778 1719 illas
804 1677 1041 1735 nonaginta
1060 1693 1215 1721 novem
1239 1678 1359 1733 dixit,
1379 1694 1486 1737 quas

102 1747 278 1808 reliquit
304 1748 348 1791 in
373 1748 542 1791 deserto
571 1767 579 1792 ε
605 1748 709 1807 quia
730 1747 940 1806 superbos
976 1748 1242 1806 significant,
1278 1758 1488 1808 tanquam

98 1818 374 1863 solitudinem
399 1826 595 1877 gerentes
617 1818 662 1861 in
697 1818 841 1862 animo
858 1853 869 1872 ,
895 1816 1001 1861 dum
1024 1818 1134 1862 solos
1163 1834 1206 1862 se
1236 1818 1384 1863 videre
1407 1834 1488 1863 vo-

97 1889 226 1944 lunt,
261 1890 420 1949 quibus
454 1889 508 1932 ad
540 1887 850 1948 perfectionem
884 1889 1026 1932 unitas
1053 1892 1187 1933 deest.
1220 1891 1331 1934 Cum
1372 1890 1488 1933 enim

99 1961 283 2020 quisque
316 1975 339 2003 a
373 1975 473 2003 vera
510 1959 677 2002 unitate
710 1958 953 2014 divellitur,
989 1960 1187 2019 superbia
1231 1959 1486 2004 divellitur2

99 2046 188 2076 sua!
209 2032 370 2091 quippe
393 2030 617 2089 potcstatis
638 2045 728 2074 esse
751 2030 954 2089 cupiens,
981 2047 1069 2075 non
1092 2032 1287 2091 sequitur
1315 2046 1451 2075 unum
1473 2066 1485 2087 ,

100 2101 219 2162 quod
241 2106 352 2146 Deus
376 2111 452 2145 est.
482 2102 673 2161 Ideoque
704 2107 747 2145 et
769 2102 813 2144 in
836 2102 1070 2159 nonaginta
1093 2118 1250 2147 novem
1274 2103 1428 2146 ovibus
1446 2110 1489 2145 et

101 2173 147 2216 in
171 2188 325 2216 novem
346 2172 561 2216 drachmis
580 2172 703 2231 ponit
722 2187 874 2215 eorum
888 2172 1263 2230 significationem,
1285 2171 1427 2232 quide
1445 2187 1489 2215 se

101 2253 412 2304 praesumentes
425 2243 726 2303 peccatoribus
740 2242 791 2286 ad
815 2242 996 2286 salutem
1022 2243 1303 2286 redeuntibus
1320 2259 1364 2286 se
1380 2259 1492 2302 prae-

100 2323 287 2374 ponunt.
319 2316 463 2358 Unum
497 2314 613 2358 enim
639 2313 759 2358 deest
795 2313 849 2357 ad
874 2329 1027 2357 novem
1060 2323 1108 2357 ut
1134 2313 1280 2357 decem
1312 2314 1419 2367 sint,
1447 2323 1491 2357 et

102 2384 156 2428 ad
194 2386 428 2441 nonaginta
452 2399 605 2428 novem
630 2393 678 2427 ut
713 2393 887 2428 centurn
909 2383 1008 2426 sint.
1048 2386 1103 2426 Et
1133 2384 1167 2426 si
1202 2399 1278 2442 per
1313 2393 1490 2427 caeteros

102 2470 305 2499 numeres
328 2456 410 2498 hoc
433 2454 690 2498 consideres.
707 2457 814 2499 Nam
837 2463 879 2497 et
898 2454 1125 2511 nongentis
1150 2454 1383 2510 nonaginta
1406 2469 1486 2497 no·

103 2541 199 2570 vem
223 2540 360 2568 unum
383 2523 499 2568 deest
534 2533 582 2567 ut
602 2523 717 2567 mille
742 2524 851 2578 sint,
878 2532 919 2566 et
954 2523 1007 2566 ad
1034 2539 1186 2566 novem
1212 2522 1346 2566 millia
1375 2539 1488 2568 non-

154 2620 486 2661 ¹Luc.11v,3¹5‚”55‚
503 2620 726 2661 el‘xv,l5-1o⁴
