1819 3301
384 267 521 294 sERMO
553 267 710 293 nomm
744 266 787 292 IN
820 266 995 302 MONTE,
1032 266 1112 290 Lm.
1149 265 1195 290 11.
1386 255 1469 293 209

91 347 221 392 quam
255 340 434 391 possunt
470 332 597 375 0113111
629 330 880 375 simulantes
907 330 1125 390 percipere
1145 363 1155 383 ,
1182 328 1286 372 dum
1313 328 1470 373 fallunt

91 417 162 446 eos
181 402 341 462 quibus
364 401 566 445 videntur
588 402 692 445 boni
710 436 721 456 ,
748 400 802 444 ab
817 401 964 460 eisque
985 398 1233 444 laudantur.
1262 398 1345 442 Sed
1366 400 1471 442 tales

91 473 147 517 31)
168 474 409 531 inspectore
433 472 572 516 cordis
602 475 690 516 Deo
714 472 957 516 mercedem
990 486 1079 514 non
1106 469 1352 529 accipiunt,
1390 469 1472 513 nisi

89 543 274 588 fallaciae
296 542 558 603 supplicium
581 561 589 587 :
616 543 670 587 ab
692 542 942 587 hominibus
965 551 1131 597 autem,
1155 541 1312 600 inquit,
1333 559 1352 583 «
1370 544 1474 584 Per-

92 632 113 656 »
150 623 360 673 ceperunt
376 612 619 657 mercedem
641 628 787 657 suam:
810 631 830 653 »
849 611 1169 672 rectissimeque
1191 611 1257 655 his
1279 610 1470 655 dicetur:

94 703 115 727 «
149 683 355 729 Recedite
371 699 392 727 a
410 699 481 727 me
503 683 684 742 operarii
706 682 866 727 dolosi¹
890 701 897 727 :
923 701 941 723 »
963 697 1122 726 nomen
1139 697 1286 726 meum
1298 681 1475 726 habuis-

91 755 159 809 tis,
185 753 260 798 sed
282 769 411 813 opera
433 768 528 797 mea
552 769 641 797 non
658 751 830 797 fecistis.
845 752 913 797 Illi
931 768 1033 812 ergo
1054 761 1342 812 perceperunt
1364 767 1474 796 mer-

89 823 240 869 cedem
273 838 391 868 suam
415 858 425 878 ,
462 823 538 883 qui
574 839 665 868 non
701 823 758 868 ob
787 822 907 867 aliud
941 822 1258 881 eleemosynam
1281 821 1470 878 faciunt,

89 895 171 939 nisi
193 904 242 939 ut
264 894 560 954 glorificentur
591 895 645 938 ab
673 894 924 939 hominibus
948 913 956 938 :
986 909 1075 938 non
1105 893 1139 937 si
1174 894 1471 953 glorificentur

90 966 145 1010 ab
167 965 418 1010 hominibus
434 1000 444 1020 ,
470 964 546 1009 sed
574 965 608 1009 si
629 964 727 1009 ideo
762 964 924 1009 13013111
945 973 994 1008 111
1018 963 1336 1023 glorificentur,
1362 964 1473 1008 sicut

90 1037 285 1097 superius
316 1045 548 1081 tractatum
571 1045 647 1080 est.
679 1039 792 1080 Laus
814 1036 931 1080 enim
957 1036 1148 1080 humana
1169 1051 1259 1080 non
1281 1035 1426 1095 appeti
1448 1050 1473 1079 3

90 1117 205 1153 recte
232 1108 440 1163 faciente,
475 1106 552 1152 sed
580 1107 786 1166 subsequi
820 1106 950 1150 debet
983 1115 1098 1150 recte
1131 1106 1364 1150 facientem
1389 1124 1398 1150 :
1424 1114 1474 1150 ut

89 1179 151 1224 illi
173 1179 424 1240 proficiant,
452 1179 527 1239 qui
549 1178 678 1223 etiam
715 1178 872 1222 imitari
900 1185 1082 1237 possunt
1118 1177 1237 1237 quod
1259 1176 1470 1231 laudant,

89 1267 178 1296 non
200 1260 249 1295 ut
271 1251 340 1295 hic
362 1260 487 1310 putet
508 1251 674 1311 aliquid
691 1266 762 1295 eos
785 1250 865 1295 sibi
883 1251 1100 1310 prodesse,
1122 1265 1253 1310 quem
1273 1249 1469 1294 laudant.

148 1324 224 1366 VI.
251 1329 270 1364 ἑ(
294 1324 352 1365 Το
367 1331 512 1365 31110111
534 1320 724 1365 faciente
741 1320 1059 1379 eleemosynam
1081 1356 1091 1375 ,
1115 1336 1202 1365 non
1225 1321 1329 1365 sciat
1350 1320 1476 1365 sinis-

93 1410 112 1433 »
148 1400 212 1435 tra
236 1401 309 1435 tua
332 1392 439 1451 quid
457 1390 585 1435 faciat
607 1391 779 1436 dextera
804 1401 879 1435 tua
897 1392 929 1434 2.
960 1410 979 1432 »
1010 1391 1051 1436 Si
1069 1389 1327 1435 intellexeris
1349 1390 1474 1434 sinis-

90 1471 200 1506 tram
230 1461 426 1505 infideles
461 1460 544 1505 dici
566 1496 576 1516 ,
613 1461 834 1506 videbitur
857 1461 977 1505 1111113
1010 1476 1098 1505 esse
1120 1461 1248 1520 culpa
1269 1496 1278 1516 ,
1304 1459 1474 1520 placere

88 1531 289 1576 fidelibus
307 1531 418 1575 velle
442 1552 449 1576 2
475 1547 574 1576 cum
595 1547 769 1591 prorsus
793 1531 1074 1576 nihilominus
1097 1531 1141 1574 in
1174 1531 1472 1591 quorumlibet

88 1602 314 1646 hominum
337 1601 466 1646 laude
484 1601 678 1645 fructum
701 1611 743 1645 et
773 1602 903 1644 finem
922 1601 1026 1645 boni
1048 1601 1187 1660 operis
1210 1602 1472 1645 constituere

88 1672 411 1731 prohibeamur.
434 1671 558 1724 Quod
580 1681 724 1715 autem
749 1671 803 1714 ad
825 1670 870 1714 id
890 1671 1077 1730 pertinet
1101 1680 1147 1715 ut
1163 1680 1204 1714 te
1222 1671 1469 1726 imitentur,

87 1742 246 1802 quibus
276 1752 392 1786 recte
422 1741 535 1785 sacta
557 1751 631 1785 tua
648 1741 917 1801 placuerint,
944 1757 1033 1786 non
1055 1750 1226 1785 tantum
1243 1741 1468 1797 fidelibus,

86 1812 160 1856 sed
181 1812 308 1856 etiam
329 1811 579 1855 infidelibus
593 1809 888 1855 exhibendum
914 1821 1002 1865 est,
1029 1820 1077 1854 ut
1099 1810 1327 1854 laudandis
1346 1812 1471 1856 bonis

86 1883 289 1943 operibus
308 1883 462 1927 nostris
485 1886 624 1926 Deum
648 1884 865 1927 honorent
887 1918 897 1937 ,
923 1892 973 1926 01.
988 1883 1164 1926 veniant
1187 1881 1241 1926 ad
1265 1882 1465 1927 salutem.

88 1955 130 1999 Si
152 1963 295 1998 autem
314 1953 528 1998 sinistram
553 1953 776 1997 inimicum
802 1952 1019 2012 putaveris
1037 1987 1046 2007 ,
1067 1961 1116 1996 ut
1138 1952 1299 1996 nesciat
1321 1953 1469 1997 inimi-

85 2041 159 2070 cus
182 2034 282 2069 tuus
304 2040 405 2069 cum
429 2024 747 2081 eleemosynam
770 2024 872 2068 facis
895 2044 905 2081 3
939 2039 1017 2067 cur
1041 2023 1131 2082 ipse
1155 2024 1363 2068 Dominus
1385 2025 1468 2069 ini-

84 2096 201 2139 micis
234 2095 395 2140 Judaeis
425 2094 802 2139 circumstantibus
841 2093 1173 2138 misericorditer
1195 2094 1360 2138 sanavit
1381 2095 1465 2138 ho-

84 2166 248 2210 mines?
271 2182 348 2210 cur
363 2165 581 2226 apostolus
599 2169 751 2209 Petrus
771 2174 920 2209 sanato
942 2180 992 2208 eo
1007 2166 1037 2219 3,
1065 2179 1194 2223 quem
1217 2163 1271 2207 ad
1293 2173 1463 2223 portam

85 2236 327 2295 Speciosam
350 2235 539 2280 debilem
557 2235 781 2280 miseratus
809 2244 894 2290 est,
921 2235 1047 2279 ctiam
1078 2235 1159 2277 iras
1188 2234 1461 2278 inimicorum

80 2307 124 2350 in
147 2322 190 2350 se
219 2318 345 2366 atque
366 2307 412 2350 in
435 2306 538 2350 alios
571 2306 730 2350 Christi
752 2305 990 2364 Discipulos
1013 2304 1220 2363 pertulit?
1241 2302 1409 2349 Deinde'
1427 2306 1462 2349 si

80 2392 169 2421 non
191 2385 362 2435 oportet
379 2377 486 2420 scire
506 2376 727 2420 inimicum
746 2410 757 2431 ,
782 2391 882 2419 cum
905 2374 1223 2431 eleemosynam
1247 2373 1428 2419 facimus
1445 2410 1456 2431 ,

79 2446 302 2507 quomodo
319 2461 419 2491 cum
441 2446 534 2506 ipso
550 2446 732 2492 ,inimico
750 2444 980 2501 faciemus,
1003 2453 1052 2489 ut
1074 2443 1185 2489 sslud
1202 2444 1460 2505 impleamus

128 2551 136 2565 ¹
157 2543 277 2576 Matth.
295 2554 354 2585 vn,
376 2542 427 2576 13.
443 2559 484 2565 —
504 2549 516 2565 ¹
535 2543 583 2576 Id.
600 2554 646 2585 vi,
671 2543 700 2575 3.
722 2558 763 2566 —-
781 2541 793 2565 3
808 2544 879 2575 Aet.
901 2553 949 2584 ur,
967 2550 999 2574 2.

266 2617 387 2649 cxxi.
1221 2604 1267 2644 1⁷4
