1819 3301
352 317 404 354 28
781 329 812 354 s.
851 327 1077 354 Aucusnm
1115 326 1292 352 Ertscori

350 390 725 450 Evangelistarum
761 390 1043 444 testimoniis,
1081 405 1171 434 non
1201 398 1301 432 ante
1331 389 1511 449 januam
1544 383 1736 430 secundo
1790 408 1796 414 -

352 465 530 506 Petrum
552 476 729 520 negasse
746 496 756 514 ,
779 461 852 504 sed
876 461 992 503 intus
1016 460 1058 503 in
1081 461 1189 504 atrio
1209 460 1264 503 ad
1291 459 1452 517 ignem.
1478 457 1737 501 Matthaeum

352 541 498 576 autem
533 540 576 575 et
602 534 824 585 Marcum,
866 531 942 590 qui
973 523 1426 574 commemoraverunt
1457 526 1605 570 exiisse
1636 540 1736 569 eum

351 601 488 655 foras,
514 616 753 659 regressum
775 601 865 661 ejus
888 600 1110 645 brevitatis
1130 615 1256 644 eausa
1281 597 1479 642 tacuisse,

410 674 549 715 XXV.
586 674 711 716 Nunc
728 672 819 731 jain
855 671 909 714 de
945 672 1068 715 tertia
1095 670 1326 729 negatione
1359 667 1636 728 inspiciamus
1662 680 1738 709 eo-

351 758 449 787 rum
466 742 810 801 congruentiam,
831 757 962 802 quam
979 742 1235 786 Matthaeum
1249 739 1389 784 solum
1403 740 1492 799 jam
1508 736 1740 796 explicasse

352 813 692 857 meminerimus.
722 813 927 873 Sequitur
949 827 1049 869 ergo
1067 815 1238 856 Marcus
1270 819 1312 853 et
1344 809 1450 853 dicit
1476 827 1485 853 ι
1515 827 1534 849 «
1559 811 1616 851 Et
1643 815 1742 866 post

355 902 375 925 »
410 882 617 943 pusillum
640 898 784 926 rursus
806 883 881 942 qui
904 882 1126 936 astabant,
1155 880 1361 925 dicebant
1383 882 1511 923 Petro
1530 897 1538 922 ε
1563 880 1668 922 Vere
1690 892 1741 921 ex

356 972 376 995 »
411 953 493 997 illis
515 969 557 997 es
578 989 588 1008 ,
614 969 713 997 nam
737 962 780 997 et
808 953 1009 997 Galilaeus
1027 968 1085 996 es.
1114 951 1193 996 Ille
1216 961 1362 995 autem
1393 949 1528 1009 eoepit
1558 948 1741 992 anathe-

334 1043 376 1066 »›
411 1025 614 1068 matizare
635 1033 677 1068 et
692 1026 841 1084 jurare
858 1060 868 1079 ,
894 1024 1005 1077 Quia
1035 1024 1180 1068 neseio
1211 1024 1434 1066 hominem
1455 1021 1586 1064 istum
1610 1034 1740 1080 quem

356 1113 377 1137 »
412 1096 568 1139 dicitis.
592 1098 649 1139 Et
665 1096 807 1139 statim
831 1096 987 1139 iterum
1005 1094 1142 1154 gallus
1162 1094 1368 1138 cantavit.
1392 1111 1412 1134 n
1435 1096 1574 1136 Lucas
1597 1099 1741 1135 autem

353 1169 412 1211 ita
434 1177 607 1211 secutus
633 1167 717 1210 hoe
745 1166 861 1210 idem
898 1177 1045 1210 narrat
1072 1186 1080 1211 :
1110 1187 1129 1208 «
1155 1169 1212 1210 Et
1232 1164 1461 1210 intervallo
1483 1165 1598 1208 facto
1621 1162 1744 1224 quasi

358 1255 379 1278 »
414 1238 534 1281 horae
557 1237 686 1280 unius
706 1271 717 1291 ‚
741 1236 848 1281 alius
866 1236 1045 1297 quidam
1071 1236 1317 1280 affirmabat
1336 1271 1347 1289 ,
1373 1236 1522 1279 dicens
1544 1239 1559 1279 ε’
1574 1236 1685 1277 Vere
1703 1242 1745 1277 et

359 1325 380 1349 »
414 1307 485 1351 hic
511 1322 610 1350 eum
628 1306 703 1351 illo
722 1316 813 1350 erat
832 1342 842 1360 ,
868 1323 968 1351 nam
992 1317 1035 1350 et
1063 1306 1265 1350 Galilaeus
1287 1315 1364 1349 est.
1384 1308 1440 1349 Et
1462 1305 1522 1349 ait
1554 1308 1705 1348 Petrus
1733 1323 1741 1348 ε

359 1395 379 1418 »
417 1377 727 1432 Hom0,nescio
740 1376 845 1436 quid
857 1377 1041 1421 dieis.Et
1054 1376 1263 1420 continuo
1277 1374 1506 1420 adhucillo
1520 1375 1742 1434 loquente,

359 1465 380 1489 »
416 1449 605 1492 cantavit
628 1448 781 1506 gallus.
818 1451 1004 1492 ⁴loannes
1030 1457 1202 1492 secutus
1237 1447 1290 1491 de
1315 1447 1437 1490 tertia
1476 1446 1589 1489 Petri
1614 1461 1747 1504 nega-

358 1518 476 1563 tione
492 1553 504 1572 ,
529 1519 586 1562 ita
611 1518 798 1578 explicat
825 1538 832 1562 :
863 1538 883 1560 «
910 1519 1022 1562 Dicit
1045 1534 1157 1562 unus
1176 1534 1226 1561 ex
1240 1518 1370 1561 servis
1386 1516 1617 1576 pontificiS,
1640 1531 1746 1574 cog}

361 1608 381 1631 »
418 1598 543 1633 natus
564 1590 653 1648 ejus
676 1590 799 1649 cujus
822 1588 1003 1632 abscidit
1028 1592 1178 1632 Petrus
1202 1582 1467 1632 auriculam:
1492 1589 1648 1631 Nonne
1666 1601 1748 1644 ego

362 1678 382 1700 »
420 1668 460 1703 tc
483 1659 571 1702 vidi
588 1659 632 1702 in
650 1660 778 1703 horto
801 1674 899 1703 eum
923 1658 1027 1703 illo?
1051 1662 1215 1702 lterum
1238 1674 1340 1716 ergo
1373 1659 1544 1714 negavit
1566 1660 1743 1712 Petrus,

362 1749 382 1772 »
419 1739 461 1774 et
482 1730 625 1773 statim
661 1729 799 1788 gallus
830 1730 1034 1774 cantavit.
1073 1748 1092 1769 >›
1119 1729 1246 1782 Quod
1288 1729 1419 1786 igitur
1446 1728 1680 1772 Matthaeus
1705 1737 1748 1771 et

359 1803 530 1843 Marcus
561 1798 714 1843 dieunt
733 1835 744 1856 ,
779 1819 798 1840 «
837 1803 938 1843 Post
967 1798 1172 1858 pusillum
1193 1835 1203 1854 ,
1227 1818 1246 1839 »
1285 1807 1501 1858 quantum
1528 1807 1635 1842 esset
1665 1798 1748 1841 hoc

361 1869 589 1928 temporis,
611 1867 857 1912 manifestat
878 1872 1014 1912 Lucas
1033 1868 1218 1912 dicendo
1235 1904 1245 1921 ,
1272 1888 1291 1909 «
1312 1872 1368 1912 Et
1382 1867 1611 1911 intervallo
1631 1868 1748 1912 facto

364 1958 383 1980 »
419 1939 540 1998 quasi
558 1940 676 1983 horse
698 1939 847 1982 unius:
873 1957 891 1979 η
908 1938 1059 1982 dehoc
1073 1947 1218 1982 autem
1234 1937 1463 1982 intervallo
1483 1947 1598 1982 tacet
1615 1941 1750 1981 Joan-

362 2025 453 2053 nes.
482 2013 591 2053 Item
625 2009 743 2069 quod
768 2010 1000 2053 Matthaeus
1026 2019 1068 2052 et
1091 2012 1262 2053 Marcus
1294 2025 1382 2053 non
1422 2009 1653 2068 singulari,
1675 2009 1750 2053 sed

360 2079 520 2139 plurali
554 2095 737 2122 numero
758 2080 988 2122 enuntians
1012 2095 1082 2122 eos
1103 2114 1113 2133 ,
1141 2079 1216 2138 qui
1239 2094 1338 2122 cum
1363 2083 1491 2123 Petro
1530 2079 1746 2137 agebant,

362 2165 462 2193 eum
488 2153 623 2193 Lucas
648 2164 786 2192 unum
806 2150 921 2193 dicat
939 2185 948 2202 ,
975 2152 1163 2192 Joannes
1181 2164 1358 2208 quoque
1380 2164 1537 2203 unum,
1561 2163 1750 2208 eumque

362 2229 594 2277 cognatum
627 2220 743 2278 ejus,
774 2221 894 2279 cujus
926 2219 1110 2262 abscidit
1142 2222 1293 2262 Petrus
1329 2218 1592 2275 auriculam,
1626 2218 1751 2262 facile

363 2299 425 2333 est
463 2289 734 2346 intelligere,
775 2300 849 2332 aut
880 2289 1094 2347 pluralem
1123 2304 1354 2331 numerum
1390 2304 1468 2347 pro
1506 2288 1747 2347 singulari,

362 2361 516 2403 usitata
548 2359 768 2403 locutione
802 2374 1028 2418 usurpasse
1065 2359 1321 2402 Mattheeum
1354 2367 1396 2401 ct
1418 2361 1643 2416 Mareum3
1676 2367 1752 2403 aut

363 2429 482 2489 quod
501 2445 612 2472 unus
629 2430 812 2472 maxime
846 2437 1053 2487 tanquam
1078 2428 1238 2482 sciens,
1265 2437 1307 2472 et
1329 2429 1404 2487 qui
1433 2444 1532 2471 eum
1553 2428 1746 2484 viderat,

366 2500 625 2553 allirmabat,
647 2499 788 2542 caeteri
813 2508 956 2542 autem
981 2499 1114 2542 secuti
1136 2500 1224 2558 ejus
1249 2498 1395 2552 fidem,
1422 2502 1601 2542 Petrum
1625 2499 1753 2543 simul

365 2570 579 2627 urgebant
605 2589 612 2613 ι
638 2570 754 2614 unde
782 2570 891 2613 duos
915 2569 1208 2627 Evang‹·listas
1245 2568 1506 2628 compendio
1537 2569 1754 2628 pluralem

367 2654 595 2683 numerum
616 2640 828 2699 posuisse,
850 2640 953 2684 alios
976 2648 1118 2683 autem
1143 2638 1252 2684 duos
1286 2654 1384 2683 eum
1417 2639 1556 2683 solum
1586 2640 1752 2697 signifi-
