1819 3301
336 251 420 291 440
762 262 796 290 s.
834 261 1065 290 Ancus-nm
1098 262 1281 288 Emscom

327 330 524 375 cessitate
550 330 730 390 alicujus
760 327 919 374 vinculi
935 328 1101 387 peccati
1121 328 1330 372 Dominus
1348 327 1552 372 veniebat
1577 329 1632 374 ad
1654 331 1724 390 ip-

331 417 427 446 sum
461 404 704 458 Joannem3
745 400 857 443 sicut
891 399 1045 445 dicunt
1080 399 1150 442 alii
1186 399 1496 457 Evangelistae,
1532 417 1633 445 cum
1671 403 1727 447 ad

331 471 454 516 illum
487 471 656 514 veniret
699 469 986 528 baptizandus
1023 469 1259 525 Dominus,
1297 470 1356 514 ait
1387 470 1479 529 ipse
1512 474 1723 524 Joannes,

334 562 353 584 «
391 546 455 585 Tu
474 541 529 584 ad
551 555 620 583 me
641 541 788 585 venis?
808 555 888 599 ego
903 556 926 583 a
946 549 988 584 te
1019 540 1160 584 debeo
1182 540 1405 600 baptizari.
1436 559 1456 582 »
1481 544 1537 586 Et
1558 543 1663 602 quid
1687 543 1727 586 ei

329 613 418 672 ipse
442 610 690 670 respondit?
717 630 737 652 «
758 611 857 655 Sine
874 610 1034 668 modo3
1058 609 1291 670 impleatur
1314 611 1452 655 omnis
1469 613 1637 671 justitia
1652 615 1682 656 ¹.
1702 632 1721 655 »

329 681 447 735 Quid
477 690 561 736 est,
598 699 618 722 «
648 680 888 741 Impleatur
920 682 1059 725 omnis
1091 681 1286 740 justitia?
1322 700 1339 721 »
1372 682 1483 726 Mori
1510 684 1607 728 veni
1646 699 1725 743 pro

327 752 595 807 hominibus,
620 752 828 811 baptizari
847 769 937 796 non
954 752 1096 796 habeo
1114 768 1193 811 pro
1208 752 1488 797 hominibus?
1506 754 1624 806 Quid
1643 764 1721 809 est,

330 843 350 865 «
388 821 627 881 Impleatur
645 823 783 867 omnis
801 823 1000 882 justitia?
1022 841 1041 863 »
1067 821 1301 882 impleatur
1323 823 1463 867 omnis
1481 824 1721 870 humilitas.

327 893 444 947 Quid
457 894 588 950 ergo?
604 895 703 938 Non
718 901 808 936 erat
824 902 1102 952 suscepturus
1121 893 1388 952 baptismum
1406 893 1563 938 abono
1580 910 1720 950 servo,

325 965 400 1024 qui
438 963 685 1022 passionem
717 963 906 1023 suscepit
943 978 967 1006 a
995 963 1126 1007 servis
1165 962 1313 1007 malis?
1346 964 1566 1008 Intendite
1601 980 1719 1024 ergo.

326 1035 551 1094 Baptizato
573 1034 759 1078 Domino
779 1069 789 1089 ,
810 1034 843 1078 si
866 1043 1095 1093 propterea
1119 1034 1356 1093 baptizavit
1379 1037 1582 1091 Joannes,
1607 1045 1657 1080 ut
1679 1037 1724 1080 in

324 1107 416 1165 ejus
450 1105 666 1164 baptismo
704 1106 916 1150 Dominus
950 1104 1198 1149 ostenderet
1234 1105 1554 1162 humilitatem,
1594 1123 1723 1152 nemo

325 1176 434 1220 alius
468 1176 762 1235 baptizaretur
795 1176 1011 1236 baptismo
1045 1176 1251 1220 Joannis?
1279 1176 1408 1220 Multi
1433 1186 1577 1221 autem
1615 1178 1725 1237 bap-

325 1248 441 1291 tizati
461 1256 563 1291 sunt
583 1247 800 1306 baptismo
822 1249 846 1290 J
851 1246 1001 1291 oannis
1028 1266 1035 1291 ε
1055 1246 1298 1306 baptizatus
1311 1256 1374 1291 cst
1391 1248 1602 1293 Dominus
1620 1249 1726 1308 bap—

325 1318 454 1361 tismo
484 1317 664 1361 Joannis
683 1352 693 1371 ‚
724 1326 767 1360 et
789 1317 968 1361 cessavit
996 1317 1235 1376 baptismus
1265 1319 1444 1361 Joannis
1475 1338 1482 1362 :
1514 1317 1723 1379 indejam

326 1387 480 1431 missus
501 1396 565 1430 est
585 1387 631 1429 in
654 1402 872 1431 carcerem
895 1389 1084 1431 Joannes
1104 1408 1114 1445 3
1139 1386 1343 1447 deinceps
1373 1403 1502 1432 nemo
1525 1389 1720 1448 baptiza-

327 1468 397 1502 tus
421 1458 642 1502 invenitur
668 1456 744 1501 illo
772 1457 1047 1517 baptismate.
1077 1458 1118 1502 Si
1142 1473 1243 1515 ergo
1273 1468 1502 1518 propterea
1530 1460 1651 1504 venit
1680 1470 1724 1505 et

327 1532 516 1574 Joannes
534 1529 758 1588 baptizans
771 1564 781 1584 ‚
803 1538 854 1573 ut
875 1528 1050 1573 Domini
1067 1528 1287 1572 humilitas
1305 1529 1430 1573 nobis
1448 1529 1721 1576 demonstra-

326 1609 462 1655 retur,
489 1608 539 1644 ut
561 1601 661 1659 quia
677 1598 752 1642 ille
767 1600 956 1659 suscepit
977 1615 1000 1643 a
1023 1614 1164 1654 servo,
1185 1615 1263 1644 nos
1281 1615 1370 1644 non
1385 1600 1723 1658 dedignaremur

327 1672 542 1732 suscipere
564 1687 587 1714 a
611 1671 797 1716 Domino
818 1691 826 1715 :
848 1671 1083 1716 Dominum
1099 1671 1240 1716 solum
1256 1674 1443 1716 Joannes
1457 1672 1723 1732 baptizaret?

330 1742 414 1787 Sed
436 1742 469 1785 si
490 1740 631 1786 solum
656 1741 895 1786 Dominum
916 1744 1105 1786 Joannes
1127 1741 1389 1800 baptizaret,
1411 1758 1499 1786 non
1524 1742 1723 1788 deessent

328 1813 405 1873 qui
448 1821 653 1871 putarent
700 1811 888 1856 sanctius
931 1812 1062 1856 fuisse
1109 1812 1321 1871 baptisma
1365 1813 1544 1856 Joannis
1590 1829 1723 1874 quam

327 1883 488 1928 Christi
517 1902 525 1928 :
550 1882 673 1943 quasi
696 1882 954 1942 baptismate
977 1882 1156 1927 Joannis
1179 1883 1295 1927 solus
1317 1883 1513 1928 Christus
1535 1885 1722 1929 meruis-

327 1962 391 1997 set
412 1953 645 2012 baptizari,
668 1953 929 2012 baptismate
952 1962 1099 1997 autem
1125 1953 1285 1998 Christi
1303 1968 1438 2011 genus
1460 1954 1718 1998 humanum.

329 2023 534 2069 Intendat
567 2024 764 2069 Charitas
804 2027 971 2069 Vestra.
1010 2026 1273 2084 Baptismate
1314 2026 1473 2070 Christi
1513 2026 1721 2085 baptizati

328 2110 493 2150 sumtis,
519 2111 608 2139 non
626 2103 797 2139 tantum
820 2110 913 2149 nos,
940 2095 1015 2139 sed
1037 2104 1079 2140 et
1101 2095 1327 2140 universus
1349 2096 1464 2139 orbis
1489 2105 1717 2152 terrarum,

328 2176 371 2210 et
397 2167 641 2227 baptizatur
663 2166 865 2226 usquein
887 2167 1035 2209 finem.
1062 2166 1169 2220 Quis
1188 2175 1384 2211 nostrum
1409 2176 1548 2226 potest
1572 2185 1622 2211 ex
1644 2168 1721 2212 ali-

327 2253 413 2297 qua
451 2245 573 2296 parte
614 2237 855 2296 comparari
892 2237 1064 2281 Christo
1083 2272 1093 2291 ,
1138 2238 1261 2297 cujus
1294 2253 1338 2280 se
1380 2240 1569 2281 Joannes
1615 2238 1720 2283 dixit

323 2307 555 2366 indignum
596 2305 760 2351 solvere
801 2307 1027 2366 corrigiam
1068 2307 1384 2352 calceamenti?
1429 2310 1469 2353 Si
1504 2324 1605 2366 ergo
1646 2309 1719 2353 ille

327 2378 522 2421 Christus
546 2386 678 2421 tantae
701 2376 967 2421 excellentiae
991 2378 1121 2421 homo
1140 2381 1271 2431 Deus,
1293 2378 1408 2422 solus
1428 2379 1720 2438 baptizaretur

327 2448 543 2506 baptismo
572 2448 773 2503 Joannis‚
805 2448 912 2507 quid
940 2447 1097 2492 dicturi
1126 2458 1247 2492 erant
1276 2449 1505 2493 homines?
1532 2450 1718 2503 Qualem

324 2518 588 2577 baptismum
608 2518 765 2562 habuit
790 2520 1001 2562 Joannes?
1026 2533 1232 2576 magnum
1255 2519 1521 2578 baptismum
1539 2520 1711 2574 habuit,

376 2610 381 2623 ¹
405 2601 656 2643 M=til1.1n‚14‚
681 2603 730 2634 15.
