1819 3301
286 239 365 275 180
713 244 744 271 s.
782 243 1011 272 Aocus'rim
1048 243 1228 270 EPISCOPI

284 331 303 353 »
340 311 437 355 dico
460 310 610 364 vobis,
646 325 734 353 non
757 311 903 368 jurare
932 307 1110 352 omnino
1128 309 1164 360 ¹,
1195 324 1213 345 »
1255 320 1333 349 cur
1367 302 1565 348 additum
1590 304 1666 357 sit,

283 402 303 425 «
338 389 483 443 Neque
506 398 582 442 per
608 381 794 434 coelum,
824 380 927 439 quia
950 380 1132 422 thronus
1152 377 1228 421 Dei
1250 386 1314 420 est
1336 396 1343 420 :
1373 395 1392 417 »
1420 384 1462 419 et
1484 384 1635 419 caetera
1655 408 1667 429 ,

277 469 416 512 usque
435 451 490 496 ad
513 452 557 496 id
581 451 700 511 quod
719 450 888 494 dietum
910 458 973 492 est
992 468 1000 492 :
1027 468 1046 490 α
1071 450 1223 507 Neque
1246 462 1322 506 per
1341 454 1474 505 eaput
1496 455 1666 490 tuumi»

276 523 418 569 Credo
436 532 679 582 propterea⁷
699 521 801 581 quia
820 534 909 563 non
926 518 1142 578 putabant
1164 520 1188 560 J
1194 517 1305 561 udaei
1325 532 1368 560 se
1394 517 1528 560 teneri
1547 517 1671 575 jure-

271 594 486 653 jurando,
512 593 544 635 si
569 607 646 651 per
674 591 753 634 ista
784 591 999 650 jurassent
1037 608 1046 633 2
1086 597 1130 631 et
1166 588 1373 648 quoniam
1414 585 1668 641 audierant,

282 684 302 706 «
337 663 508 708 Reddes
537 671 683 706 autem
717 661 905 706 Domino
939 658 1249 720 jusjurandum
1278 667 1427 712 tuum,
1461 675 1480 698 »
1514 672 1603 701 non
1629 671 1673 700 se

276 736 492 794 putabant
510 733 696 778 Domino
718 731 876 776 debere
893 729 1203 791 jusjurandum
1221 764 1231 784 ‚
1258 730 1292 773 si
1314 745 1391 789 per
1409 728 1573 773 coelum
1596 736 1673 772 aut

276 814 433 849 terram
454 840 464 860 ‚
491 812 566 848 aut
587 819 662 862 per
684 801 1001 859 Jerosolymam
1018 836 1029 855 ‚
1054 810 1127 844 aut
1149 816 1225 860 per
1249 809 1381 859 caput
1399 814 1527 844 suum
1544 800 1672 859 jura-

278 886 373 920 rent
397 895 405 920 :
426 875 547 935 quod
569 890 659 918 non
686 873 791 918 vitio
814 871 1102 931 praecipientis
1120 906 1130 926 ‚
1156 870 1233 914 sed
1254 870 1338 914 illis
1372 869 1485 914 male
1508 869 1673 913 intelli-

280 946 509 1004 gentibus,
546 944 712 988 factum
745 952 823 986 est.
865 945 1019 1001 Itaque
1051 941 1261 985 Dominus
1297 940 1425 984 docet
1454 938 1563 983 nihil
1584 954 1675 984 esse

279 1026 368 1060 tam
390 1016 474 1059 vile
492 1016 536 1058 in
554 1014 760 1059 creaturis
785 1012 860 1057 Dei
878 1048 888 1067 ,
910 1021 960 1056 ut
981 1027 1058 1071 per
1074 1012 1158 1056 hoc
1179 1012 1363 1072 quisque
1385 1009 1675 1070 pejerandum

281 1087 516 1131 arbitretur
538 1105 546 1130 z
579 1085 756 1146 quando
773 1100 796 1128 a
821 1083 999 1127 summis
1022 1098 1160 1142 usque
1183 1082 1238 1126 ad
1260 1082 1345 1125 ima
1363 1080 1508 1125 divina
1530 1081 1675 1139 provi—

232 1164 248 1177 *
281 1158 428 1201 dentia
451 1166 593 1201 ereata
616 1163 846 1213 regantur,
872 1153 1081 1212 incipiens
1119 1169 1142 1196 a
1174 1153 1331 1196 throno
1355 1151 1432 1194 Dei
1450 1166 1589 1211 usque
1619 1149 1676 1194 ad

280 1227 488 1287 capillum
507 1226 657 1270 album
681 1236 756 1270 aut
773 1226 963 1283 nigrum.
995 1243 1014 1265 «
1040 1226 1189 1283 Neque
1207 1238 1284 1281 per
1303 1221 1464 1266 eoelum
1480 1257 1490 1276 ‚
1511 1221 1671 1281 inquit,

283 1318 303 1340 n
340 1299 444 1358 quia
466 1299 649 1342 thronus
670 1296 747 1340 Dei
778 1304 841 1339 cst
862 1316 872 1352 3
904 1309 1048 1354 neque
1068 1309 1144 1353 per
1167 1303 1326 1336 terram
1346 1328 1355 1347 ,
1381 1292 1483 1351 quia
1508 1291 1678 1336 scabel-

284 1388 304 1411 »
340 1370 433 1413 lum
456 1369 619 1428 pedum
641 1368 732 1427 ejus
755 1376 818 1410 est
837 1385 846 1411 :
862 1384 881 1406 »
898 1365 942 1409 id
966 1374 1049 1419 est,
1073 1379 1172 1408 cum
1187 1365 1306 1423 juras
1320 1379 1396 1423 per
1419 1362 1583 1407 coelum
1602 1371 1678 1406 aut

283 1450 458 1495 terram7
479 1456 567 1483 non
595 1448 636 1483 te
652 1436 870 1481 arbitreris
885 1452 973 1480 non
991 1435 1151 1479 debere
1170 1435 1356 1479 Domino
1369 1424 1692 1494 jusjurandum·

287 1522 408 1554 tuum
427 1531 438 1567 3
491 1509 592 1570 quia
629 1524 706 1567 per
726 1523 843 1550 -eum
877 1508 1024 1566 jurare
1057 1505 1324 1549 convinceris
1354 1506 1476 1564 cujus
1515 1503 1678 1548 coelum

286 1584 469 1626 thronus
492 1590 556 1624 est
573 1615 584 1635 ‚
609 1589 649 1624 et
671 1571 795 1639 cujus
813 1577 1054 1622 scabellum
1077 1587 1190 1621 terra
1207 1586 1284 1620 est.
1309 1579 1494 1635 «Neque
1509 1590 1585 1634 per
1605 1578 1680 1619 Je-

288 1670 307 1693 »
344 1651 606 1708 rosolymam
628 1684 639 1704 ,
661 1649 763 1708 quia
779 1648 927 1692 civitas
945 1656 1008 1690 est
1024 1647 1170 1705 magni
1190 1646 1321 1704 regis:
1346 1644 1533 1688 »melius
1546 1659 1679 1704 quam

285 1723 320 1766 si
340 1721 528 1775 diceret,
568 1735 692 1775 mea3
717 1733 818 1762 cum
839 1727 986 1761 tamen
1014 1717 1097 1760 hoc
1125 1715 1278 1760 dixisse
1313 1715 1594 1773 intelligatur.
1622 1717 1680 1759 Et

286 1794 388 1852 quia
408 1794 497 1852 ipse
512 1792 663 1849 utique
677 1789 886 1833 Dominus
905 1797 968 1831 est
983 1822 994 1842 ‚
1012 1787 1198 1831 Domino
1207 1785 1515 1846 jusjurandum
1529 1785 1677 1840 debet,

287 1864 364 1923 qui
382 1878 459 1921 per
473 1865 496 1905 J
501 1859 790 1917 erosolymam
811 1859 942 1918 jurat.
969 1877 989 1899 «
1010 1859 1160 1917 Neque
1180 1872 1256 1916 per
1273 1866 1403 1915 caput
1420 1865 1545 1900 tuum
1558 1857 1681 1915 jura-

291 1952 312 1974 »
348 1934 473 1977 veris.
497 1954 512 1974 »
531 1931 643 1985 Quid
656 1931 773 1974 enim
789 1938 957 1988 poterat
976 1929 1160 1988 quisque
1177 1928 1314 1986 magis
1333 1928 1387 1971 ad
1402 1944 1446 1972 se
1465 1928 1682 1987 pertinere

292 2002 490 2047 arbitrari
509 2037 519 2056 ‚
545 2015 676 2061 quam
697 2009 828 2058 caput
849 2000 1008 2043 suum?
1035 1999 1115 2043 Sed
1143 1998 1363 2058 quomodo
1378 2008 1576 2042 nostrum
1599 2007 1679 2052 est,

293 2074 371 2116 ubi
401 2081 658 2132 potestatem
691 2069 878 2114 faciendi
902 2069 1030 2112 unius
1056 2067 1200 2127 capilli
1230 2067 1318 2111 albi
1348 2078 1422 2112 aut
1449 2069 1562 2126 nigri
1593 2083 1684 2112 non

293 2143 536 2186 habemus?
560 2144 674 2198 Ergo
700 2143 790 2184 Deo
814 2138 946 2182 debet
973 2137 1279 2199 jusjurandum
1306 2137 1588 2182 ineffabiliter
1616 2147 1683 2182 te-

248 2262 253 2265 ,
297 2213 419 2257 nenti
441 2212 608 2267 omnia,
639 2220 683 2254 et
702 2209 867 2269 ubique
883 2209 1110 2268 praesenti,
1136 2208 1330 2268 quisquis
1352 2209 1481 2252 etiam
1511 2224 1588 2263 per
1609 2223 1684 2252 ca-

300 2292 381 2342 put
401 2298 528 2326 suum
545 2283 692 2342 jurare
711 2279 899 2324 voluerit
919 2297 928 2323 :
955 2287 998 2322 et
1013 2279 1083 2322 hic
1103 2278 1232 2321 etiam
1255 2287 1410 2322 caetera
1429 2278 1686 2337 intelligun-

304 2361 400 2408 tur,
435 2368 535 2412 quae
568 2350 713 2394 omnia
743 2349 898 2407 utique
932 2347 1018 2391 dici
1049 2363 1139 2391 non
1170 2357 1396 2406 poterant,
1431 2349 1542 2392 sicut
1574 2347 1686 2391 illud

306 2420 735 2466 commemoravimus
753 2418 921 2461 dicum
935 2418 990 2460 ab
1011 2408 1220 2475 Apostolo
1236 2436 1244 2461 ι
1261 2436 1281 2459 «
1298 2416 1504 2470 Quotidie
1525 2417 1689 2462 morior

311 2511 328 2531 η
366 2507 440 2550 por
463 2500 646 2534 vestram
668 2488 898 2547 gloriam.»
916 2489 1053 2540 Quam
1073 2487 1338 2545 jurationem
1358 2497 1408 2531 ut
1431 2487 1615 2532 Domino
1644 2501 1689 2531 se

359 2582 363 2593 ¹
393 2574 498 2604 matth
528 2586 555 2612 vs
578 2573 629 2613 34.
