1819 3301
390 254 432 278 m
467 250 643 280 JOARNIS
675 249 985 289 EVANGEHUM,
1020 250 1166 278 TRACT.
1205 255 1244 279 v.
1425 242 1510 281 449

128 317 343 362 clamabat
364 317 597 376 Apostolus
615 353 625 373 ,
653 333 753 362 cum
788 318 955 362 videret
982 318 1179 362 homines
1212 318 1403 363 volentes
1432 335 1512 378 po-

126 403 229 431 nere
256 402 376 446 spem
398 387 445 430 in
466 403 509 431 se
527 388 618 447 ipso
642 408 649 432 :
675 407 693 430 «
712 387 933 447 Numquid
952 387 1112 431 Paulus
1133 403 1212 447 pro
1234 388 1354 432 vobis
1371 389 1512 432 cruci-

130 475 150 497 »
174 459 283 501 fixus
298 467 377 510 est,
393 457 523 501 autin
538 458 713 501 nomine
727 458 849 502 Pauli
862 458 1065 517 baptizati
1082 459 1181 502 estis
1193 460 1203 482 ¹
1215 460 1256 499 ‘?»
1280 460 1516 517 Baptizavit

127 544 230 587 ergo
262 527 421 572 Paulus
450 537 662 588 tanquam
693 529 912 584 minister,
948 545 1037 573 non
1073 538 1279 591 tanquam
1314 529 1404 589 ipsa
1433 545 1513 589 po-

127 609 256 645 testas
289 618 298 643 1
324 598 560 658 baptizavit
590 607 735 642 autem
757 599 966 643 Dominus
984 608 1190 659 tanquam
1214 609 1415 659 potestas.
1444 602 1520 645 In-

129 668 309 714 tendite.
340 672 397 712 Et
419 669 562 728 potuit
588 670 702 713 hanc
722 678 978 728 potestatem
1001 670 1129 714 servis
1151 669 1276 725 dare,
1298 680 1341 714 et
1358 670 1516 715 noluit.

132 740 175 784 Si
196 739 313 783 enim
335 738 458 782 daret
479 739 592 782 hane
614 747 874 797 potestatem
896 739 1048 793 servis,
1075 739 1121 782 id
1143 749 1227 795 est,
1253 749 1303 784 ut
1323 741 1517 799 ipsorum

129 819 239 854 esset
261 809 380 869 quod
401 809 575 854 Domini
598 818 710 864 erat,
736 818 802 853 tot
833 819 972 853 essent
999 809 1200 869 baptismi
1238 821 1346 870 quot
1382 821 1523 856 essent

130 881 239 925 servi
264 899 273 925 :
304 889 354 924 ut
376 879 600 939 quomodo
623 879 787 924 dictum
821 888 884 923 est
915 879 1128 938 baptisma
1150 881 1348 935 Joannis,
1374 882 1433 925 sic
1456 881 1526 925 di-

130 961 301 996 ceretur
324 950 540 1010 baptisma
564 950 707 1005 Petri,
735 949 794 994 sic
817 950 1029 1009 baptisma
1055 950 1202 1006 Pauli,
1229 951 1287 995 sie
1310 952 1523 1011 baptisma

138 1022 312 1076 Jacobi,
337 1021 551 1079 baptisma
578 1021 776 1075 Thomae,
809 1020 1026 1074 Matthaei,
1054 1020 1358 1065 Bartholomaei
1386 1020 1528 1066 :illud

140 1092 256 1135 enim
270 1091 484 1149 baptisma
497 1091 674 1134 Joannis
697 1090 862 1133 dictum
884 1098 961 1133 est.
991 1091 1073 1134 Sed
1098 1089 1208 1134 sorte
1231 1089 1384 1149 aliquis
1401 1091 1529 1135 resis-

132 1162 209 1216 tit,
245 1170 287 1204 et
320 1161 426 1204 <licit
463 1179 473 1205 a
505 1161 646 1203 Proba
674 1160 799 1203 nobis
829 1160 931 1219 quia
964 1158 1074 1202 illud
1107 1161 1317 1219 baptisma
1349 1161 1527 1205 Joannis

133 1231 302 1276 dictum
329 1239 408 1274 est.
443 1230 668 1284 Probaho,
695 1231 786 1288 ipsa
808 1229 989 1273 veritate
1021 1228 1214 1284 dicente,
1252 1230 1429 1289 quando
1464 1231 1533 1274 in-

133 1302 367 1361 terrogavit
381 1304 405 1345 J
412 1301 557 1345 udaeos
576 1320 584 1345 :
608 1320 627 1341 «
643 1301 861 1359 Baptisma
874 1299 1052 1343 Joannis
1077 1298 1194 1342 unde
1216 1301 1306 1344 est?
1324 1299 1378 1343 de
1395 1299 1525 1355 coelo,

137 1390 157 1414 »
194 1389 249 1416 an
271 1388 319 1415 ex
342 1370 595 1415 hominibus
619 1371 669 1410 2?
693 1387 713 1410 »
746 1372 862 1427 Ergo
885 1383 940 1411 ne
963 1377 1028 1411 tot
1050 1369 1309 1427 baptismata
1331 1369 1531 1413 diceren-

134 1452 220 1496 tur,
258 1452 368 1501 quot
400 1449 541 1484 essent
577 1440 686 1484 servi
714 1439 790 1498 qui
820 1438 1091 1497 baptizarent
1123 1448 1296 1497 accepta
1319 1448 1530 1498 potestate

135 1530 157 1558 a
182 1514 367 1558 Domino
391 1533 401 1569 3
433 1511 515 1555 sibi
542 1511 682 1554 tenuit
705 1509 916 1553 Dominus
948 1507 1197 1567 baptizandi
1236 1518 1494 1568 potestatem
1513 1544 1525 1565 ,

135 1585 265 1629 servis
294 1582 580 1626 ministerium
605 1580 749 1624 dedit.>
772 1579 879 1622 Dicit
907 1594 949 1622 se
979 1594 1125 1623 servus
1146 1579 1388 1638 baptizare,
1412 1589 1528 1624 reete

137 1654 257 1707 dicit,
283 1654 394 1697 sieut
408 1650 640 1712 Apostolus
658 1650 761 1694 dicit
781 1669 789 1694 :
812 1649 1054 1708 «Baptizavi
1073 1658 1217 1693 autem
1236 1659 1278 1693 et
1295 1651 1526 1708 Stephanae

139 1744 159 1766 »
185 1725 364 1769 domum
378 1725 392 1749 3
411 1743 419 1768 z
441 1741 461 1764 »
483 1722 557 1767 sed
578 1731 781 1781 tanquam
804 1720 1011 1763 minister.
1038 1719 1142 1764 Ideo
1164 1721 1197 1763 si
1219 1721 1272 1764 sit
1290 1729 1333 1763 et
1357 1720 1495 1764 malus
1511 1754 1522 1775 ,

137 1805 179 1840 et
210 1795 434 1852 contingat
456 1793 517 1837 illi
542 1793 704 1836 habere
726 1790 1013 1834 ministerium
1030 1825 1040 1844 ,
1066 1799 1108 1834 et
1130 1791 1164 1834 si
1195 1805 1295 1834 eum
1328 1789 1525 1834 homines

137 1882 226 1910 non
249 1873 428 1918 norunt,
455 1872 498 1907 et
520 1866 633 1907 Deus
655 1875 755 1904 eum
776 1860 897 1904 novit
920 1878 928 1903 :
946 1860 1158 1918 permittit
1179 1863 1293 1903 Deus
1316 1859 1525 1918 baptizari

137 1951 214 1994 per
235 1950 357 1987 eum,
382 1933 457 1992 qui
481 1933 559 1977 sibi
581 1931 723 1976 tenuit
745 1938 1018 1988 potestatem.

197 2008 320 2049 VIII.
342 2007 433 2048 Hoc
450 2012 596 2046 autem
617 2004 804 2045 Joannes
826 2015 915 2043 non
937 2006 1117 2042 noverat
1132 1998 1177 2040 in
1194 1998 1393 2060 Domino.
1412 1999 1524 2052 Quia

141 2075 349 2120 Dominus
372 2081 487 2127 erat,
521 2079 701 2116 noverat
726 2088 734 2113 :
763 2069 863 2128 quia
886 2068 939 2112 ab
961 2068 1054 2127 ipso
1076 2067 1265 2111 debebat
1285 2068 1520 2126 baptizari,

139 2153 317 2190 noverat
338 2164 346 2188 :
368 2152 411 2188 et
430 2142 651 2187 consessus
672 2149 757 2194 est,
783 2138 885 2199 quia
902 2138 1055 2182 veritas
1071 2146 1161 2181 erat
1182 2137 1276 2192 ille,
1303 2146 1345 2181 et
1361 2137 1433 2181 ille
1453 2154 1525 2183 ve-

141 2231 215 2259 rax
236 2215 388 2258 missus
411 2230 434 2257 a
455 2212 635 2257 veritate
663 2226 672 2251 ι
700 2211 783 2254 hoc
806 2216 998 2252 noverat.
1035 2207 1118 2251 Sed
1150 2207 1257 2266 quid
1283 2207 1327 2250 in
1356 2222 1406 2252 eo
1434 2224 1525 2253 non

141 2286 355 2331 noverat?
379 2283 490 2336 Quia
515 2282 595 2325 sibi
618 2289 863 2325 retenturus
883 2286 973 2321 erat
1001 2277 1270 2335 baptismatis
1292 2277 1358 2321 sui
1381 2287 1527 2336 potes-

145 2365 301 2410 tatem,
337 2364 379 2398 et
405 2368 494 2397 non
516 2367 610 2395 eam
632 2349 956 2394 transmissurus
986 2355 1029 2390 et
1053 2346 1337 2390 translaturus
1367 2347 1413 2390 in
1446 2347 1526 2392 ali-

144 2443 274 2487 quem
308 2439 479 2470 servum
515 2441 524 2467 t
555 2421 630 2465 sed
663 2420 750 2465 sive
780 2419 1016 2477 baptizaret
1040 2417 1085 2459 in
1111 2416 1346 2462 ministerio
1379 2433 1526 2463 servus

195 2528 204 2545 ¹
233 2533 243 2552 1
267 2522 338 2553 Cor.
356 2530 379 2560 1,
406 2518 458 2551 ιδ.
477 2533 519 2541 ‹-
540 2523 551 2539 2
566 2513 763 2555 Mattl1.xxi‚
782 2512 836 2545 25.
857 2528 896 2534 —
917 2509 930 2534 3
953 2523 964 2543 1
987 2513 1058 2543 Cor.
1078 2522 1103 2552 1,
1130 2512 1180 2543 16.

362 2595 483 2626 cxxl.
1342 2578 1394 2617 29
