1819 3301
430 333 568 358 sEnMO
600 332 757 358 nomm
790 333 834 358 IN
868 332 1042 369 MONTE,
1078 333 1159 358 Lm.
1197 334 1226 358 1.
1433 325 1508 361 181

131 395 293 440 debere
329 394 576 439 ostenderet
596 429 606 450 ‚
643 394 810 439 addidit
828 430 838 450 ,
881 413 900 437 «
929 399 1066 448 Quam
1093 394 1235 439 habeo
1270 395 1316 439 in
1344 397 1516 442 Christo

132 483 153 507 ))
189 467 306 509 Jesu.
336 482 356 505 ))
612 502 616 507 ,

188 538 308 579 LIII.
337 537 648 579 Verumtamen
670 544 847 593 propter
869 535 1061 579 carnales
1083 535 1180 579 dico
1198 569 1209 591 ‚
1233 550 1323 580 non
1345 545 1517 595 oportet

130 606 295 665 opinari
317 604 437 665 quod
454 604 620 649 dictum
642 613 704 648 est
725 604 888 648 coelum
910 606 1094 649 thronus
1117 606 1209 660 Dei,
1230 614 1274 649 et
1290 614 1404 650 terra
1424 621 1517 651 sca-

129 675 296 719 bellum
319 675 482 734 pedum
499 675 604 734 ejus,
625 673 745 734 quod
767 675 825 718 sic
847 674 1006 718 habeat
1020 678 1133 719 Deus
1155 674 1363 720 collocata
1381 691 1518 720 mem-

129 746 207 790 bra
235 746 280 789 in
312 745 425 789 coelo
456 754 499 789 et
527 745 571 789 in
591 754 703 789 terra
722 780 733 800 ,
758 754 808 788 ut
838 760 916 789 nos
946 760 1046 788 cum
1072 746 1271 790 sedemus
1298 765 1307 791 :
1339 746 1414 790 sed
1443 746 1516 791 illa

128 815 248 860 sedes
269 816 483 876 judicium
511 816 726 875 significat
759 835 766 860 ε
800 825 843 860 et
871 817 1079 876 quoniam
1120 817 1165 862 in
1199 818 1282 861 hoc
1314 818 1516 862 universo

127 887 280 932 mundi
298 903 478 947 corpore
494 888 724 931 maximam
742 887 929 948 speciem
946 887 1109 931 coelum
1131 888 1291 932 habeat
1307 923 1317 943 ‚
1340 897 1382 931 et
1399 897 1516 933 terra

127 958 378 1014 minimam3
411 967 617 1018 tanquam
642 958 895 1016 praesentior
927 958 979 1001 sit
1017 956 1242 1002 excellenti
1266 957 1513 1017 pulchritu-

124 1029 215 1072 dini
237 1029 300 1072 vis
330 1028 474 1072 divina
493 1063 503 1082 ,
530 1028 751 1071 minimam
773 1043 875 1071 vero
898 1028 1070 1071 ordinet
1094 1029 1138 1070 in
1157 1029 1355 1072 extremis
1378 1038 1510 1089 atque

127 1100 172 1143 in
193 1100 370 1154 infimis,
395 1099 544 1142 sedere
566 1099 611 1141 in
633 1098 747 1143 coelo
766 1099 923 1142 dicitur
940 1108 1186 1158 terramque
1210 1098 1390 1143 calcare.
1423 1100 1515 1159 Spi-

128 1170 306 1214 ritaliter
337 1179 481 1214 autem
511 1178 679 1213 sanctas
713 1170 876 1213 animas
904 1169 1003 1213 coeli
1027 1185 1186 1213 nomen
1209 1170 1447 1226 significat3
1472 1179 1516 1214 et

128 1251 253 1285 terrae
274 1275 284 1295 ,
316 1240 577 1300 peccatrices
606 1259 615 1284 :
652 1249 695 1283 et
723 1240 941 1299 quoniam*
961 1239 1161 1297 spiritalis
1185 1241 1329 1283 omnia
1347 1239 1517 1299 judicat

127 1312 217 1371 ipse
235 1321 378 1355 autem
403 1328 425 1355 a
448 1311 879 1370 neminejudicatur¹
902 1346 912 1366 ‚
933 1311 1242 1354 convenienter
1259 1311 1420 1354 dicitur
1449 1327 1516 1355 se-

128 1381 201 1425 des
220 1383 297 1425 Dei
324 1401 331 1426 ;
355 1385 561 1426 Peccator
582 1397 684 1425 vero
709 1381 779 1425 cui
802 1381 966 1425 dictum
989 1391 1052 1424 est
1073 1400 1080 1425 :
1113 1400 1132 1422 «
1160 1384 1288 1424 Terra
1306 1397 1348 1425 es
1367 1416 1377 1436 ,
1406 1391 1448 1425 et
1469 1383 1516 1425 in

130 1471 149 1493 ι)
186 1461 343 1495 terram
362 1452 495 1509 ihis²3
523 1452 622 1510 quia
645 1467 721 1511 per
738 1452 946 1511 justitiam
970 1451 1132 1495 meritis
1162 1451 1292 1509 digna
1315 1452 1513 1497 tribuen-

128 1532 214 1566 tem
232 1557 242 1577 ‚
277 1522 322 1565 in
344 1523 500 1565 infimis
527 1522 778 1576 ordinatur,
805 1531 846 1565 et
869 1523 943 1581 qui
968 1523 1011 1564 in
1034 1521 1126 1580 lege
1148 1538 1322 1565 manere
1344 1522 1510 1578 noluit,

127 1593 207 1637 sul)
224 1593 319 1652 lege
342 1594 537 1653 punitur,
553 1603 844 1652 congruenter
861 1593 1070 1652 accipitur
1092 1592 1328 1637 scabellum
1352 1592 1513 1652 pedum

126 1664 232 1723 ejus.
1479 1676 1487 1681 ·

127 1819 479 1835 mmmM=mnvvv==vvvz
486 1818 621 1834 §mmm
628 1818 763 1833 mnf-A
769 1817 1509 1834 vmrwuwwmmmmmnmmmmmwum

596 1940 813 1987 CAPUT
854 1941 1045 1988 xviii.

186 2074 296 2115 LIV.
322 2074 405 2115 San
421 2073 510 2131 jam
530 2079 578 2115 ut
600 2072 722 2115 istam
740 2086 917 2131 quoque
939 2069 1253 2114 concludamus
1276 2085 1507 2124 summam,

126 2143 231 2203 quid
250 2142 506 2186 laboriosius
529 2152 572 2185 et
594 2142 814 2201 operosius
834 2141 919 2186 dici
946 2151 1021 2185 aut
1043 2141 1222 2199 cogitari
1246 2150 1407 2199 potest,
1433 2141 1510 2183 ubi

126 2228 274 2257 omnes
297 2227 450 2256 nervos
467 2211 690 2255 industriae
705 2227 794 2255 suae
813 2211 981 2255 animus
999 2210 1136 2253 fidelis
1154 2219 1363 2263 exerceat,
1380 2225 1511 2269 quam

124 2284 169 2327 in
192 2283 342 2326 vitiosa
364 2282 680 2326 consuetudine
701 2281 943 2341 superanda
961 2284 978 2325 P
993 2281 1196 2340 praecidat
1219 2280 1412 2324 membra
1430 2281 1512 2323 im-

124 2353 341 2412 pedientia
364 2367 545 2410 regnum
572 2351 812 2406 coelorum,
846 2366 925 2395 nec
943 2350 1092 2394 dolore
1116 2349 1341 2408 frangatur
1368 2369 1376 2393 :
1398 2349 1510 2393 tole-

125 2433 192 2467 ret
213 2423 257 2466 in
280 2421 495 2481 conjugali
518 2421 604 2465 fide
627 2423 767 2466 omnia
785 2457 795 2477 ,
832 2438 930 2481 quae
958 2421 1154 2481 quamvis
1179 2422 1263 2464 sint
1294 2419 1509 2464 molestis-

124 2496 254 2548 sima,
288 2493 452 2537 crimen
489 2502 634 2536 tamen
661 2493 822 2537 illicitae
859 2493 1147 2551 corruptionis
1165 2527 1175 2545 ‚
1201 2490 1245 2534 id
1268 2500 1351 2545 est,
1376 2490 1508 2534 forni-

125 2564 303 2609 cationis
342 2579 430 2608 non
469 2563 632 2607 habent
656 2583 663 2607 :
691 2562 823 2607 veluti
852 2564 884 2607 si
907 2577 1081 2607 uxorem
1107 2562 1290 2621 quisque
1312 2562 1471 2605 habeat
1490 2596 1501 2614 ‚

173 2667 180 2683 ¹
206 2672 216 2691 1
240 2661 311 2691 Cor.
332 2671 366 2699 11,
397 2659 443 2690 15.
468 2677 506 2680 -—
529 2666 539 2681 ²
567 2659 781 2699 Gcn.1u‚1(3.
