1819 3301
439 257 483 283 ιΝ
515 255 690 284 somn-is
722 256 1004 284 EvANGELmM
1027 275 1037 295 ,
1072 258 1218 285 TnAc‘r.
1255 261 1297 287 v.
1489 250 1571 289 453

189 336 370 381 corpore
392 321 609 365 columbae
631 341 639 366 :
666 331 709 365 ct
729 323 764 367 si
779 338 867 366 non
888 338 931 366 es
951 323 997 366 in
1017 338 1198 383 corpore
1220 324 1459 381 columbae,
1484 343 1573 372 non

189 393 434 436 mirandum
449 394 550 452 quia
563 393 883 452 simplicitatem
902 409 990 437 non
1011 395 1160 438 habes.
1182 394 1437 454 Simplicitas
1459 397 1573 441 enim

188 462 372 506 maxime
398 477 474 521 per
495 462 745 506 columbam
768 461 1033 521 designatur.

244 534 347 575 XII.
367 534 509 585 Quare
528 547 603 592 per
618 532 939 591 simplicitatem
956 533 1171 578 columbae
1192 534 1344 579 didicit
1366 537 1572 592 Joannes,

187 602 289 663 quia
322 621 342 644 «
370 603 449 646 Hic
472 612 535 646 est
560 603 635 662 qui
658 603 848 662 baptizat
881 604 927 647 in
965 605 1127 663 Spiritu
1159 608 1324 664 sancto.
1354 624 1382 658 »s
1407 608 1578 650 Fratres

188 674 299 728 mei,
325 674 404 717 nisi
428 674 529 733 quia
554 673 772 718 columbae
790 690 880 718 non
902 684 1026 718 erant
1048 676 1123 735 qui
1141 676 1376 720 Ecclesiam
1399 676 1576 736 dissipa-

186 747 369 789 verunt?
382 745 620 804 Accipitres
635 753 778 800 erant,
802 744 923 790 milvi
936 754 1073 790 erant.
1091 748 1188 791 Non
1201 746 1337 792 laniat
1351 747 1571 792 columba.

187 819 243 859 Et
267 815 385 860 vides
403 815 499 860 illos
521 815 729 860 invidiam
751 817 875 861 nobis
904 817 1070 873 facere,
1095 818 1216 877 quasi
1232 817 1287 862 de
1309 819 1576 878 persecutio-

187 887 316 931 nibus
353 903 460 947 quas
495 887 605 948 passi
649 897 765 931 sunt.
804 888 1060 947 Corporales
1094 888 1272 949 quidem
1306 890 1418 949 passi
1453 890 1577 950 quasi

186 959 504 1018 persecutiones
517 994 527 1013 ,
544 974 644 1002 cum
665 967 804 1003 essent
822 958 990 1017 flagella
1006 959 1180 1004 Domini
1193 959 1418 1015 manifeste
1434 960 1577 1007 dantis

186 1028 457 1088 disciplinam
489 1029 544 1073 ad
576 1038 748 1089 tempus
766 1064 777 1085 ,
805 1045 859 1073 ne
881 1029 1060 1075 damnet
1087 1031 1132 1074 in
1155 1040 1391 1086 aeternum,
1422 1032 1457 1075 si
1481 1047 1577 1076 eam

186 1115 276 1144 non
299 1100 584 1157 cognoverint
602 1134 612 1153 ,
639 1114 771 1159 seque
793 1101 1070 1145 correxerint.
1099 1100 1168 1144 Illi
1189 1116 1289 1145 vere
1307 1116 1578 1161 persequun-

186 1180 258 1214 tur
286 1170 547 1225 Ecclesiam,
581 1171 657 1230 qui
689 1169 799 1214 dolis
826 1180 1150 1230 persequuntur
1175 1191 1184 1216 ε
1217 1171 1280 1214 illi
1308 1173 1477 1230 gravius
1503 1188 1578 1217 cor

185 1241 350 1287 feriunt
370 1277 381 1297 ,
415 1242 490 1301 qui
523 1242 680 1299 linguae
716 1241 861 1300 gladio
900 1240 1064 1285 feriunt
1087 1259 1098 1294 3
1134 1241 1196 1285 illi
1238 1242 1435 1286 acerbius
1480 1259 1579 1288 san-

187 1313 364 1373 guinem
394 1312 611 1367 fundunt,
648 1313 724 1372 qui
753 1312 997 1368 Christum,
1024 1322 1239 1372 quantum
1272 1313 1317 1356 in
1349 1314 1450 1372 ipsis
1482 1324 1574 1371 est,

185 1386 229 1428 in
270 1384 448 1428 homine
492 1383 711 1428 occidunt.
756 1384 978 1428 Perterriti
1018 1384 1223 1428 videntur
1261 1385 1382 1444 quasi
1410 1385 1577 1444 judicio

184 1464 465 1515 potestatum.
489 1455 599 1508 Quid
618 1455 698 1498 tibi
720 1454 823 1498 facit
840 1463 1028 1514 potestas
1051 1454 1085 1498 si
1099 1455 1263 1510 bonus,
1284 1455 1413 1499 esPSi
1427 1464 1576 1499 autem

184 1526 323 1570 malus
346 1542 411 1580 es,
448 1527 550 1570 time
572 1534 831 1584 potestatem
854 1545 862 1571 :
894 1544 913 1567 «
938 1528 1035 1570 Non
1058 1526 1173 1569 enim
1201 1524 1360 1570 frustra
1384 1525 1576 1584 gladium

185 1617 206 1639 »
242 1599 410 1657 portat¹
432 1633 442 1653 ,
467 1616 485 1638 »
505 1596 608 1640 dicit
623 1594 871 1655 Apostolus.
895 1598 1038 1639 Tuum
1057 1595 1249 1654 gladium
1266 1595 1356 1640 noli
1372 1595 1574 1653 educere,

135 1692 140 1701 ι
183 1684 272 1727 quo
295 1668 481 1726 percutis
514 1667 751 1711 Christum.
777 1665 1049 1722 Christiane,
1082 1665 1190 1726 quid
1220 1675 1269 1710 tu
1306 1667 1576 1727 persequeris

182 1740 227 1783 in
250 1740 524 1784 Christiano?
549 1738 656 1798 quid
678 1738 723 1781 in
741 1747 782 1782 te
804 1746 1057 1797 persecutus
1086 1747 1149 1781 est
1179 1738 1445 1796 imperator?
1467 1740 1576 1783 Car-

184 1825 283 1853 nem
308 1817 559 1868 persecutus
588 1816 651 1852 est
667 1843 677 1859 ,,
694 1825 698 1829 ·
714 1816 762 1850 tu
786 1808 830 1851 in
853 1807 1100 1852 Christiano
1126 1808 1326 1866 spiritum
1348 1824 1577 1868 perseque-

183 1880 253 1922 ris.
280 1882 377 1924 Non
400 1878 558 1923 occidis
585 1887 630 1921 tu
653 1892 842 1921 carnem.
861 1880 917 1921 Et
941 1887 1090 1921 tamen
1112 1893 1192 1922 nec
1214 1878 1333 1922 carni
1354 1888 1541 1937 parcunt
1564 1898 1574 1924 :

184 1958 660 2011 quotquotpotuerunt
682 1947 892 1992 caedendo
928 1957 1228 2007 necaverunt,
1263 1964 1343 1994 nec
1379 1950 1466 1993 suis
1496 1965 1577 1996 nec

184 2021 332 2066 alienis
369 2028 673 2079 pepercerunt.
700 2022 865 2064 Notum
895 2028 958 2063 est
989 2020 1073 2064 hoc
1111 2020 1331 2064 omnibus.
1359 2020 1577 2065 Invidiosa

185 2102 249 2137 est
275 2101 463 2151 potestas
482 2127 491 2145 ,
519 2091 620 2151 quia
642 2091 836 2149 legitima
854 2099 918 2135 est
944 2109 953 2136 :
977 2089 1186 2141 invidiose
1214 2090 1345 2146 facit,
1377 2092 1453 2151 qui
1479 2093 1577 2152 jure

185 2164 287 2209 facit
313 2185 322 2220 3
347 2164 438 2207 sinc
460 2162 622 2206 invidia
644 2161 747 2207 facit
769 2197 779 2217 ,
805 2163 881 2222 qui
901 2171 1059 2221 practer
1082 2162 1197 2221 leges
1222 2161 1340 2207 facit.
1366 2163 1579 2209 Attendat

185 2236 488 2295 unusquisque
510 2244 699 2278 vestrum
718 2270 728 2290 ,
750 2233 903 2278 fratres
925 2234 1010 2277 mei
1030 2269 1041 2289 ,
1061 2233 1169 2294 quid
1191 2233 1351 2278 habeat
1372 2226 1578 2280 Christia-

185 2323 283 2351 nus.
311 2307 435 2359 Quod
453 2307 584 2350 homo
607 2315 693 2360 est,
719 2320 950 2350 commune
968 2320 1067 2349 cum
1090 2304 1238 2349 multis
1261 2323 1270 2350 ε
1296 2305 1415 2364 quod
1432 2305 1579 2350 Chris-

187 2378 329 2421 tianus
352 2386 436 2430 est,
462 2377 698 2421 secernitur
721 2392 744 2420 a
775 2376 950 2433 multis,
976 2384 1019 2419 et
1049 2375 1147 2435 plus
1170 2376 1223 2419 ad
1246 2375 1368 2435 illum
1391 2376 1580 2435 pertinet

187 2448 307 2508 quod
334 2448 632 2502 Christianus,
660 2464 792 2508 quam
827 2447 946 2507 quod
969 2448 1117 2492 homo.
1148 2450 1256 2492 Nam
1287 2447 1407 2507 quod
1429 2448 1577 2493 Chris-

188 2521 332 2563 tianus
350 2554 360 2573 ,
388 2529 618 2563 renovatur
641 2519 695 2562 ad
725 2519 957 2576 imaginem
979 2519 1055 2562 Dei
1072 2522 1088 2543 ‘²
1103 2553 1113 2573 ,
1139 2534 1162 2561 a
1184 2533 1272 2578 quo
1290 2519 1422 2563 homo
1443 2518 1583 2562 factus

239 2612 244 2626 ¹
270 2607 355 2635 nom.
383 2603 554 2642 x111,'3.—
576 2604 711 2633 ⁷13s=¹o·==
747 2617 794 2642 ιιι,
821 2615 869 2634 ιο.
