1819 3301
283 294 336 319 DE
367 290 577 320 consi-:risu
609 288 1019 328 EVANGELlsTARUM,
1054 290 1137 316 Lm.
1173 290 1237 315 111.
1392 278 1448 315 99

71 358 311 415 dragesimo
353 356 514 400 scilicet
558 355 628 399 die
676 365 774 416 post
816 355 931 399 diem
973 354 1296 399 resurrectionis
1340 355 1448 412 ejus.

129 429 374 471 LXXVIII.
401 429 588 470 Joannes
611 435 778 481 autem,
814 426 1009 486 quamvis
1029 424 1215 469 fateatur
1242 422 1382 467 multa
1409 438 1452 466 se

71 497 388 556 praetermisisse
409 511 508 555 quae
542 495 646 539 feeit
667 498 789 539 Jesus
808 497 818 519 ¹
836 530 847 549 ,
883 495 1022 540 voluit
1042 504 1189 539 tamen
1211 494 1339 537 etiam
1362 501 1452 536 ter-

71 567 176 609 tiam
190 567 279 624 ejus
294 565 716 624 repraesentationem
731 564 962 622 Discipulis
980 573 1075 623 post
1095 562 1450 607 resurrectionem

72 634 229 680 factam
253 650 590 679 commemorare
608 633 662 677 ad
684 649 802 676 mare
826 633 1062 677 Tiberiadis
1082 669 1092 688 ,
1113 642 1277 692 septem
1293 632 1455 676 scilicet

72 704 297 763 Discipulis
318 740 327 758 ‚
356 708 503 759 Petro,
538 704 716 748 Thomas
736 738 746 753 „
777 701 1054 757 Nathanaeli⁷
1091 703 1204 746 filius
1227 700 1447 756 Zebedaei,

74 783 116 818 et
145 774 235 818 aliis
257 775 428 818 duobus
456 789 564 833 quos
586 772 841 817 nominatim
865 788 954 816 non
976 773 1181 832 expressit
1198 808 1208 827 ‚
1244 789 1343 817 cum
1368 772 1455 832 pis-

74 853 301 900 carentur3
339 843 515 903 quando
547 844 668 903 jussu
701 843 792 902 ejus
811 842 915 885 retia
937 842 1157 886 mittentes
1177 843 1222 885 in
1259 841 1454 886 dextram

74 924 255 973 partem,
277 923 551 972 extraxerunt
570 928 749 972 magnos
770 913 905 972 pisces
922 921 1098 956 centum
1116 912 1455 972 quinquaginta-

75 993 160 1028 tres
178 1001 188 1034 3
213 983 388 1043 quando
410 984 539 1026 etiam
562 986 738 1026 Petrum
760 992 826 1025 tei·
846 981 1125 1039 interrogavit
1141 991 1289 1025 utrum
1311 982 1364 1025 ab
1382 981 1457 1026 illo

77 1064 293 1098 amaretur
311 1090 321 1108 ‚
346 1064 388 1097 et
409 1055 446 1097 ei
469 1054 702 1112 pascendas
730 1052 1050 1097 commendavit
1072 1068 1170 1096 oves
1193 1069 1288 1096 suas
1307 1088 1316 1107 ,
1343 1063 1385 1097 et
1402 1054 1457 1097 de

77 1127 167 1184 ejus
187 1125 319 1184 ipsius
343 1125 536 1183 passione
559 1124 783 1182 praedixit,
806 1133 849 1166 et
870 1123 924 1166 de
945 1123 1037 1181 ipso
1055 1125 1222 1166 Joanne
1245 1124 1325 1167 ait:
1347 1143 1366 1165 «
1388 1124 1454 1168 Sic

82 1211 228 1238 »eum
259 1194 357 1239 volo
395 1210 568 1238 manere
601 1195 740 1238 donee
781 1193 967 1236 veniam.
999 1212 1016 1231 υ
1045 1193 1110 1235 Ad
1148 1193 1230 1236 hoc
1272 1196 1460 1237 Joannes

79 1265 364 1324 Evangelium
387 1281 515 1310 suum
533 1265 792 1309 terminavit.

140 1338 337 1380 LXXIX.
361 1339 456 1380 Jam
480 1351 598 1379 nunc
618 1333 902 1394 quaerendum
939 1343 1002 1377 est
1022 1368 1032 1387 ‚
1068 1333 1246 1393 quando
1275 1333 1463 1391 primum

81 1408 195 1452 visus
216 1408 268 1451 sit
296 1424 318 1451 a
340 1407 563 1466 Discipulis
591 1407 635 1449 in
659 1406 833 1450 Galilaea
851 1426 862 1462 ς
882 1399 982 1464 quia
1015 1415 1058 1448 et
1080 1406 1163 1448 hoc
1187 1404 1310 1463 quod
1334 1404 1463 1447 tertio

83 1488 227 1522 narrat
258 1481 444 1522 Joannes
465 1512 474 1528 ‚
502 1477 547 1520 in
577 1475 750 1520 Galilaea
778 1475 941 1518 lactum
963 1484 1026 1518 est
1049 1476 1101 1518 ad
1125 1490 1241 1518 mare
1269 1474 1465 1517 Tiberia—

83 1550 149 1593 dis
181 1568 189 1593 :
220 1547 339 1608 quod
377 1547 500 1592 facile
532 1547 650 1592 videt
685 1548 761 1606 qui
792 1546 943 1590 recolit
976 1546 1086 1589 illud
1123 1545 1381 1589 miraculum
1411 1545 1466 1587 de

84 1621 279 1681 quinque
313 1620 523 1678 panibus,
556 1618 675 1677 quod
709 1619 767 1661 ita
795 1632 968 1660 narrare
1001 1616 1153 1674 incipit
1182 1616 1295 1659 idem
1330 1618 1467 1658 Joan-

85 1707 160 1735 nes
187 1711 196 1735 :
225 1710 243 1731 «
272 1694 374 1734 Post
400 1691 493 1733 haec
524 1689 629 1732 abiit
645 1691 767 1731 Jesus
784 1697 899 1731 trans
923 1702 1039 1729 mare
1062 1685 1251 1730 Galilaeae
1269 1684 1389 1744 quod
1405 1694 1469 1727 est

88 1779 108 1802 »
128 1759 364 1804 Tiberiadis
378 1763 439 1802 2.»
461 1759 543 1802 Ubi
556 1768 698 1802 autem
719 1757 858 1816 putari
872 1765 1013 1814 potest
1032 1756 1215 1813 primum
1232 1771 1252 1797 a
1268 1754 1468 1812 Discipu-

86 1831 136 1874 lis
159 1840 255 1889 post
278 1829 634 1873 resurrectionem
650 1827 784 1871 videri
803 1826 1017 1877 debuisse,
1035 1825 1114 1867 nisi
1139 1825 1181 1867 in
1205 1823 1415 1867 Galilaea?
1436 1823 1470 1865 si

89 1902 334 1945 recolantur
354 1900 483 1944 verba
504 1898 618 1942 illius
640 1897 793 1954 Angeli
813 1932 823 1949 ‚
849 1897 924 1955 qui
947 1897 1188 1939 secundum
1212 1895 1469 1938 Matthaeum

89 1971 364 2016 venientibus
403 1971 456 2013 ad
491 1977 825 2012 monumentum
856 1966 1112 2009 mulieribus
1146 1966 1203 2008 ita
1238 1964 1434 2023 loquitur
1461 1982 1469 2006 ε

95 2060 114 2083 «
138 2041 282 2087 Nolite
298 2041 450 2084 timere
471 2055 569 2092 vos⁷
592 2039 679 2082 scio
702 2038 815 2080 enim
842 2035 962 2095 quod
981 2038 1126 2078 Jesum
1145 2035 1220 2093 qui
1243 2033 1472 2077 crucifixus

95 2131 115 2153 »
141 2121 204 2155 est
222 2111 414 2171 quaeritis
435 2129 443 2153 :
469 2125 557 2153 non
575 2117 638 2151 est
658 2108 745 2160 hic,
767 2107 950 2150 surrexit
972 2105 1085 2148 enim
1109 2104 1218 2148 sicut
1241 2103 1346 2146 dixit
1370 2122 1378 2147 2
1401 2117 1474 2146 ve-

97 2200 116 2223 »
147 2182 258 2236 nite,
284 2190 327 2225 et
346 2179 491 2224 videte
506 2179 652 2222 locum
674 2178 746 2221 ubi
767 2177 930 2236 positus
948 2185 1038 2219 erat
1062 2175 1267 2218 Dominus
1294 2193 1302 2217 ε
1323 2182 1366 2217 et
1387 2173 1474 2216 cito

97 2270 117 2292 »
144 2260 294 2294 euntes
316 2249 445 2293 dicite
462 2247 689 2307 Discipulis
706 2249 797 2306 ejus
813 2246 914 2305 quia
937 2245 1118 2289 surrexit
1139 2264 1146 2287 :
1174 2253 1216 2287 et
1238 2258 1338 2287 ecce
1358 2258 1474 2301 prae-

98 2341 117 2364 »
143 2320 259 2366 cedit
279 2336 355 2365 vos
377 2321 422 2363 in
440 2318 659 2363 Galilaeam
676 2353 686 2371 ,
709 2317 784 2360 ubi
802 2331 899 2359 eum
924 2314 1124 2359 videbitis
1143 2349 1152 2367 ,
1177 2328 1274 2356 ecce
1294 2312 1379 2355 dixi
1398 2327 1478 2355 vo-

99 2410 119 2432 »
145 2391 256 2435 bis³.
293 2408 311 2430 »
342 2391 451 2433 Item
489 2387 727 2432 secundum
749 2389 944 2430 Marcum
983 2384 1070 2427 sive
1091 2383 1178 2442 ipse
1212 2382 1265 2425 sit
1287 2381 1476 2438 Angelus

97 2461 184 2505 sive
207 2459 313 2503 alius
332 2493 342 2513 ‚
367 2477 385 2499 «
406 2457 548 2503 Nolite
566 2492 576 2510 .,
601 2457 746 2516 inquit
760 2490 770 2510 ‚
802 2469 1102 2512 expavescere,
1122 2455 1267 2496 Jesum
1286 2450 1477 2509 quaeritis

101 2547 122 2571 n
146 2530 414 2574 Nazarenum
432 2526 682 2572 crucifixum
699 2558 710 2579 ,
730 2524 937 2569 surrexit:
964 2537 1051 2566 non
1075 2530 1140 2565 est
1160 2521 1231 2564 hic
1258 2537 1267 2564 ς
1289 2533 1388 2563 ecce
1409 2519 1478 2562 lo-

152 2620 159 2638 ¹
181 2615 260 2645 Joan
296 2611 421 2652 »εκ-1125
459 2625 497 2634 —·-·
514 2611 651 2650 ²1d.v1,
676 2619 702 2641 ι,
724 2622 765 2631 -·
786 2606 800 2631 3
821 2605 932 2639 Matth.
956 2615 1067 2640 xxviii,
1083 2603 1160 2645 5-7.

1253 2657 1291 2693 7,
