<?xml version="1.0" encoding="UTF-8"?>
<!DOCTYPE html PUBLIC "-//W3C//DTD XHTML 1.0 Transitional//EN"
    "http://www.w3.org/TR/xhtml1/DTD/xhtml1-transitional.dtd">
<html xmlns="http://www.w3.org/1999/xhtml" xml:lang="en" lang="en">
 <head>
  <title>
</title>
<meta http-equiv="Content-Type" content="text/html;charset=utf-8" />
  <meta name='ocr-system' content='tesseract 3.04.00' />
  <meta name='ocr-capabilities' content='ocr_page ocr_carea ocr_par ocr_line ocrx_word'/>
</head>
<body>
  <div class='ocr_page' id='page_1' title='image "./operaomniaaccura14auguuoft_0046.png"; bbox 0 0 1819 3301; ppageno 0'>
   <div class='ocr_carea' id='block_1_1' title="bbox 368 228 1819 2557">
    <p class='ocr_par' dir='ltr' id='par_1_1' title="bbox 368 228 1819 2557">
     <span class='ocr_line' id='line_1_1' title="bbox 381 228 1330 267; baseline 0.002 -2"><span class='ocrx_word' id='word_1_1' title='bbox 381 228 434 265; x_wconf 81' lang='lat'>36</span> <span class='ocrx_word' id='word_1_2' title='bbox 818 239 848 265; x_wconf 87' lang='lat' dir='ltr'>s.</span> <span class='ocrx_word' id='word_1_3' title='bbox 891 241 1116 267; x_wconf 66' lang='lat' dir='ltr'>aueus&#39;nm</span> <span class='ocrx_word' id='word_1_4' title='bbox 1151 241 1330 267; x_wconf 74' lang='lat' dir='ltr'><strong>EPISCOPI</strong></span> 
     </span>
     <span class='ocr_line' id='line_1_2' title="bbox 378 295 1819 364; baseline 0.001 -18"><span class='ocrx_word' id='word_1_5' title='bbox 378 303 658 363; x_wconf 79' lang='lat' dir='ltr'>permissum,</span> <span class='ocrx_word' id='word_1_6' title='bbox 684 304 749 347; x_wconf 87' lang='lat' dir='ltr'>vel</span> <span class='ocrx_word' id='word_1_7' title='bbox 776 306 918 363; x_wconf 83' lang='lat' dir='ltr'>potius</span> <span class='ocrx_word' id='word_1_8' title='bbox 936 305 1071 348; x_wconf 82' lang='lat' dir='ltr'>sancti</span> <span class='ocrx_word' id='word_1_9' title='bbox 1097 306 1278 364; x_wconf 81' lang='lat' dir='ltr'>Spiritus</span> <span class='ocrx_word' id='word_1_10' title='bbox 1305 306 1561 349; x_wconf 79' lang='lat' dir='ltr'>auctoritate</span> <span class='ocrx_word' id='word_1_11' title='bbox 1575 320 1766 364; x_wconf 84' lang='lat' dir='ltr'>praecep·</span> <span class='ocrx_word' id='word_1_12' title='bbox 1810 295 1819 360; x_wconf 48' lang='grc' dir='ltr'><strong>ᾗ</strong></span> 
     </span>
     <span class='ocr_line' id='line_1_3' title="bbox 375 374 1819 442; baseline 0.001 -25"><span class='ocrx_word' id='word_1_13' title='bbox 375 382 470 418; x_wconf 86' lang='lat' dir='ltr'>tum</span> <span class='ocrx_word' id='word_1_14' title='bbox 493 374 561 418; x_wconf 86' lang='lat' dir='ltr'>sit.</span> <span class='ocrx_word' id='word_1_15' title='bbox 592 377 669 419; x_wconf 88' lang='lat' dir='ltr'>Est</span> <span class='ocrx_word' id='word_1_16' title='bbox 691 375 806 434; x_wconf 88' lang='lat' dir='ltr'>apud</span> <span class='ocrx_word' id='word_1_17' title='bbox 830 375 1086 430; x_wconf 88' lang='lat' dir='ltr'>Jeremiam,</span> <span class='ocrx_word' id='word_1_18' title='bbox 1111 375 1231 435; x_wconf 88' lang='lat' dir='ltr'>quod</span> <span class='ocrx_word' id='word_1_19' title='bbox 1268 376 1421 419; x_wconf 83' lang='lat' dir='ltr'>emerit</span> <span class='ocrx_word' id='word_1_20' title='bbox 1454 390 1607 434; x_wconf 84' lang='lat' dir='ltr'>agrum</span> <span class='ocrx_word' id='word_1_21' title='bbox 1630 391 1653 418; x_wconf 88' lang='lat' dir='ltr'>a</span> <span class='ocrx_word' id='word_1_22' title='bbox 1675 375 1765 418; x_wconf 83' lang='lat' dir='ltr'>filio</span> <span class='ocrx_word' id='word_1_23' title='bbox 1818 431 1819 442; x_wconf 15' lang='grc' dir='ltr'>η</span> 
     </span>
     <span class='ocr_line' id='line_1_4' title="bbox 372 443 1819 506; baseline 0.001 -18"><span class='ocrx_word' id='word_1_24' title='bbox 372 443 517 488; x_wconf 87' lang='lat' dir='ltr'>fratris</span> <span class='ocrx_word' id='word_1_25' title='bbox 537 444 630 500; x_wconf 86' lang='lat' dir='ltr'>sui,</span> <span class='ocrx_word' id='word_1_26' title='bbox 656 453 699 488; x_wconf 90' lang='lat' dir='ltr'>et</span> <span class='ocrx_word' id='word_1_27' title='bbox 719 443 889 488; x_wconf 84' lang='lat' dir='ltr'>dederit</span> <span class='ocrx_word' id='word_1_28' title='bbox 910 445 949 488; x_wconf 87' lang='lat' dir='ltr'>ei</span> <span class='ocrx_word' id='word_1_29' title='bbox 980 453 1238 504; x_wconf 71' lang='lat' dir='ltr'>argentum,</span> <span class='ocrx_word' id='word_1_30' title='bbox 1263 461 1353 490; x_wconf 90' lang='lat' dir='ltr'>non</span> <span class='ocrx_word' id='word_1_31' title='bbox 1375 444 1554 506; x_wconf 86' lang='lat' dir='ltr'>quidem</span> <span class='ocrx_word' id='word_1_32' title='bbox 1572 445 1653 489; x_wconf 89' lang='lat' dir='ltr'>sub</span> <span class='ocrx_word' id='word_1_33' title='bbox 1682 445 1766 490; x_wconf 90' lang='lat' dir='ltr'>hoc</span> <span class='ocrx_word' id='word_1_34' title='bbox 1818 478 1819 499; x_wconf 52' lang='lat'>2</span> 
     </span>
     <span class='ocr_line' id='line_1_5' title="bbox 371 503 1819 576; baseline 0 -16"><span class='ocrx_word' id='word_1_35' title='bbox 371 515 697 575; x_wconf 56' lang='lat' dir='ltr'>nominespretii</span> <span class='ocrx_word' id='word_1_36' title='bbox 720 514 840 575; x_wconf 91' lang='lat' dir='ltr'>quod</span> <span class='ocrx_word' id='word_1_37' title='bbox 863 516 1055 575; x_wconf 91' lang='lat' dir='ltr'>positum</span> <span class='ocrx_word' id='word_1_38' title='bbox 1077 525 1140 561; x_wconf 89' lang='lat' dir='ltr'>est</span> <span class='ocrx_word' id='word_1_39' title='bbox 1158 516 1277 576; x_wconf 90' lang='lat' dir='ltr'>apud</span> <span class='ocrx_word' id='word_1_40' title='bbox 1295 516 1563 571; x_wconf 81' lang='lat' dir='ltr'>Zachariam,</span> <span class='ocrx_word' id='word_1_41' title='bbox 1588 515 1767 573; x_wconf 88' lang='lat' dir='ltr'>triginta</span> <span class='ocrx_word' id='word_1_42' title='bbox 1818 503 1819 548; x_wconf 55' lang='lat'>3</span> 
     </span>
     <span class='ocr_line' id='line_1_6' title="bbox 370 586 1819 647; baseline -0.001 -16"><span class='ocrx_word' id='word_1_43' title='bbox 370 586 609 646; x_wconf 66' lang='lat' dir='ltr'>argenteis,</span> <span class='ocrx_word' id='word_1_44' title='bbox 636 595 938 631; x_wconf 82' lang='lat' dir='ltr'>verumtamen</span> <span class='ocrx_word' id='word_1_45' title='bbox 958 587 1048 645; x_wconf 86' lang='lat' dir='ltr'>agri</span> <span class='ocrx_word' id='word_1_46' title='bbox 1071 587 1235 647; x_wconf 86' lang='lat' dir='ltr'>emptio</span> <span class='ocrx_word' id='word_1_47' title='bbox 1258 603 1348 632; x_wconf 93' lang='lat' dir='ltr'>non</span> <span class='ocrx_word' id='word_1_48' title='bbox 1365 596 1429 632; x_wconf 86' lang='lat' dir='ltr'>est</span> <span class='ocrx_word' id='word_1_49' title='bbox 1451 588 1569 647; x_wconf 90' lang='lat' dir='ltr'>apud</span> <span class='ocrx_word' id='word_1_50' title='bbox 1600 587 1766 630; x_wconf 89' lang='lat' dir='ltr'>Zacha-</span> <span class='ocrx_word' id='word_1_51' title='bbox 1818 589 1819 607; x_wconf 67' lang='lat'><strong>³</strong></span> 
     </span>
     <span class='ocr_line' id='line_1_7' title="bbox 368 657 1768 719; baseline 0 -16"><span class='ocrx_word' id='word_1_52' title='bbox 368 659 512 717; x_wconf 39' lang='lat' dir='ltr'>riamss:</span> <span class='ocrx_word' id='word_1_53' title='bbox 539 657 661 719; x_wconf 88' lang='lat' dir='ltr'>quod</span> <span class='ocrx_word' id='word_1_54' title='bbox 687 667 831 703; x_wconf 90' lang='lat' dir='ltr'>autem</span> <span class='ocrx_word' id='word_1_55' title='bbox 854 659 1139 719; x_wconf 80' lang='lat' dir='ltr'>‘prophetiam</span> <span class='ocrx_word' id='word_1_56' title='bbox 1174 658 1229 704; x_wconf 90' lang='lat' dir='ltr'>de</span> <span class='ocrx_word' id='word_1_57' title='bbox 1253 660 1432 719; x_wconf 84' lang='lat' dir='ltr'>triginta</span> <span class='ocrx_word' id='word_1_58' title='bbox 1467 658 1681 717; x_wconf 84' lang='lat' dir='ltr'>argenteis</span> <span class='ocrx_word' id='word_1_59' title='bbox 1711 657 1768 703; x_wconf 89' lang='lat' dir='ltr'>ad</span> 
     </span>
     <span class='ocr_line' id='line_1_8' title="bbox 371 729 1767 792; baseline 0 -17"><span class='ocrx_word' id='word_1_60' title='bbox 371 731 456 776; x_wconf 92' lang='lat' dir='ltr'>hoc</span> <span class='ocrx_word' id='word_1_61' title='bbox 478 731 788 791; x_wconf 88' lang='lat' dir='ltr'>interpretatus</span> <span class='ocrx_word' id='word_1_62' title='bbox 805 730 860 775; x_wconf 85' lang='lat' dir='ltr'>sit</span> <span class='ocrx_word' id='word_1_63' title='bbox 874 730 1149 790; x_wconf 83' lang='lat' dir='ltr'>Evangelista</span> <span class='ocrx_word' id='word_1_64' title='bbox 1164 767 1174 787; x_wconf 89' lang='lat'>,</span> <span class='ocrx_word' id='word_1_65' title='bbox 1201 730 1323 792; x_wconf 90' lang='lat' dir='ltr'>quod</span> <span class='ocrx_word' id='word_1_66' title='bbox 1346 731 1480 776; x_wconf 90' lang='lat' dir='ltr'>modo</span> <span class='ocrx_word' id='word_1_67' title='bbox 1507 729 1562 774; x_wconf 92' lang='lat' dir='ltr'>de</span> <span class='ocrx_word' id='word_1_68' title='bbox 1580 730 1767 775; x_wconf 90' lang='lat' dir='ltr'>Domino</span> 
     </span>
     <span class='ocr_line' id='line_1_9' title="bbox 374 800 1767 863; baseline -0.001 -16"><span class='ocrx_word' id='word_1_69' title='bbox 374 803 643 862; x_wconf 89' lang='lat' dir='ltr'>completum</span> <span class='ocrx_word' id='word_1_70' title='bbox 671 812 759 859; x_wconf 90' lang='lat' dir='ltr'>est,</span> <span class='ocrx_word' id='word_1_71' title='bbox 785 812 835 847; x_wconf 86' lang='lat' dir='ltr'>ut</span> <span class='ocrx_word' id='word_1_72' title='bbox 868 803 953 848; x_wconf 92' lang='lat' dir='ltr'>hoc</span> <span class='ocrx_word' id='word_1_73' title='bbox 975 812 1086 847; x_wconf 86' lang='lat' dir='ltr'>esset</span> <span class='ocrx_word' id='word_1_74' title='bbox 1118 803 1308 863; x_wconf 89' lang='lat' dir='ltr'>pretium</span> <span class='ocrx_word' id='word_1_75' title='bbox 1331 804 1422 863; x_wconf 84' lang='lat' dir='ltr'>ejus</span> <span class='ocrx_word' id='word_1_76' title='bbox 1440 838 1451 859; x_wconf 90' lang='lat'>,</span> <span class='ocrx_word' id='word_1_77' title='bbox 1486 800 1767 847; x_wconf 83' lang='lat' dir='ltr'>manifestum</span> 
     </span>
     <span class='ocr_line' id='line_1_10' title="bbox 375 871 1768 934; baseline -0.001 -16"><span class='ocrx_word' id='word_1_78' title='bbox 375 883 461 931; x_wconf 73' lang='lat' dir='ltr'>est,</span> <span class='ocrx_word' id='word_1_79' title='bbox 485 875 562 918; x_wconf 92' lang='lat' dir='ltr'>sed</span> <span class='ocrx_word' id='word_1_80' title='bbox 584 873 639 918; x_wconf 90' lang='lat' dir='ltr'>ad</span> <span class='ocrx_word' id='word_1_81' title='bbox 660 875 743 919; x_wconf 93' lang='lat' dir='ltr'>hoc</span> <span class='ocrx_word' id='word_1_82' title='bbox 759 873 975 934; x_wconf 91' lang='lat' dir='ltr'>pertinere</span> <span class='ocrx_word' id='word_1_83' title='bbox 993 874 1122 917; x_wconf 87' lang='lat' dir='ltr'>etiarn</span> <span class='ocrx_word' id='word_1_84' title='bbox 1145 873 1255 917; x_wconf 91' lang='lat' dir='ltr'>illud</span> <span class='ocrx_word' id='word_1_85' title='bbox 1277 873 1332 917; x_wconf 91' lang='lat' dir='ltr'>de</span> <span class='ocrx_word' id='word_1_86' title='bbox 1354 889 1459 933; x_wconf 84' lang='lat' dir='ltr'>agro</span> <span class='ocrx_word' id='word_1_87' title='bbox 1482 882 1630 932; x_wconf 90' lang='lat' dir='ltr'>empto</span> <span class='ocrx_word' id='word_1_88' title='bbox 1646 871 1768 932; x_wconf 84' lang='lat' dir='ltr'>quod</span> 
     </span>
     <span class='ocr_line' id='line_1_11' title="bbox 373 944 1768 1004; baseline -0.002 -14"><span class='ocrx_word' id='word_1_89' title='bbox 373 947 580 990; x_wconf 83' lang='lat' dir='ltr'>Jeremias</span> <span class='ocrx_word' id='word_1_90' title='bbox 603 946 738 1001; x_wconf 81' lang='lat' dir='ltr'>dixit,</span> <span class='ocrx_word' id='word_1_91' title='bbox 758 945 861 989; x_wconf 89' lang='lat' dir='ltr'>hinc</span> <span class='ocrx_word' id='word_1_92' title='bbox 883 945 1028 1004; x_wconf 90' lang='lat' dir='ltr'>potuit</span> <span class='ocrx_word' id='word_1_93' title='bbox 1045 946 1224 1003; x_wconf 84' lang='lat' dir='ltr'>mystice</span> <span class='ocrx_word' id='word_1_94' title='bbox 1236 945 1492 1004; x_wconf 85' lang='lat' dir='ltr'>significari,</span> <span class='ocrx_word' id='word_1_95' title='bbox 1519 953 1568 988; x_wconf 91' lang='lat' dir='ltr'>ut</span> <span class='ocrx_word' id='word_1_96' title='bbox 1590 960 1679 988; x_wconf 89' lang='lat' dir='ltr'>non</span> <span class='ocrx_word' id='word_1_97' title='bbox 1697 944 1768 988; x_wconf 92' lang='lat' dir='ltr'>hic</span> 
     </span>
     <span class='ocr_line' id='line_1_12' title="bbox 375 1016 1765 1077; baseline -0.001 -16"><span class='ocrx_word' id='word_1_98' title='bbox 375 1018 591 1061; x_wconf 70' lang='lat' dir='ltr'>Zachariae</span> <span class='ocrx_word' id='word_1_99' title='bbox 617 1033 776 1062; x_wconf 87' lang='lat' dir='ltr'>nomen</span> <span class='ocrx_word' id='word_1_100' title='bbox 796 1026 1053 1077; x_wconf 87' lang='lat' dir='ltr'>poneretur,</span> <span class='ocrx_word' id='word_1_101' title='bbox 1081 1017 1158 1077; x_wconf 85' lang='lat' dir='ltr'>qui</span> <span class='ocrx_word' id='word_1_102' title='bbox 1200 1017 1307 1061; x_wconf 81' lang='lat' dir='ltr'>dixit</span> <span class='ocrx_word' id='word_1_103' title='bbox 1329 1017 1504 1075; x_wconf 82' lang='lat' dir='ltr'>triginta</span> <span class='ocrx_word' id='word_1_104' title='bbox 1528 1016 1765 1074; x_wconf 78' lang='lat' dir='ltr'>argenteis3</span> 
     </span>
     <span class='ocr_line' id='line_1_13' title="bbox 377 1086 1768 1148; baseline -0.001 -16"><span class='ocrx_word' id='word_1_105' title='bbox 377 1087 451 1132; x_wconf 89' lang='lat' dir='ltr'>sed</span> <span class='ocrx_word' id='word_1_106' title='bbox 469 1090 688 1143; x_wconf 78' lang='lat' dir='ltr'>Jeremiae,</span> <span class='ocrx_word' id='word_1_107' title='bbox 714 1089 789 1148; x_wconf 90' lang='lat' dir='ltr'>qui</span> <span class='ocrx_word' id='word_1_108' title='bbox 809 1088 915 1131; x_wconf 83' lang='lat' dir='ltr'>dixit</span> <span class='ocrx_word' id='word_1_109' title='bbox 937 1087 991 1132; x_wconf 91' lang='lat' dir='ltr'>de</span> <span class='ocrx_word' id='word_1_110' title='bbox 1010 1103 1112 1146; x_wconf 83' lang='lat' dir='ltr'>agro</span> <span class='ocrx_word' id='word_1_111' title='bbox 1131 1097 1300 1147; x_wconf 81' lang='lat' dir='ltr'>empt03</span> <span class='ocrx_word' id='word_1_112' title='bbox 1324 1097 1374 1131; x_wconf 85' lang='lat' dir='ltr'>ut</span> <span class='ocrx_word' id='word_1_113' title='bbox 1396 1087 1508 1132; x_wconf 88' lang='lat' dir='ltr'>lecto</span> <span class='ocrx_word' id='word_1_114' title='bbox 1531 1086 1768 1144; x_wconf 85' lang='lat' dir='ltr'>Evangelio</span> 
     </span>
     <span class='ocr_line' id='line_1_14' title="bbox 375 1157 1770 1218; baseline -0.002 -16"><span class='ocrx_word' id='word_1_115' title='bbox 375 1167 507 1218; x_wconf 87' lang='lat' dir='ltr'>atque</span> <span class='ocrx_word' id='word_1_116' title='bbox 541 1159 720 1202; x_wconf 84' lang='lat' dir='ltr'>invento</span> <span class='ocrx_word' id='word_1_117' title='bbox 749 1158 926 1201; x_wconf 87' lang='lat' dir='ltr'>nomine</span> <span class='ocrx_word' id='word_1_118' title='bbox 950 1158 1170 1211; x_wconf 71' lang='lat' dir='ltr'>Jeremiae,</span> <span class='ocrx_word' id='word_1_119' title='bbox 1196 1158 1308 1202; x_wconf 89' lang='lat' dir='ltr'>lecto</span> <span class='ocrx_word' id='word_1_120' title='bbox 1338 1167 1483 1202; x_wconf 84' lang='lat' dir='ltr'>autem</span> <span class='ocrx_word' id='word_1_121' title='bbox 1517 1157 1703 1201; x_wconf 87' lang='lat' dir='ltr'>Jeremia</span> <span class='ocrx_word' id='word_1_122' title='bbox 1727 1165 1770 1200; x_wconf 89' lang='lat' dir='ltr'>et</span> 
     </span>
     <span class='ocr_line' id='line_1_15' title="bbox 374 1228 1770 1287; baseline -0.001 -14"><span class='ocrx_word' id='word_1_123' title='bbox 374 1244 465 1273; x_wconf 92' lang='lat' dir='ltr'>non</span> <span class='ocrx_word' id='word_1_124' title='bbox 505 1229 684 1272; x_wconf 87' lang='lat' dir='ltr'>invento</span> <span class='ocrx_word' id='word_1_125' title='bbox 722 1228 969 1272; x_wconf 88' lang='lat' dir='ltr'>testimonio</span> <span class='ocrx_word' id='word_1_126' title='bbox 1003 1228 1056 1271; x_wconf 86' lang='lat' dir='ltr'>de</span> <span class='ocrx_word' id='word_1_127' title='bbox 1087 1229 1264 1286; x_wconf 78' lang='lat' dir='ltr'>triginta</span> <span class='ocrx_word' id='word_1_128' title='bbox 1305 1229 1519 1287; x_wconf 81' lang='lat' dir='ltr'>argenteis</span> <span class='ocrx_word' id='word_1_129' title='bbox 1537 1263 1547 1283; x_wconf 83' lang='lat'>,</span> <span class='ocrx_word' id='word_1_130' title='bbox 1592 1228 1770 1272; x_wconf 85' lang='lat' dir='ltr'>invento</span> 
     </span>
     <span class='ocr_line' id='line_1_16' title="bbox 374 1297 1765 1358; baseline -0.001 -16"><span class='ocrx_word' id='word_1_131' title='bbox 374 1308 521 1342; x_wconf 88' lang='lat' dir='ltr'>tamen</span> <span class='ocrx_word' id='word_1_132' title='bbox 545 1314 648 1358; x_wconf 86' lang='lat' dir='ltr'>agro</span> <span class='ocrx_word' id='word_1_133' title='bbox 662 1307 826 1358; x_wconf 80' lang='lat' dir='ltr'>empto,</span> <span class='ocrx_word' id='word_1_134' title='bbox 843 1298 1130 1342; x_wconf 87' lang='lat' dir='ltr'>admoneatur</span> <span class='ocrx_word' id='word_1_135' title='bbox 1148 1298 1283 1342; x_wconf 90' lang='lat' dir='ltr'>lector</span> <span class='ocrx_word' id='word_1_136' title='bbox 1295 1308 1533 1358; x_wconf 85' lang='lat' dir='ltr'>utrumque</span> <span class='ocrx_word' id='word_1_137' title='bbox 1550 1297 1765 1352; x_wconf 86' lang='lat' dir='ltr'>conferre,</span> 
     </span>
     <span class='ocr_line' id='line_1_17' title="bbox 374 1368 1768 1428; baseline -0.001 -16"><span class='ocrx_word' id='word_1_138' title='bbox 374 1378 418 1413; x_wconf 89' lang='lat' dir='ltr'>et</span> <span class='ocrx_word' id='word_1_139' title='bbox 440 1369 541 1412; x_wconf 90' lang='lat' dir='ltr'>inde</span> <span class='ocrx_word' id='word_1_140' title='bbox 559 1384 731 1412; x_wconf 77' lang='lat' dir='ltr'>sensum</span> <span class='ocrx_word' id='word_1_141' title='bbox 756 1368 984 1412; x_wconf 83' lang='lat' dir='ltr'>enucleare</span> <span class='ocrx_word' id='word_1_142' title='bbox 1008 1368 1270 1427; x_wconf 85' lang='lat' dir='ltr'>prophetiae,</span> <span class='ocrx_word' id='word_1_143' title='bbox 1297 1368 1520 1428; x_wconf 82' lang='lat' dir='ltr'>quomodo</span> <span class='ocrx_word' id='word_1_144' title='bbox 1553 1368 1768 1428; x_wconf 83' lang='lat' dir='ltr'>pertineat</span> 
     </span>
     <span class='ocr_line' id='line_1_18' title="bbox 372 1438 1768 1499; baseline 0 -16"><span class='ocrx_word' id='word_1_145' title='bbox 372 1438 527 1484; x_wconf 85' lang='lat' dir='ltr'>adhoc</span> <span class='ocrx_word' id='word_1_146' title='bbox 557 1439 676 1499; x_wconf 86' lang='lat' dir='ltr'>quod</span> <span class='ocrx_word' id='word_1_147' title='bbox 708 1439 753 1482; x_wconf 91' lang='lat' dir='ltr'>in</span> <span class='ocrx_word' id='word_1_148' title='bbox 791 1440 976 1483; x_wconf 90' lang='lat' dir='ltr'>Domino</span> <span class='ocrx_word' id='word_1_149' title='bbox 1001 1439 1235 1498; x_wconf 85' lang='lat' dir='ltr'>impletum</span> <span class='ocrx_word' id='word_1_150' title='bbox 1269 1449 1346 1483; x_wconf 84' lang='lat' dir='ltr'>est.</span> <span class='ocrx_word' id='word_1_151' title='bbox 1373 1442 1480 1485; x_wconf 84' lang='lat' dir='ltr'>Nam</span> <span class='ocrx_word' id='word_1_152' title='bbox 1505 1439 1617 1483; x_wconf 85' lang='lat' dir='ltr'>illud</span> <span class='ocrx_word' id='word_1_153' title='bbox 1646 1439 1768 1499; x_wconf 91' lang='lat' dir='ltr'>quod</span> 
     </span>
     <span class='ocr_line' id='line_1_19' title="bbox 374 1509 1766 1570; baseline -0.001 -16"><span class='ocrx_word' id='word_1_154' title='bbox 374 1510 559 1570; x_wconf 86' lang='lat' dir='ltr'>subjecit</span> <span class='ocrx_word' id='word_1_155' title='bbox 581 1510 683 1553; x_wconf 91' lang='lat' dir='ltr'>huic</span> <span class='ocrx_word' id='word_1_156' title='bbox 702 1509 949 1553; x_wconf 91' lang='lat' dir='ltr'>testimonio</span> <span class='ocrx_word' id='word_1_157' title='bbox 972 1510 1206 1553; x_wconf 85' lang='lat' dir='ltr'>Matthaeus</span> <span class='ocrx_word' id='word_1_158' title='bbox 1221 1545 1232 1564; x_wconf 84' lang='lat'>,</span> <span class='ocrx_word' id='word_1_159' title='bbox 1248 1525 1349 1554; x_wconf 89' lang='lat' dir='ltr'>cum</span> <span class='ocrx_word' id='word_1_160' title='bbox 1369 1514 1428 1553; x_wconf 89' lang='lat' dir='ltr'>ait</span> <span class='ocrx_word' id='word_1_161' title='bbox 1446 1530 1454 1554; x_wconf 88' lang='grc'>;</span> <span class='ocrx_word' id='word_1_162' title='bbox 1485 1529 1504 1552; x_wconf 92' lang='lat'>«</span> <span class='ocrx_word' id='word_1_163' title='bbox 1531 1513 1667 1563; x_wconf 83' lang='lat' dir='ltr'>Quem</span> <span class='ocrx_word' id='word_1_164' title='bbox 1687 1524 1766 1568; x_wconf 86' lang='lat' dir='ltr'>ap-</span> 
     </span>
     <span class='ocr_line' id='line_1_20' title="bbox 378 1578 1764 1640; baseline 0.001 -18"><span class='ocrx_word' id='word_1_165' title='bbox 378 1599 400 1622; x_wconf 87' lang='lat'>»</span> <span class='ocrx_word' id='word_1_166' title='bbox 436 1580 731 1640; x_wconf 86' lang='lat' dir='ltr'>pretiaverunt</span> <span class='ocrx_word' id='word_1_167' title='bbox 753 1578 830 1622; x_wconf 88' lang='lat' dir='ltr'>filii</span> <span class='ocrx_word' id='word_1_168' title='bbox 852 1579 998 1634; x_wconf 75' lang='lat' dir='ltr'>lsrael,</span> <span class='ocrx_word' id='word_1_169' title='bbox 1015 1589 1057 1623; x_wconf 90' lang='lat' dir='ltr'>et</span> <span class='ocrx_word' id='word_1_170' title='bbox 1071 1579 1288 1624; x_wconf 90' lang='lat' dir='ltr'>dederunt</span> <span class='ocrx_word' id='word_1_171' title='bbox 1307 1580 1434 1624; x_wconf 86' lang='lat' dir='ltr'>cosin</span> <span class='ocrx_word' id='word_1_172' title='bbox 1457 1595 1609 1638; x_wconf 83' lang='lat' dir='ltr'>agrum</span> <span class='ocrx_word' id='word_1_173' title='bbox 1626 1578 1764 1638; x_wconf 81' lang='lat' dir='ltr'>figuli,</span> 
     </span>
     <span class='ocr_line' id='line_1_21' title="bbox 375 1649 1764 1710; baseline 0.001 -18"><span class='ocrx_word' id='word_1_174' title='bbox 375 1670 396 1693; x_wconf 87' lang='lat'>»</span> <span class='ocrx_word' id='word_1_175' title='bbox 433 1651 545 1695; x_wconf 90' lang='lat' dir='ltr'>sicut</span> <span class='ocrx_word' id='word_1_176' title='bbox 565 1650 911 1694; x_wconf 87' lang='lat' dir='ltr'>constituitmihi</span> <span class='ocrx_word' id='word_1_177' title='bbox 932 1650 1140 1694; x_wconf 85' lang='lat' dir='ltr'>Dominus</span> <span class='ocrx_word' id='word_1_178' title='bbox 1159 1685 1169 1704; x_wconf 90' lang='lat'>,</span> <span class='ocrx_word' id='word_1_179' title='bbox 1199 1669 1219 1691; x_wconf 85' lang='lat'>»</span> <span class='ocrx_word' id='word_1_180' title='bbox 1247 1666 1326 1695; x_wconf 87' lang='lat' dir='ltr'>nec</span> <span class='ocrx_word' id='word_1_181' title='bbox 1350 1649 1467 1710; x_wconf 90' lang='lat' dir='ltr'>apud</span> <span class='ocrx_word' id='word_1_182' title='bbox 1498 1651 1764 1705; x_wconf 86' lang='lat' dir='ltr'>Zachariam,</span> 
     </span>
     <span class='ocr_line' id='line_1_22' title="bbox 373 1720 1768 1781; baseline 0 -15"><span class='ocrx_word' id='word_1_183' title='bbox 373 1737 456 1766; x_wconf 91' lang='lat' dir='ltr'>nec</span> <span class='ocrx_word' id='word_1_184' title='bbox 490 1720 607 1781; x_wconf 86' lang='lat' dir='ltr'>apud</span> <span class='ocrx_word' id='word_1_185' title='bbox 639 1721 870 1764; x_wconf 88' lang='lat' dir='ltr'>Jeremiam</span> <span class='ocrx_word' id='word_1_186' title='bbox 900 1721 1127 1780; x_wconf 90' lang='lat' dir='ltr'>reperitur.</span> <span class='ocrx_word' id='word_1_187' title='bbox 1165 1720 1289 1765; x_wconf 92' lang='lat' dir='ltr'>Unde</span> <span class='ocrx_word' id='word_1_188' title='bbox 1325 1721 1461 1780; x_wconf 84' lang='lat' dir='ltr'>magis</span> <span class='ocrx_word' id='word_1_189' title='bbox 1499 1736 1550 1764; x_wconf 88' lang='lat' dir='ltr'>ex</span> <span class='ocrx_word' id='word_1_190' title='bbox 1585 1736 1768 1780; x_wconf 87' lang='lat' dir='ltr'>persona</span> 
     </span>
     <span class='ocr_line' id='line_1_23' title="bbox 373 1791 1769 1853; baseline 0 -16"><span class='ocrx_word' id='word_1_191' title='bbox 373 1794 507 1853; x_wconf 91' lang='lat' dir='ltr'>ipsius</span> <span class='ocrx_word' id='word_1_192' title='bbox 535 1792 822 1850; x_wconf 82' lang='lat' dir='ltr'>Evangelistae</span> <span class='ocrx_word' id='word_1_193' title='bbox 845 1791 1148 1851; x_wconf 89' lang='lat' dir='ltr'>accipiendum</span> <span class='ocrx_word' id='word_1_194' title='bbox 1177 1802 1242 1836; x_wconf 86' lang='lat' dir='ltr'>est</span> <span class='ocrx_word' id='word_1_195' title='bbox 1274 1792 1493 1850; x_wconf 80' lang='lat' dir='ltr'>eleganter</span> <span class='ocrx_word' id='word_1_196' title='bbox 1520 1801 1563 1835; x_wconf 91' lang='lat' dir='ltr'>et</span> <span class='ocrx_word' id='word_1_197' title='bbox 1587 1793 1769 1850; x_wconf 81' lang='lat' dir='ltr'>mystice</span> 
     </span>
     <span class='ocr_line' id='line_1_24' title="bbox 374 1862 1769 1922; baseline -0.001 -14"><span class='ocrx_word' id='word_1_198' title='bbox 374 1865 582 1908; x_wconf 90' lang='lat' dir='ltr'>insertum</span> <span class='ocrx_word' id='word_1_199' title='bbox 600 1897 611 1917; x_wconf 96' lang='lat'>,</span> <span class='ocrx_word' id='word_1_200' title='bbox 635 1863 737 1922; x_wconf 85' lang='lat' dir='ltr'>quia</span> <span class='ocrx_word' id='word_1_201' title='bbox 759 1863 843 1906; x_wconf 90' lang='lat' dir='ltr'>hoc</span> <span class='ocrx_word' id='word_1_202' title='bbox 861 1878 911 1905; x_wconf 82' lang='lat' dir='ltr'>cx</span> <span class='ocrx_word' id='word_1_203' title='bbox 934 1862 1105 1906; x_wconf 91' lang='lat' dir='ltr'>Domini</span> <span class='ocrx_word' id='word_1_204' title='bbox 1120 1862 1382 1906; x_wconf 82' lang='lat' dir='ltr'>revelatione</span> <span class='ocrx_word' id='word_1_205' title='bbox 1405 1864 1658 1921; x_wconf 83' lang='lat' dir='ltr'>cognoverit</span> <span class='ocrx_word' id='word_1_206' title='bbox 1675 1899 1686 1919; x_wconf 87' lang='lat'>,</span> <span class='ocrx_word' id='word_1_207' title='bbox 1713 1863 1769 1907; x_wconf 88' lang='lat' dir='ltr'>ad</span> 
     </span>
     <span class='ocr_line' id='line_1_25' title="bbox 374 1932 1769 1994; baseline -0.001 -15"><span class='ocrx_word' id='word_1_208' title='bbox 374 1936 488 1979; x_wconf 88' lang='lat' dir='ltr'>hanc</span> <span class='ocrx_word' id='word_1_209' title='bbox 510 1949 601 1978; x_wconf 85' lang='lat' dir='ltr'>rem</span> <span class='ocrx_word' id='word_1_210' title='bbox 619 1949 717 1993; x_wconf 81' lang='lat' dir='ltr'>quae</span> <span class='ocrx_word' id='word_1_211' title='bbox 735 1932 789 1977; x_wconf 90' lang='lat' dir='ltr'>de</span> <span class='ocrx_word' id='word_1_212' title='bbox 811 1933 971 1978; x_wconf 88' lang='lat' dir='ltr'>Christi</span> <span class='ocrx_word' id='word_1_213' title='bbox 985 1933 1124 1991; x_wconf 86' lang='lat' dir='ltr'>pretio</span> <span class='ocrx_word' id='word_1_214' title='bbox 1143 1933 1257 1977; x_wconf 85' lang='lat' dir='ltr'>facta</span> <span class='ocrx_word' id='word_1_215' title='bbox 1280 1942 1344 1976; x_wconf 84' lang='lat' dir='ltr'>est</span> <span class='ocrx_word' id='word_1_216' title='bbox 1362 1934 1614 1993; x_wconf 81' lang='lat' dir='ltr'>hujusmodi</span> <span class='ocrx_word' id='word_1_217' title='bbox 1634 1935 1769 1994; x_wconf 87' lang='lat' dir='ltr'>perti-</span> 
     </span>
     <span class='ocr_line' id='line_1_26' title="bbox 374 2003 1817 2066; baseline -0.001 -17"><span class='ocrx_word' id='word_1_218' title='bbox 374 2020 479 2049; x_wconf 92' lang='lat' dir='ltr'>nere</span> <span class='ocrx_word' id='word_1_219' title='bbox 501 2003 793 2064; x_wconf 85' lang='lat' dir='ltr'>prophetiam.</span> <span class='ocrx_word' id='word_1_220' title='bbox 812 2003 940 2047; x_wconf 90' lang='lat' dir='ltr'>Liber</span> <span class='ocrx_word' id='word_1_221' title='bbox 955 2003 1117 2063; x_wconf 85' lang='lat' dir='ltr'>quippe</span> <span class='ocrx_word' id='word_1_222' title='bbox 1135 2004 1269 2062; x_wconf 86' lang='lat' dir='ltr'>empti</span> <span class='ocrx_word' id='word_1_223' title='bbox 1288 2003 1378 2062; x_wconf 84' lang='lat' dir='ltr'>agri</span> <span class='ocrx_word' id='word_1_224' title='bbox 1394 2003 1513 2062; x_wconf 87' lang='lat' dir='ltr'>apud</span> <span class='ocrx_word' id='word_1_225' title='bbox 1535 2004 1769 2048; x_wconf 88' lang='lat' dir='ltr'>Jeremiam</span> <span class='ocrx_word' id='word_1_226' title='bbox 1816 2063 1817 2066; x_wconf 11' lang='grc' dir='ltr'><strong>Ἴ</strong></span> 
     </span>
     <span class='ocr_line' id='line_1_27' title="bbox 373 2073 1768 2136; baseline 0.001 -18"><span class='ocrx_word' id='word_1_227' title='bbox 373 2076 555 2136; x_wconf 79' lang='lat' dir='ltr'>jubetur</span> <span class='ocrx_word' id='word_1_228' title='bbox 576 2074 689 2118; x_wconf 83' lang='lat' dir='ltr'>mitti</span> <span class='ocrx_word' id='word_1_229' title='bbox 712 2075 757 2117; x_wconf 92' lang='lat' dir='ltr'>in</span> <span class='ocrx_word' id='word_1_230' title='bbox 779 2089 852 2117; x_wconf 88' lang='lat' dir='ltr'>vas</span> <span class='ocrx_word' id='word_1_231' title='bbox 885 2073 1040 2117; x_wconf 83' lang='lat' dir='ltr'>fictile¹</span> <span class='ocrx_word' id='word_1_232' title='bbox 1059 2108 1070 2128; x_wconf 89' lang='lat'>,</span> <span class='ocrx_word' id='word_1_233' title='bbox 1092 2083 1135 2117; x_wconf 89' lang='lat' dir='ltr'>et</span> <span class='ocrx_word' id='word_1_234' title='bbox 1159 2075 1318 2118; x_wconf 86' lang='lat' dir='ltr'>emitur</span> <span class='ocrx_word' id='word_1_235' title='bbox 1343 2075 1411 2118; x_wconf 89' lang='lat' dir='ltr'>hic</span> <span class='ocrx_word' id='word_1_236' title='bbox 1434 2074 1489 2118; x_wconf 89' lang='lat' dir='ltr'>de</span> <span class='ocrx_word' id='word_1_237' title='bbox 1515 2075 1655 2134; x_wconf 88' lang='lat' dir='ltr'>pretio</span> <span class='ocrx_word' id='word_1_238' title='bbox 1679 2077 1768 2119; x_wconf 90' lang='lat' dir='ltr'>Do-</span> 
     </span>
     <span class='ocr_line' id='line_1_28' title="bbox 376 2142 1816 2204; baseline 0 -14"><span class='ocrx_word' id='word_1_239' title='bbox 376 2146 484 2190; x_wconf 90' lang='lat' dir='ltr'>mini</span> <span class='ocrx_word' id='word_1_240' title='bbox 513 2160 614 2204; x_wconf 85' lang='lat' dir='ltr'>ager</span> <span class='ocrx_word' id='word_1_241' title='bbox 650 2143 793 2202; x_wconf 81' lang='lat' dir='ltr'>figuli,</span> <span class='ocrx_word' id='word_1_242' title='bbox 837 2153 881 2187; x_wconf 88' lang='lat' dir='ltr'>et</span> <span class='ocrx_word' id='word_1_243' title='bbox 912 2144 996 2187; x_wconf 89' lang='lat' dir='ltr'>hoc</span> <span class='ocrx_word' id='word_1_244' title='bbox 1027 2142 1080 2187; x_wconf 88' lang='lat' dir='ltr'>ad</span> <span class='ocrx_word' id='word_1_245' title='bbox 1115 2144 1382 2203; x_wconf 87' lang='lat' dir='ltr'>sepulturam</span> <span class='ocrx_word' id='word_1_246' title='bbox 1413 2146 1765 2204; x_wconf 82' lang='lat' dir='ltr'>peregrinorum,</span> <span class='ocrx_word' id='word_1_247' title='bbox 1814 2160 1816 2176; x_wconf 79' lang='lat'>¹</span> 
     </span>
     <span class='ocr_line' id='line_1_29' title="bbox 378 2215 1817 2282; baseline 0 -21"><span class='ocrx_word' id='word_1_248' title='bbox 378 2227 587 2278; x_wconf 85' lang='lat' dir='ltr'>tanquam</span> <span class='ocrx_word' id='word_1_249' title='bbox 617 2215 672 2260; x_wconf 85' lang='lat' dir='ltr'>ad</span> <span class='ocrx_word' id='word_1_250' title='bbox 709 2215 1054 2275; x_wconf 87' lang='lat' dir='ltr'>permansionem</span> <span class='ocrx_word' id='word_1_251' title='bbox 1088 2216 1246 2276; x_wconf 79' lang='lat' dir='ltr'>quietis</span> <span class='ocrx_word' id='word_1_252' title='bbox 1274 2233 1422 2261; x_wconf 87' lang='lat' dir='ltr'>eorum</span> <span class='ocrx_word' id='word_1_253' title='bbox 1443 2253 1454 2271; x_wconf 86' lang='lat'>,</span> <span class='ocrx_word' id='word_1_254' title='bbox 1495 2218 1570 2278; x_wconf 81' lang='lat' dir='ltr'>qui</span> <span class='ocrx_word' id='word_1_255' title='bbox 1610 2219 1653 2261; x_wconf 90' lang='lat' dir='ltr'>in</span> <span class='ocrx_word' id='word_1_256' title='bbox 1686 2219 1769 2262; x_wconf 89' lang='lat' dir='ltr'>hoc</span> <span class='ocrx_word' id='word_1_257' title='bbox 1814 2263 1817 2282; x_wconf 31' lang='grc' dir='ltr'><em>ἓ</em></span> 
     </span>
     <span class='ocr_line' id='line_1_30' title="bbox 377 2285 1816 2347; baseline 0 -15"><span class='ocrx_word' id='word_1_258' title='bbox 377 2288 538 2332; x_wconf 81' lang='lat' dir='ltr'>saeculo</span> <span class='ocrx_word' id='word_1_259' title='bbox 573 2286 896 2346; x_wconf 83' lang='lat' dir='ltr'>peregrinantes</span> <span class='ocrx_word' id='word_1_260' title='bbox 927 2285 1283 2345; x_wconf 86' lang='lat' dir='ltr'>consepeliuntur</span> <span class='ocrx_word' id='word_1_261' title='bbox 1307 2289 1480 2332; x_wconf 88' lang='lat' dir='ltr'>Christo</span> <span class='ocrx_word' id='word_1_262' title='bbox 1502 2303 1579 2347; x_wconf 87' lang='lat' dir='ltr'>per</span> <span class='ocrx_word' id='word_1_263' title='bbox 1608 2288 1768 2347; x_wconf 87' lang='lat' dir='ltr'>baptis·</span> <span class='ocrx_word' id='word_1_264' title='bbox 1814 2291 1816 2338; x_wconf 74' lang='grc' dir='ltr'>ξ</span> 
     </span>
     <span class='ocr_line' id='line_1_31' title="bbox 377 2354 1816 2415; baseline 0 -14"><span class='ocrx_word' id='word_1_265' title='bbox 377 2373 513 2401; x_wconf 88' lang='lat' dir='ltr'>mum.</span> <span class='ocrx_word' id='word_1_266' title='bbox 531 2359 638 2401; x_wconf 89' lang='lat' dir='ltr'>Nam</span> <span class='ocrx_word' id='word_1_267' title='bbox 653 2354 824 2399; x_wconf 85' lang='lat' dir='ltr'>etillam</span> <span class='ocrx_word' id='word_1_268' title='bbox 841 2356 1103 2415; x_wconf 80' lang='lat' dir='ltr'>emptionem</span> <span class='ocrx_word' id='word_1_269' title='bbox 1116 2357 1206 2414; x_wconf 82' lang='lat' dir='ltr'>agri</span> <span class='ocrx_word' id='word_1_270' title='bbox 1224 2357 1306 2400; x_wconf 89' lang='lat' dir='ltr'>hoc</span> <span class='ocrx_word' id='word_1_271' title='bbox 1319 2358 1768 2414; x_wconf 69' lang='lat' dir='ltr'>significareseremiae</span> <span class='ocrx_word' id='word_1_272' title='bbox 1812 2355 1816 2407; x_wconf 66' lang='lat' dir='ltr'>&#39;J</span> 
     </span>
     <span class='ocr_line' id='line_1_32' title="bbox 380 2426 1816 2487; baseline 0.001 -16"><span class='ocrx_word' id='word_1_273' title='bbox 380 2429 486 2472; x_wconf 81' lang='lat' dir='ltr'>dixit</span> <span class='ocrx_word' id='word_1_274' title='bbox 504 2427 713 2472; x_wconf 88' lang='lat' dir='ltr'>Dominus</span> <span class='ocrx_word' id='word_1_275' title='bbox 738 2460 748 2480; x_wconf 96' lang='lat'>,</span> <span class='ocrx_word' id='word_1_276' title='bbox 774 2427 876 2485; x_wconf 86' lang='lat' dir='ltr'>quia</span> <span class='ocrx_word' id='word_1_277' title='bbox 898 2427 978 2470; x_wconf 87' lang='lat' dir='ltr'>erit</span> <span class='ocrx_word' id='word_1_278' title='bbox 998 2428 1241 2485; x_wconf 85' lang='lat' dir='ltr'>permansio</span> <span class='ocrx_word' id='word_1_279' title='bbox 1264 2426 1318 2470; x_wconf 85' lang='lat' dir='ltr'>de</span> <span class='ocrx_word' id='word_1_280' title='bbox 1342 2428 1592 2487; x_wconf 78' lang='lat' dir='ltr'>captivitate</span> <span class='ocrx_word' id='word_1_281' title='bbox 1614 2427 1768 2472; x_wconf 88' lang='lat' dir='ltr'>libera·</span> <span class='ocrx_word' id='word_1_282' title='bbox 1814 2464 1816 2483; x_wconf 27' lang='grc' dir='ltr'>Γ</span> 
     </span>
     <span class='ocr_line' id='line_1_33' title="bbox 380 2495 1815 2557; baseline 0.001 -15"><span class='ocrx_word' id='word_1_283' title='bbox 380 2506 522 2542; x_wconf 87' lang='lat' dir='ltr'>torum</span> <span class='ocrx_word' id='word_1_284' title='bbox 548 2498 592 2540; x_wconf 91' lang='lat' dir='ltr'>in</span> <span class='ocrx_word' id='word_1_285' title='bbox 614 2495 685 2540; x_wconf 89' lang='lat' dir='ltr'>illa</span> <span class='ocrx_word' id='word_1_286' title='bbox 714 2505 838 2540; x_wconf 88' lang='lat' dir='ltr'>terra.</span> <span class='ocrx_word' id='word_1_287' title='bbox 879 2499 981 2541; x_wconf 73' lang='lat' dir='ltr'>Haec</span> <span class='ocrx_word' id='word_1_288' title='bbox 1005 2505 1213 2557; x_wconf 77' lang='lat' dir='ltr'>tanquam</span> <span class='ocrx_word' id='word_1_289' title='bbox 1244 2497 1502 2543; x_wconf 87' lang='lat' dir='ltr'>delineanda</span> <span class='ocrx_word' id='word_1_290' title='bbox 1533 2499 1767 2543; x_wconf 85' lang='lat' dir='ltr'>arbitratus</span> <span class='ocrx_word' id='word_1_291' title='bbox 1812 2497 1815 2510; x_wconf 74' lang='lat'><em>⁵</em></span> 
     </span>
    </p>
   </div>
   <div class='ocr_carea' id='block_1_2' title="bbox 431 2580 809 2623">
    <p class='ocr_par' dir='ltr' id='par_1_2' title="bbox 431 2580 809 2623">
     <span class='ocr_line' id='line_1_34' title="bbox 431 2580 809 2623; baseline -0.003 -10"><span class='ocrx_word' id='word_1_292' title='bbox 431 2585 570 2615; x_wconf 75' lang='grc' dir='ltr'>Ι1616111.</span> <span class='ocrx_word' id='word_1_293' title='bbox 596 2592 699 2621; x_wconf 65' lang='lat' dir='ltr'>xxxii,</span> <span class='ocrx_word' id='word_1_294' title='bbox 715 2580 809 2623; x_wconf 68' lang='lat'>9·4&#39;!·</span> 
     </span>
    </p>
   </div>
   <div class='ocr_carea' id='block_1_3' title="bbox 1816 453 1819 1129">
    <p class='ocr_par' dir='ltr' id='par_1_3' title="bbox 1816 453 1819 1129">
     <span class='ocr_line' id='line_1_35' title="bbox 1816 453 1819 1129; baseline 0 0"><span class='ocrx_word' id='word_1_295' title='bbox 1816 453 1819 1129; x_wconf 95' lang='lat' dir='ltr'> </span> 
     </span>
    </p>
   </div>
   <div class='ocr_carea' id='block_1_4' title="bbox 1795 1125 1819 3301">
    <p class='ocr_par' dir='ltr' id='par_1_4' title="bbox 1795 1125 1819 3301">
     <span class='ocr_line' id='line_1_36' title="bbox 1795 1125 1819 3301; baseline 0 0"><span class='ocrx_word' id='word_1_296' title='bbox 1795 1125 1819 3301; x_wconf 95' lang='lat' dir='ltr'> </span> 
     </span>
    </p>
   </div>
  </div>
 </body>
</html>
