<?xml version="1.0" encoding="UTF-8"?>
<!DOCTYPE html PUBLIC "-//W3C//DTD XHTML 1.0 Transitional//EN"
    "http://www.w3.org/TR/xhtml1/DTD/xhtml1-transitional.dtd">
<html xmlns="http://www.w3.org/1999/xhtml" xml:lang="en" lang="en">
 <head>
  <title>
</title>
<meta http-equiv="Content-Type" content="text/html;charset=utf-8" />
  <meta name='ocr-system' content='tesseract 3.04.00' />
  <meta name='ocr-capabilities' content='ocr_page ocr_carea ocr_par ocr_line ocrx_word'/>
</head>
<body>
  <div class='ocr_page' id='page_1' title='image "./operaomniaaccura14auguuoft_0338.png"; bbox 0 0 1819 3301; ppageno 0'>
   <div class='ocr_carea' id='block_1_1' title="bbox 361 258 1300 298">
    <p class='ocr_par' dir='ltr' id='par_1_1' title="bbox 361 258 1300 298">
     <span class='ocr_line' id='line_1_1' title="bbox 361 258 1300 298; baseline -0.006 -2"><span class='ocrx_word' id='word_1_1' title='bbox 361 258 445 296; x_wconf 88' lang='lat'>310</span> <span class='ocrx_word' id='word_1_2' title='bbox 783 265 816 298; x_wconf 83' lang='lat' dir='ltr'>s.</span> <span class='ocrx_word' id='word_1_3' title='bbox 853 265 1084 294; x_wconf 66' lang='lat' dir='ltr'>Aueusruu</span> <span class='ocrx_word' id='word_1_4' title='bbox 1118 264 1300 291; x_wconf 68' lang='lat' dir='ltr'>nnscom</span> 
     </span>
    </p>
   </div>
   <div class='ocr_carea' id='block_1_2' title="bbox 349 329 1750 2505">
    <p class='ocr_par' dir='ltr' id='par_1_2' title="bbox 349 329 1750 2505">
     <span class='ocr_line' id='line_1_2' title="bbox 355 329 1744 394; baseline -0.002 -16"><span class='ocrx_word' id='word_1_5' title='bbox 355 348 542 394; x_wconf 91' lang='lat' dir='ltr'>quorum</span> <span class='ocrx_word' id='word_1_6' title='bbox 567 332 734 377; x_wconf 83' lang='lat' dir='ltr'>diversa</span> <span class='ocrx_word' id='word_1_7' title='bbox 760 331 937 376; x_wconf 88' lang='lat' dir='ltr'>nomina</span> <span class='ocrx_word' id='word_1_8' title='bbox 964 329 1122 387; x_wconf 82' lang='lat' dir='ltr'>singuli</span> <span class='ocrx_word' id='word_1_9' title='bbox 1143 329 1430 388; x_wconf 82' lang='lat' dir='ltr'>Evangelistae</span> <span class='ocrx_word' id='word_1_10' title='bbox 1454 329 1500 373; x_wconf 90' lang='lat' dir='ltr'>in</span> <span class='ocrx_word' id='word_1_11' title='bbox 1524 345 1600 375; x_wconf 91' lang='lat' dir='ltr'>sua</span> <span class='ocrx_word' id='word_1_12' title='bbox 1624 331 1744 391; x_wconf 84' lang='lat' dir='ltr'>quis·</span> 
     </span>
     <span class='ocr_line' id='line_1_3' title="bbox 357 399 1741 465; baseline -0.003 -17"><span class='ocrx_word' id='word_1_13' title='bbox 357 420 442 465; x_wconf 90' lang='lat' dir='ltr'>que</span> <span class='ocrx_word' id='word_1_14' title='bbox 471 404 715 447; x_wconf 83' lang='lat' dir='ltr'>narratione</span> <span class='ocrx_word' id='word_1_15' title='bbox 748 402 1017 447; x_wconf 81' lang='lat' dir='ltr'>contexunt?</span> <span class='ocrx_word' id='word_1_16' title='bbox 1050 399 1166 459; x_wconf 78' lang='lat' dir='ltr'>Quid</span> <span class='ocrx_word' id='word_1_17' title='bbox 1197 409 1414 461; x_wconf 88' lang='lat' dir='ltr'>postremo</span> <span class='ocrx_word' id='word_1_18' title='bbox 1444 400 1498 444; x_wconf 91' lang='lat' dir='ltr'>de</span> <span class='ocrx_word' id='word_1_19' title='bbox 1534 401 1627 460; x_wconf 89' lang='lat' dir='ltr'>ipso</span> <span class='ocrx_word' id='word_1_20' title='bbox 1660 417 1741 445; x_wconf 87' lang='lat' dir='ltr'>nu-</span> 
     </span>
     <span class='ocr_line' id='line_1_4' title="bbox 359 471 1744 533; baseline -0.003 -14"><span class='ocrx_word' id='word_1_21' title='bbox 359 476 510 519; x_wconf 80' lang='lat' dir='ltr'>mero?</span> <span class='ocrx_word' id='word_1_22' title='bbox 535 472 892 533; x_wconf 85' lang='lat' dir='ltr'>quandoquidem</span> <span class='ocrx_word' id='word_1_23' title='bbox 926 473 1061 514; x_wconf 85' lang='lat' dir='ltr'>Lucas</span> <span class='ocrx_word' id='word_1_24' title='bbox 1092 486 1115 514; x_wconf 89' lang='lat' dir='ltr'>a</span> <span class='ocrx_word' id='word_1_25' title='bbox 1149 471 1334 514; x_wconf 90' lang='lat' dir='ltr'>Domino</span> <span class='ocrx_word' id='word_1_26' title='bbox 1361 486 1499 531; x_wconf 88' lang='lat' dir='ltr'>usque</span> <span class='ocrx_word' id='word_1_27' title='bbox 1531 471 1584 515; x_wconf 89' lang='lat' dir='ltr'>ad</span> <span class='ocrx_word' id='word_1_28' title='bbox 1608 471 1744 516; x_wconf 87' lang='lat' dir='ltr'>David</span> 
     </span>
     <span class='ocr_line' id='line_1_5' title="bbox 355 541 1744 605; baseline -0.002 -17"><span class='ocrx_word' id='word_1_29' title='bbox 355 544 747 605; x_wconf 82' lang='lat' dir='ltr'>quadraginta-tres</span> <span class='ocrx_word' id='word_1_30' title='bbox 766 541 1063 600; x_wconf 78' lang='lat' dir='ltr'>generationes</span> <span class='ocrx_word' id='word_1_31' title='bbox 1080 550 1329 595; x_wconf 87' lang='lat' dir='ltr'>enumerat,</span> <span class='ocrx_word' id='word_1_32' title='bbox 1351 542 1583 585; x_wconf 81' lang='lat' dir='ltr'>Mauhaeus</span> <span class='ocrx_word' id='word_1_33' title='bbox 1597 551 1744 585; x_wconf 83' lang='lat' dir='ltr'>autem</span> 
     </span>
     <span class='ocr_line' id='line_1_6' title="bbox 356 610 1743 672; baseline -0.003 -13"><span class='ocrx_word' id='word_1_34' title='bbox 356 631 378 659; x_wconf 88' lang='lat' dir='ltr'>a</span> <span class='ocrx_word' id='word_1_35' title='bbox 409 613 544 658; x_wconf 86' lang='lat' dir='ltr'>David</span> <span class='ocrx_word' id='word_1_36' title='bbox 581 627 717 672; x_wconf 88' lang='lat' dir='ltr'>usque</span> <span class='ocrx_word' id='word_1_37' title='bbox 740 611 794 655; x_wconf 88' lang='lat' dir='ltr'>ad</span> <span class='ocrx_word' id='word_1_38' title='bbox 821 610 1052 655; x_wconf 91' lang='lat' dir='ltr'>Dominum</span> <span class='ocrx_word' id='word_1_39' title='bbox 1074 611 1348 668; x_wconf 81' lang='lat' dir='ltr'>viginti-octo</span> <span class='ocrx_word' id='word_1_40' title='bbox 1382 610 1451 655; x_wconf 90' lang='lat' dir='ltr'>vel</span> <span class='ocrx_word' id='word_1_41' title='bbox 1469 612 1743 672; x_wconf 85' lang='lat' dir='ltr'>viginti—sep-</span> 
     </span>
     <span class='ocr_line' id='line_1_7' title="bbox 353 682 1742 742; baseline -0.001 -14"><span class='ocrx_word' id='word_1_42' title='bbox 353 694 442 728; x_wconf 88' lang='lat' dir='ltr'>tem</span> <span class='ocrx_word' id='word_1_43' title='bbox 458 687 474 725; x_wconf 76' lang='lat'><strong>?</strong></span> <span class='ocrx_word' id='word_1_44' title='bbox 494 683 610 728; x_wconf 89' lang='lat' dir='ltr'>Certi</span> <span class='ocrx_word' id='word_1_45' title='bbox 631 683 746 726; x_wconf 83' lang='lat' dir='ltr'>enim</span> <span class='ocrx_word' id='word_1_46' title='bbox 777 682 1032 727; x_wconf 79' lang='lat' dir='ltr'>sacramenti</span> <span class='ocrx_word' id='word_1_47' title='bbox 1054 682 1187 740; x_wconf 83' lang='lat' dir='ltr'>gratia</span> <span class='ocrx_word' id='word_1_48' title='bbox 1218 697 1356 742; x_wconf 87' lang='lat' dir='ltr'>usque</span> <span class='ocrx_word' id='word_1_49' title='bbox 1386 682 1437 725; x_wconf 88' lang='lat' dir='ltr'>ad</span> <span class='ocrx_word' id='word_1_50' title='bbox 1461 684 1742 742; x_wconf 82' lang='lat' dir='ltr'>transmigra-</span> 
     </span>
     <span class='ocr_line' id='line_1_8' title="bbox 351 753 1740 814; baseline -0.001 -16"><span class='ocrx_word' id='word_1_51' title='bbox 351 755 532 808; x_wconf 81' lang='lat' dir='ltr'>tionem,</span> <span class='ocrx_word' id='word_1_52' title='bbox 549 763 591 797; x_wconf 88' lang='lat' dir='ltr'>et</span> <span class='ocrx_word' id='word_1_53' title='bbox 609 754 663 797; x_wconf 85' lang='lat' dir='ltr'>ab</span> <span class='ocrx_word' id='word_1_54' title='bbox 684 754 772 814; x_wconf 87' lang='lat' dir='ltr'>ipsa</span> <span class='ocrx_word' id='word_1_55' title='bbox 789 753 893 796; x_wconf 84' lang='lat' dir='ltr'>item</span> <span class='ocrx_word' id='word_1_56' title='bbox 916 753 1295 811; x_wconf 80' lang='lat' dir='ltr'>transmigratione</span> <span class='ocrx_word' id='word_1_57' title='bbox 1313 768 1423 796; x_wconf 92' lang='lat' dir='ltr'>unus</span> <span class='ocrx_word' id='word_1_58' title='bbox 1449 753 1511 795; x_wconf 86' lang='lat' dir='ltr'>bis</span> <span class='ocrx_word' id='word_1_59' title='bbox 1535 768 1740 797; x_wconf 90' lang='lat' dir='ltr'>numera-</span> 
     </span>
     <span class='ocr_line' id='line_1_9' title="bbox 351 822 1742 883; baseline -0.001 -14"><span class='ocrx_word' id='word_1_60' title='bbox 351 835 438 869; x_wconf 90' lang='lat' dir='ltr'>tur.</span> <span class='ocrx_word' id='word_1_61' title='bbox 474 824 769 878; x_wconf 78' lang='lat' dir='ltr'>Quaerendum</span> <span class='ocrx_word' id='word_1_62' title='bbox 805 823 938 882; x_wconf 77' lang='lat' dir='ltr'>igitur</span> <span class='ocrx_word' id='word_1_63' title='bbox 970 822 1194 883; x_wconf 83' lang='lat' dir='ltr'>quomodo</span> <span class='ocrx_word' id='word_1_64' title='bbox 1229 822 1338 866; x_wconf 89' lang='lat' dir='ltr'>duos</span> <span class='ocrx_word' id='word_1_65' title='bbox 1376 833 1518 882; x_wconf 84' lang='lat' dir='ltr'>patres</span> <span class='ocrx_word' id='word_1_66' title='bbox 1552 824 1742 882; x_wconf 82' lang='lat' dir='ltr'>potuerit</span> 
     </span>
     <span class='ocr_line' id='line_1_10' title="bbox 349 893 1741 957; baseline -0.001 -18"><span class='ocrx_word' id='word_1_67' title='bbox 349 896 510 940; x_wconf 89' lang='lat' dir='ltr'>habere</span> <span class='ocrx_word' id='word_1_68' title='bbox 534 896 694 955; x_wconf 83' lang='lat' dir='ltr'>Joseph</span> <span class='ocrx_word' id='word_1_69' title='bbox 709 896 726 935; x_wconf 68' lang='lat'>⁸?</span> <span class='ocrx_word' id='word_1_70' title='bbox 757 897 812 937; x_wconf 89' lang='lat' dir='ltr'>Et</span> <span class='ocrx_word' id='word_1_71' title='bbox 832 893 938 943; x_wconf 67' lang='lat' dir='ltr'>mihi</span> <span class='ocrx_word' id='word_1_72' title='bbox 972 893 1150 957; x_wconf 83' lang='lat' dir='ltr'>quidem</span> <span class='ocrx_word' id='word_1_73' title='bbox 1173 894 1218 936; x_wconf 91' lang='lat' dir='ltr'>in</span> <span class='ocrx_word' id='word_1_74' title='bbox 1241 895 1467 953; x_wconf 64' lang='lat' dir='ltr'>praesentia</span> <span class='ocrx_word' id='word_1_75' title='bbox 1490 903 1574 937; x_wconf 88' lang='lat' dir='ltr'>tres</span> <span class='ocrx_word' id='word_1_76' title='bbox 1601 910 1741 938; x_wconf 84' lang='lat' dir='ltr'>causae</span> 
     </span>
     <span class='ocr_line' id='line_1_11' title="bbox 350 963 1742 1027; baseline -0.003 -15"><span class='ocrx_word' id='word_1_77' title='bbox 350 976 613 1021; x_wconf 87' lang='lat' dir='ltr'>occurrunt,</span> <span class='ocrx_word' id='word_1_78' title='bbox 648 981 832 1027; x_wconf 90' lang='lat' dir='ltr'>quarum</span> <span class='ocrx_word' id='word_1_79' title='bbox 853 964 1043 1025; x_wconf 83' lang='lat' dir='ltr'>aliquam</span> <span class='ocrx_word' id='word_1_80' title='bbox 1068 963 1346 1023; x_wconf 84' lang='lat' dir='ltr'>Evangelista</span> <span class='ocrx_word' id='word_1_81' title='bbox 1364 974 1536 1009; x_wconf 90' lang='lat' dir='ltr'>secutus</span> <span class='ocrx_word' id='word_1_82' title='bbox 1558 966 1627 1009; x_wconf 91' lang='lat' dir='ltr'>sit.</span> <span class='ocrx_word' id='word_1_83' title='bbox 1654 969 1742 1009; x_wconf 84' lang='lat' dir='ltr'>Aut</span> 
     </span>
     <span class='ocr_line' id='line_1_12' title="bbox 351 1034 1742 1097; baseline -0.002 -15"><span class='ocrx_word' id='word_1_84' title='bbox 351 1038 467 1086; x_wconf 88' lang='lat' dir='ltr'>enim</span> <span class='ocrx_word' id='word_1_85' title='bbox 490 1053 603 1081; x_wconf 90' lang='lat' dir='ltr'>unus</span> <span class='ocrx_word' id='word_1_86' title='bbox 620 1045 713 1081; x_wconf 87' lang='lat' dir='ltr'>erat</span> <span class='ocrx_word' id='word_1_87' title='bbox 735 1039 758 1081; x_wconf 91' lang='lat' dir='ltr'>J</span> <span class='ocrx_word' id='word_1_88' title='bbox 763 1036 895 1097; x_wconf 90' lang='lat' dir='ltr'>oseph</span> <span class='ocrx_word' id='word_1_89' title='bbox 915 1034 1124 1079; x_wconf 87' lang='lat' dir='ltr'>naturalis</span> <span class='ocrx_word' id='word_1_90' title='bbox 1144 1044 1281 1094; x_wconf 85' lang='lat' dir='ltr'>pater,</span> <span class='ocrx_word' id='word_1_91' title='bbox 1299 1044 1342 1079; x_wconf 87' lang='lat' dir='ltr'>et</span> <span class='ocrx_word' id='word_1_92' title='bbox 1359 1035 1467 1079; x_wconf 90' lang='lat' dir='ltr'>alter</span> <span class='ocrx_word' id='word_1_93' title='bbox 1489 1051 1591 1079; x_wconf 89' lang='lat' dir='ltr'>eum</span> <span class='ocrx_word' id='word_1_94' title='bbox 1613 1035 1742 1096; x_wconf 89' lang='lat' dir='ltr'>adop-</span> 
     </span>
     <span class='ocr_line' id='line_1_13' title="bbox 349 1106 1743 1161; baseline -0.001 -8"><span class='ocrx_word' id='word_1_95' title='bbox 349 1117 516 1154; x_wconf 79' lang='lat' dir='ltr'>taverat</span> <span class='ocrx_word' id='word_1_96' title='bbox 538 1128 547 1153; x_wconf 76' lang='grc' dir='ltr'>ε</span> <span class='ocrx_word' id='word_1_97' title='bbox 573 1116 647 1151; x_wconf 86' lang='lat' dir='ltr'>aut</span> <span class='ocrx_word' id='word_1_98' title='bbox 671 1123 789 1152; x_wconf 92' lang='lat' dir='ltr'>more</span> <span class='ocrx_word' id='word_1_99' title='bbox 811 1109 835 1150; x_wconf 86' lang='lat' dir='ltr'>J</span> <span class='ocrx_word' id='word_1_100' title='bbox 842 1106 1088 1161; x_wconf 84' lang='lat' dir='ltr'>udaeorum,</span> <span class='ocrx_word' id='word_1_101' title='bbox 1110 1122 1211 1151; x_wconf 87' lang='lat' dir='ltr'>cum</span> <span class='ocrx_word' id='word_1_102' title='bbox 1234 1107 1325 1150; x_wconf 92' lang='lat' dir='ltr'>sine</span> <span class='ocrx_word' id='word_1_103' title='bbox 1348 1107 1445 1150; x_wconf 89' lang='lat' dir='ltr'>filiis</span> <span class='ocrx_word' id='word_1_104' title='bbox 1469 1122 1581 1150; x_wconf 90' lang='lat' dir='ltr'>unus</span> <span class='ocrx_word' id='word_1_105' title='bbox 1599 1106 1743 1152; x_wconf 88' lang='lat' dir='ltr'>deces-</span> 
     </span>
     <span class='ocr_line' id='line_1_14' title="bbox 351 1177 1743 1239; baseline -0.002 -16"><span class='ocrx_word' id='word_1_106' title='bbox 351 1180 493 1233; x_wconf 85' lang='lat' dir='ltr'>sisset,</span> <span class='ocrx_word' id='word_1_107' title='bbox 522 1193 701 1222; x_wconf 85' lang='lat' dir='ltr'>uxorem</span> <span class='ocrx_word' id='word_1_108' title='bbox 731 1179 824 1238; x_wconf 89' lang='lat' dir='ltr'>ejus</span> <span class='ocrx_word' id='word_1_109' title='bbox 857 1177 1130 1236; x_wconf 85' lang='lat' dir='ltr'>propinquus</span> <span class='ocrx_word' id='word_1_110' title='bbox 1160 1177 1399 1237; x_wconf 88' lang='lat' dir='ltr'>accipiens,</span> <span class='ocrx_word' id='word_1_111' title='bbox 1436 1177 1575 1221; x_wconf 85' lang='lat' dir='ltr'>filium</span> <span class='ocrx_word' id='word_1_112' title='bbox 1613 1192 1743 1239; x_wconf 90' lang='lat' dir='ltr'>quem</span> 
     </span>
     <span class='ocr_line' id='line_1_15' title="bbox 353 1247 1743 1310; baseline -0.001 -17"><span class='ocrx_word' id='word_1_113' title='bbox 353 1251 502 1310; x_wconf 85' lang='lat' dir='ltr'>genuit</span> <span class='ocrx_word' id='word_1_114' title='bbox 526 1250 773 1310; x_wconf 90' lang='lat' dir='ltr'>propinquo</span> <span class='ocrx_word' id='word_1_115' title='bbox 803 1258 977 1292; x_wconf 88' lang='lat' dir='ltr'>mortuo</span> <span class='ocrx_word' id='word_1_116' title='bbox 1005 1247 1231 1307; x_wconf 84' lang='lat' dir='ltr'>deputavit</span> <span class='ocrx_word' id='word_1_117' title='bbox 1248 1251 1290 1306; x_wconf 77' lang='lat'>13</span> <span class='ocrx_word' id='word_1_118' title='bbox 1327 1258 1374 1292; x_wconf 88' lang='lat' dir='ltr'>ut</span> <span class='ocrx_word' id='word_1_119' title='bbox 1410 1264 1509 1292; x_wconf 89' lang='lat' dir='ltr'>cum</span> <span class='ocrx_word' id='word_1_120' title='bbox 1534 1248 1588 1292; x_wconf 82' lang='lat' dir='ltr'>ab</span> <span class='ocrx_word' id='word_1_121' title='bbox 1608 1248 1743 1293; x_wconf 88' lang='lat' dir='ltr'>altero</span> 
     </span>
     <span class='ocr_line' id='line_1_16' title="bbox 353 1311 1744 1379; baseline 0 -15"><span class='ocrx_word' id='word_1_122' title='bbox 353 1321 475 1365; x_wconf 89' lang='lat' dir='ltr'>alteri</span> <span class='ocrx_word' id='word_1_123' title='bbox 498 1311 666 1378; x_wconf 84' lang='lat' dir='ltr'>genitus</span> <span class='ocrx_word' id='word_1_124' title='bbox 689 1311 796 1364; x_wconf 84' lang='lat' dir='ltr'>esset</span> <span class='ocrx_word' id='word_1_125' title='bbox 819 1320 1002 1379; x_wconf 90' lang='lat' dir='ltr'>Joseph,</span> <span class='ocrx_word' id='word_1_126' title='bbox 1027 1320 1337 1363; x_wconf 88' lang='lat' dir='ltr'>convenienter</span> <span class='ocrx_word' id='word_1_127' title='bbox 1365 1319 1474 1363; x_wconf 93' lang='lat' dir='ltr'>duos</span> <span class='ocrx_word' id='word_1_128' title='bbox 1498 1329 1639 1378; x_wconf 87' lang='lat' dir='ltr'>patres</span> <span class='ocrx_word' id='word_1_129' title='bbox 1664 1321 1744 1364; x_wconf 87' lang='lat' dir='ltr'>ha-</span> 
     </span>
     <span class='ocr_line' id='line_1_17' title="bbox 351 1389 1744 1450; baseline 0 -16"><span class='ocrx_word' id='word_1_130' title='bbox 351 1391 456 1439; x_wconf 84' lang='lat' dir='ltr'>bere</span> <span class='ocrx_word' id='word_1_131' title='bbox 479 1389 710 1434; x_wconf 79' lang='lat' dir='ltr'>diceretur.</span> <span class='ocrx_word' id='word_1_132' title='bbox 740 1392 828 1433; x_wconf 82' lang='lat' dir='ltr'>Aut</span> <span class='ocrx_word' id='word_1_133' title='bbox 853 1405 965 1433; x_wconf 90' lang='lat' dir='ltr'>unus</span> <span class='ocrx_word' id='word_1_134' title='bbox 994 1389 1267 1446; x_wconf 83' lang='lat' dir='ltr'>Evangelista</span> <span class='ocrx_word' id='word_1_135' title='bbox 1303 1399 1470 1449; x_wconf 88' lang='lat' dir='ltr'>patrem</span> <span class='ocrx_word' id='word_1_136' title='bbox 1496 1391 1586 1449; x_wconf 86' lang='lat' dir='ltr'>ejus</span> <span class='ocrx_word' id='word_1_137' title='bbox 1609 1405 1630 1433; x_wconf 89' lang='lat' dir='ltr'>a</span> <span class='ocrx_word' id='word_1_138' title='bbox 1655 1405 1744 1450; x_wconf 89' lang='lat' dir='ltr'>quo</span> 
     </span>
     <span class='ocr_line' id='line_1_18' title="bbox 354 1458 1740 1519; baseline -0.001 -16"><span class='ocrx_word' id='word_1_139' title='bbox 354 1461 523 1519; x_wconf 85' lang='lat' dir='ltr'>genitus</span> <span class='ocrx_word' id='word_1_140' title='bbox 555 1470 618 1504; x_wconf 85' lang='lat' dir='ltr'>est</span> <span class='ocrx_word' id='word_1_141' title='bbox 646 1460 887 1504; x_wconf 87' lang='lat' dir='ltr'>nominavit</span> <span class='ocrx_word' id='word_1_142' title='bbox 915 1479 922 1503; x_wconf 87' lang='lat'>:</span> <span class='ocrx_word' id='word_1_143' title='bbox 955 1458 1063 1503; x_wconf 88' lang='lat' dir='ltr'>alter</span> <span class='ocrx_word' id='word_1_144' title='bbox 1092 1474 1194 1503; x_wconf 88' lang='lat' dir='ltr'>vero</span> <span class='ocrx_word' id='word_1_145' title='bbox 1220 1459 1287 1503; x_wconf 89' lang='lat' dir='ltr'>vel</span> <span class='ocrx_word' id='word_1_146' title='bbox 1320 1475 1447 1503; x_wconf 88' lang='lat' dir='ltr'>avum</span> <span class='ocrx_word' id='word_1_147' title='bbox 1474 1469 1740 1515; x_wconf 85' lang='lat' dir='ltr'>maternum,</span> 
     </span>
     <span class='ocr_line' id='line_1_19' title="bbox 354 1529 1745 1590; baseline 0 -16"><span class='ocrx_word' id='word_1_148' title='bbox 354 1530 423 1574; x_wconf 91' lang='lat' dir='ltr'>vel</span> <span class='ocrx_word' id='word_1_149' title='bbox 451 1530 639 1590; x_wconf 82' lang='lat' dir='ltr'>aliquem</span> <span class='ocrx_word' id='word_1_150' title='bbox 678 1530 733 1573; x_wconf 90' lang='lat' dir='ltr'>de</span> <span class='ocrx_word' id='word_1_151' title='bbox 761 1530 953 1587; x_wconf 83' lang='lat' dir='ltr'>cognatis</span> <span class='ocrx_word' id='word_1_152' title='bbox 986 1529 1223 1589; x_wconf 86' lang='lat' dir='ltr'>majoribus</span> <span class='ocrx_word' id='word_1_153' title='bbox 1258 1530 1423 1588; x_wconf 80' lang='lat' dir='ltr'>posuit,</span> <span class='ocrx_word' id='word_1_154' title='bbox 1464 1530 1534 1572; x_wconf 90' lang='lat' dir='ltr'>eui</span> <span class='ocrx_word' id='word_1_155' title='bbox 1571 1539 1745 1589; x_wconf 87' lang='lat' dir='ltr'>propter</span> 
     </span>
     <span class='ocr_line' id='line_1_20' title="bbox 354 1590 1745 1661; baseline -0.001 -17"><span class='ocrx_word' id='word_1_156' title='bbox 354 1601 739 1659; x_wconf 81' lang='lat' dir='ltr'>consanguinitatis</span> <span class='ocrx_word' id='word_1_157' title='bbox 761 1590 987 1644; x_wconf 89' lang='lat' dir='ltr'>vinculum</span> <span class='ocrx_word' id='word_1_158' title='bbox 1008 1600 1052 1642; x_wconf 89' lang='lat' dir='ltr'>in</span> <span class='ocrx_word' id='word_1_159' title='bbox 1075 1599 1149 1642; x_wconf 85' lang='lat' dir='ltr'>filii</span> <span class='ocrx_word' id='word_1_160' title='bbox 1168 1598 1264 1643; x_wconf 89' lang='lat' dir='ltr'>loco</span> <span class='ocrx_word' id='word_1_161' title='bbox 1280 1599 1439 1661; x_wconf 87' lang='lat' dir='ltr'>Joseph</span> <span class='ocrx_word' id='word_1_162' title='bbox 1455 1615 1543 1643; x_wconf 90' lang='lat' dir='ltr'>non</span> <span class='ocrx_word' id='word_1_163' title='bbox 1558 1600 1745 1643; x_wconf 88' lang='lat' dir='ltr'>absurde</span> 
     </span>
     <span class='ocr_line' id='line_1_21' title="bbox 356 1669 1744 1729; baseline -0.001 -15"><span class='ocrx_word' id='word_1_164' title='bbox 356 1671 709 1724; x_wconf 88' lang='lat' dir='ltr'>constitueretur,</span> <span class='ocrx_word' id='word_1_165' title='bbox 728 1679 777 1714; x_wconf 88' lang='lat' dir='ltr'>ut</span> <span class='ocrx_word' id='word_1_166' title='bbox 798 1669 899 1712; x_wconf 90' lang='lat' dir='ltr'>inde</span> <span class='ocrx_word' id='word_1_167' title='bbox 919 1671 1009 1728; x_wconf 86' lang='lat' dir='ltr'>jam</span> <span class='ocrx_word' id='word_1_168' title='bbox 1031 1685 1170 1729; x_wconf 91' lang='lat' dir='ltr'>usque</span> <span class='ocrx_word' id='word_1_169' title='bbox 1192 1669 1247 1713; x_wconf 88' lang='lat' dir='ltr'>ad</span> <span class='ocrx_word' id='word_1_170' title='bbox 1271 1669 1407 1714; x_wconf 86' lang='lat' dir='ltr'>David</span> <span class='ocrx_word' id='word_1_171' title='bbox 1428 1686 1517 1714; x_wconf 92' lang='lat' dir='ltr'>non</span> <span class='ocrx_word' id='word_1_172' title='bbox 1542 1670 1744 1714; x_wconf 87' lang='lat' dir='ltr'>eumdem</span> 
     </span>
     <span class='ocr_line' id='line_1_22' title="bbox 355 1739 1745 1800; baseline 0 -17"><span class='ocrx_word' id='word_1_173' title='bbox 355 1755 486 1800; x_wconf 90' lang='lat' dir='ltr'>quem</span> <span class='ocrx_word' id='word_1_174' title='bbox 504 1741 737 1784; x_wconf 85' lang='lat' dir='ltr'>Matthaeus</span> <span class='ocrx_word' id='word_1_175' title='bbox 758 1740 1086 1797; x_wconf 79' lang='lat' dir='ltr'>generationum</span> <span class='ocrx_word' id='word_1_176' title='bbox 1104 1739 1301 1783; x_wconf 90' lang='lat' dir='ltr'>ordinem</span> <span class='ocrx_word' id='word_1_177' title='bbox 1326 1749 1501 1783; x_wconf 81' lang='lat' dir='ltr'>texeret.</span> <span class='ocrx_word' id='word_1_178' title='bbox 1520 1742 1569 1783; x_wconf 83' lang='lat' dir='ltr'>ln</span> <span class='ocrx_word' id='word_1_179' title='bbox 1584 1740 1745 1799; x_wconf 90' lang='lat' dir='ltr'>quibus</span> 
     </span>
     <span class='ocr_line' id='line_1_23' title="bbox 358 1809 1742 1869; baseline -0.001 -14"><span class='ocrx_word' id='word_1_180' title='bbox 358 1812 496 1855; x_wconf 85' lang='lat' dir='ltr'>causis</span> <span class='ocrx_word' id='word_1_181' title='bbox 516 1810 590 1854; x_wconf 85' lang='lat' dir='ltr'>illa</span> <span class='ocrx_word' id='word_1_182' title='bbox 611 1811 786 1854; x_wconf 83' lang='lat' dir='ltr'>videtur</span> <span class='ocrx_word' id='word_1_183' title='bbox 804 1811 991 1863; x_wconf 83' lang='lat' dir='ltr'>infirma,</span> <span class='ocrx_word' id='word_1_184' title='bbox 1012 1825 1143 1869; x_wconf 83' lang='lat' dir='ltr'>quam</span> <span class='ocrx_word' id='word_1_185' title='bbox 1168 1809 1360 1854; x_wconf 87' lang='lat' dir='ltr'>secundo</span> <span class='ocrx_word' id='word_1_186' title='bbox 1382 1810 1481 1854; x_wconf 93' lang='lat' dir='ltr'>loco</span> <span class='ocrx_word' id='word_1_187' title='bbox 1500 1811 1742 1869; x_wconf 90' lang='lat' dir='ltr'>posuimus:</span> 
     </span>
     <span class='ocr_line' id='line_1_24' title="bbox 360 1878 1748 1941; baseline 0.001 -17"><span class='ocrx_word' id='word_1_188' title='bbox 360 1882 461 1941; x_wconf 86' lang='lat' dir='ltr'>quia</span> <span class='ocrx_word' id='word_1_189' title='bbox 490 1897 590 1924; x_wconf 89' lang='lat' dir='ltr'>cum</span> <span class='ocrx_word' id='word_1_190' title='bbox 614 1882 799 1940; x_wconf 90' lang='lat' dir='ltr'>quisque</span> <span class='ocrx_word' id='word_1_191' title='bbox 828 1880 945 1938; x_wconf 89' lang='lat' dir='ltr'>apud</span> <span class='ocrx_word' id='word_1_192' title='bbox 975 1879 1150 1923; x_wconf 84' lang='lat' dir='ltr'>Judaeos</span> <span class='ocrx_word' id='word_1_193' title='bbox 1174 1878 1384 1923; x_wconf 86' lang='lat' dir='ltr'>defuncto</span> <span class='ocrx_word' id='word_1_194' title='bbox 1407 1879 1537 1924; x_wconf 85' lang='lat' dir='ltr'>fratre</span> <span class='ocrx_word' id='word_1_195' title='bbox 1555 1880 1624 1925; x_wconf 89' lang='lat' dir='ltr'>vel</span> <span class='ocrx_word' id='word_1_196' title='bbox 1645 1897 1748 1940; x_wconf 84' lang='lat' dir='ltr'>pro-</span> 
     </span>
     <span class='ocr_line' id='line_1_25' title="bbox 360 1949 1742 2011; baseline 0 -16"><span class='ocrx_word' id='word_1_197' title='bbox 360 1952 527 2011; x_wconf 90' lang='lat' dir='ltr'>pinquo</span> <span class='ocrx_word' id='word_1_198' title='bbox 545 1950 712 2009; x_wconf 86' lang='lat' dir='ltr'>prolem</span> <span class='ocrx_word' id='word_1_199' title='bbox 735 1950 789 1993; x_wconf 88' lang='lat' dir='ltr'>de</span> <span class='ocrx_word' id='word_1_200' title='bbox 812 1965 944 1993; x_wconf 79' lang='lat' dir='ltr'>uxore</span> <span class='ocrx_word' id='word_1_201' title='bbox 966 1951 1057 2008; x_wconf 86' lang='lat' dir='ltr'>ejus</span> <span class='ocrx_word' id='word_1_202' title='bbox 1075 1950 1325 2003; x_wconf 81' lang='lat' dir='ltr'>exsuscitat,</span> <span class='ocrx_word' id='word_1_203' title='bbox 1344 1949 1453 1993; x_wconf 87' lang='lat' dir='ltr'>illud</span> <span class='ocrx_word' id='word_1_204' title='bbox 1469 1951 1588 2009; x_wconf 88' lang='lat' dir='ltr'>quod</span> <span class='ocrx_word' id='word_1_205' title='bbox 1606 1952 1742 1995; x_wconf 84' lang='lat' dir='ltr'>nasci·</span> 
     </span>
     <span class='ocr_line' id='line_1_26' title="bbox 361 2019 1747 2080; baseline -0.001 -14"><span class='ocrx_word' id='word_1_206' title='bbox 361 2032 434 2066; x_wconf 85' lang='lat' dir='ltr'>tur</span> <span class='ocrx_word' id='word_1_207' title='bbox 472 2037 631 2065; x_wconf 89' lang='lat' dir='ltr'>nomen</span> <span class='ocrx_word' id='word_1_208' title='bbox 669 2019 866 2064; x_wconf 83' lang='lat' dir='ltr'>defuncti</span> <span class='ocrx_word' id='word_1_209' title='bbox 900 2019 1008 2064; x_wconf 86' lang='lat' dir='ltr'>solet</span> <span class='ocrx_word' id='word_1_210' title='bbox 1039 2021 1276 2078; x_wconf 72' lang='lat' dir='ltr'>accipere‘2.</span> <span class='ocrx_word' id='word_1_211' title='bbox 1316 2023 1431 2079; x_wconf 86' lang='lat' dir='ltr'>Ergo</span> <span class='ocrx_word' id='word_1_212' title='bbox 1465 2030 1539 2064; x_wconf 87' lang='lat' dir='ltr'>aut</span> <span class='ocrx_word' id='word_1_213' title='bbox 1571 2020 1747 2080; x_wconf 88' lang='lat' dir='ltr'>adoptio</span> 
     </span>
     <span class='ocr_line' id='line_1_27' title="bbox 362 2092 1748 2153; baseline -0.001 -15"><span class='ocrx_word' id='word_1_214' title='bbox 362 2093 489 2138; x_wconf 91' lang='lat' dir='ltr'>solvit</span> <span class='ocrx_word' id='word_1_215' title='bbox 514 2093 639 2136; x_wconf 90' lang='lat' dir='ltr'>istam</span> <span class='ocrx_word' id='word_1_216' title='bbox 665 2092 973 2151; x_wconf 85' lang='lat' dir='ltr'>quaestionem,</span> <span class='ocrx_word' id='word_1_217' title='bbox 1001 2100 1077 2134; x_wconf 88' lang='lat' dir='ltr'>aut</span> <span class='ocrx_word' id='word_1_218' title='bbox 1099 2092 1220 2149; x_wconf 80' lang='lat' dir='ltr'>origo</span> <span class='ocrx_word' id='word_1_219' title='bbox 1244 2093 1478 2151; x_wconf 87' lang='lat' dir='ltr'>majorum,</span> <span class='ocrx_word' id='word_1_220' title='bbox 1505 2102 1579 2136; x_wconf 88' lang='lat' dir='ltr'>aut</span> <span class='ocrx_word' id='word_1_221' title='bbox 1602 2092 1748 2153; x_wconf 84' lang='lat' dir='ltr'>aliqua</span> 
     </span>
     <span class='ocr_line' id='line_1_28' title="bbox 361 2161 1748 2222; baseline -0.002 -13"><span class='ocrx_word' id='word_1_222' title='bbox 361 2164 443 2209; x_wconf 83' lang='lat' dir='ltr'>alia</span> <span class='ocrx_word' id='word_1_223' title='bbox 466 2178 592 2208; x_wconf 84' lang='lat' dir='ltr'>causa</span> <span class='ocrx_word' id='word_1_224' title='bbox 616 2177 715 2221; x_wconf 85' lang='lat' dir='ltr'>quae</span> <span class='ocrx_word' id='word_1_225' title='bbox 739 2161 864 2205; x_wconf 90' lang='lat' dir='ltr'>nobis</span> <span class='ocrx_word' id='word_1_226' title='bbox 887 2162 931 2204; x_wconf 92' lang='lat' dir='ltr'>in</span> <span class='ocrx_word' id='word_1_227' title='bbox 950 2162 1174 2219; x_wconf 85' lang='lat' dir='ltr'>praesentia</span> <span class='ocrx_word' id='word_1_228' title='bbox 1194 2177 1282 2205; x_wconf 86' lang='lat' dir='ltr'>non</span> <span class='ocrx_word' id='word_1_229' title='bbox 1300 2163 1748 2222; x_wconf 85' lang='lat' dir='ltr'>occurrit.Quaprop-</span> 
     </span>
     <span class='ocr_line' id='line_1_29' title="bbox 364 2231 1750 2291; baseline 0 -13"><span class='ocrx_word' id='word_1_230' title='bbox 364 2244 430 2279; x_wconf 88' lang='lat' dir='ltr'>ter</span> <span class='ocrx_word' id='word_1_231' title='bbox 451 2243 570 2278; x_wconf 83' lang='lat' dir='ltr'>tanta</span> <span class='ocrx_word' id='word_1_232' title='bbox 594 2242 654 2276; x_wconf 86' lang='lat' dir='ltr'>est</span> <span class='ocrx_word' id='word_1_233' title='bbox 678 2247 828 2276; x_wconf 91' lang='lat' dir='ltr'>eorum</span> <span class='ocrx_word' id='word_1_234' title='bbox 852 2231 1069 2279; x_wconf 85' lang='lat' dir='ltr'>dementia</span> <span class='ocrx_word' id='word_1_235' title='bbox 1087 2266 1098 2286; x_wconf 86' lang='lat'>,</span> <span class='ocrx_word' id='word_1_236' title='bbox 1130 2232 1206 2291; x_wconf 90' lang='lat' dir='ltr'>qui</span> <span class='ocrx_word' id='word_1_237' title='bbox 1227 2231 1394 2275; x_wconf 83' lang='lat' dir='ltr'>facilius</span> <span class='ocrx_word' id='word_1_238' title='bbox 1416 2232 1673 2277; x_wconf 88' lang='lat' dir='ltr'>dilabuntur</span> <span class='ocrx_word' id='word_1_239' title='bbox 1694 2233 1750 2278; x_wconf 87' lang='lat' dir='ltr'>ad</span> 
     </span>
     <span class='ocr_line' id='line_1_30' title="bbox 363 2300 1745 2362; baseline -0.001 -13"><span class='ocrx_word' id='word_1_240' title='bbox 363 2303 736 2362; x_wconf 84' lang='lat' dir='ltr'>Evangelistarum</span> <span class='ocrx_word' id='word_1_241' title='bbox 787 2302 977 2362; x_wconf 83' lang='lat' dir='ltr'>aliquem</span> <span class='ocrx_word' id='word_1_242' title='bbox 1024 2301 1079 2345; x_wconf 89' lang='lat' dir='ltr'>de</span> <span class='ocrx_word' id='word_1_243' title='bbox 1124 2300 1352 2346; x_wconf 90' lang='lat' dir='ltr'>mendacio</span> <span class='ocrx_word' id='word_1_244' title='bbox 1394 2303 1715 2347; x_wconf 83' lang='lat' dir='ltr'>criminandum</span> <span class='ocrx_word' id='word_1_245' title='bbox 1733 2337 1745 2358; x_wconf 88' lang='lat'>,</span> 
     </span>
     <span class='ocr_line' id='line_1_31' title="bbox 364 2373 1750 2439; baseline -0.001 -19"><span class='ocrx_word' id='word_1_246' title='bbox 364 2391 496 2439; x_wconf 86' lang='lat' dir='ltr'>quam</span> <span class='ocrx_word' id='word_1_247' title='bbox 520 2391 669 2419; x_wconf 86' lang='lat' dir='ltr'>causas</span> <span class='ocrx_word' id='word_1_248' title='bbox 690 2383 890 2434; x_wconf 85' lang='lat' dir='ltr'>quaerant</span> <span class='ocrx_word' id='word_1_249' title='bbox 909 2409 921 2429; x_wconf 82' lang='lat'>,</span> <span class='ocrx_word' id='word_1_250' title='bbox 958 2389 1035 2418; x_wconf 87' lang='lat' dir='ltr'>cur</span> <span class='ocrx_word' id='word_1_251' title='bbox 1067 2373 1234 2417; x_wconf 87' lang='lat' dir='ltr'>diversa</span> <span class='ocrx_word' id='word_1_252' title='bbox 1263 2383 1436 2432; x_wconf 86' lang='lat' dir='ltr'>patrum</span> <span class='ocrx_word' id='word_1_253' title='bbox 1458 2375 1633 2418; x_wconf 88' lang='lat' dir='ltr'>nomina</span> <span class='ocrx_word' id='word_1_254' title='bbox 1663 2375 1750 2418; x_wconf 90' lang='lat' dir='ltr'>sin-</span> 
     </span>
     <span class='ocr_line' id='line_1_32' title="bbox 367 2443 1750 2505; baseline 0.001 -16"><span class='ocrx_word' id='word_1_255' title='bbox 367 2447 457 2505; x_wconf 86' lang='lat' dir='ltr'>guli</span> <span class='ocrx_word' id='word_1_256' title='bbox 474 2445 907 2490; x_wconf 86' lang='lat' dir='ltr'>commemoraverint</span> <span class='ocrx_word' id='word_1_257' title='bbox 924 2480 934 2500; x_wconf 87' lang='lat'>,</span> <span class='ocrx_word' id='word_1_258' title='bbox 960 2454 1010 2489; x_wconf 89' lang='lat' dir='ltr'>ut</span> <span class='ocrx_word' id='word_1_259' title='bbox 1032 2453 1192 2488; x_wconf 86' lang='lat' dir='ltr'>temere</span> <span class='ocrx_word' id='word_1_260' title='bbox 1209 2443 1378 2489; x_wconf 86' lang='lat' dir='ltr'>dicatur</span> <span class='ocrx_word' id='word_1_261' title='bbox 1399 2444 1506 2490; x_wconf 84' lang='lat' dir='ltr'>duas</span> <span class='ocrx_word' id='word_1_262' title='bbox 1528 2444 1637 2489; x_wconf 84' lang='lat' dir='ltr'>solas</span> <span class='ocrx_word' id='word_1_263' title='bbox 1659 2460 1750 2490; x_wconf 88' lang='lat' dir='ltr'>esse</span> 
     </span>
    </p>
   </div>
   <div class='ocr_carea' id='block_1_3' title="bbox 367 2539 1749 2640">
    <p class='ocr_par' dir='ltr' id='par_1_3' title="bbox 367 2539 1749 2640">
     <span class='ocr_line' id='line_1_33' title="bbox 416 2539 1749 2584; baseline -0.002 -10"><span class='ocrx_word' id='word_1_264' title='bbox 416 2550 424 2565; x_wconf 92' lang='lat'>¹</span> <span class='ocrx_word' id='word_1_265' title='bbox 447 2546 538 2575; x_wconf 81' lang='lat' dir='ltr'>Deut.</span> <span class='ocrx_word' id='word_1_266' title='bbox 559 2553 633 2583; x_wconf 81' lang='lat' dir='ltr'>xxv,</span> <span class='ocrx_word' id='word_1_267' title='bbox 656 2541 689 2582; x_wconf 86' lang='lat'>5,</span> <span class='ocrx_word' id='word_1_268' title='bbox 708 2542 739 2572; x_wconf 89' lang='lat'>6.</span> <span class='ocrx_word' id='word_1_269' title='bbox 763 2558 803 2563; x_wconf 85' lang='lat'>-</span> <span class='ocrx_word' id='word_1_270' title='bbox 822 2548 833 2563; x_wconf 85' lang='lat'>²</span> <span class='ocrx_word' id='word_1_271' title='bbox 869 2539 912 2571; x_wconf 81' lang='lat' dir='ltr'>Id</span> <span class='ocrx_word' id='word_1_272' title='bbox 929 2548 993 2579; x_wconf 79' lang='lat' dir='ltr'>est,</span> <span class='ocrx_word' id='word_1_273' title='bbox 1019 2545 1052 2572; x_wconf 92' lang='lat' dir='ltr'>ut</span> <span class='ocrx_word' id='word_1_274' title='bbox 1075 2541 1145 2581; x_wconf 88' lang='lat' dir='ltr'>ejus</span> <span class='ocrx_word' id='word_1_275' title='bbox 1172 2541 1250 2574; x_wconf 80' lang='lat' dir='ltr'>filius</span> <span class='ocrx_word' id='word_1_276' title='bbox 1270 2542 1413 2583; x_wconf 84' lang='lat' dir='ltr'>dicatur,</span> <span class='ocrx_word' id='word_1_277' title='bbox 1437 2553 1501 2574; x_wconf 88' lang='lat' dir='ltr'>nou</span> <span class='ocrx_word' id='word_1_278' title='bbox 1518 2546 1554 2574; x_wconf 85' lang='lat' dir='ltr'>ut</span> <span class='ocrx_word' id='word_1_279' title='bbox 1580 2539 1641 2573; x_wconf 88' lang='lat' dir='ltr'>hoc</span> <span class='ocrx_word' id='word_1_280' title='bbox 1666 2541 1749 2584; x_wconf 89' lang='lat' dir='ltr'>quod</span> 
     </span>
     <span class='ocr_line' id='line_1_34' title="bbox 367 2597 1113 2640; baseline -0.003 -10"><span class='ocrx_word' id='word_1_281' title='bbox 367 2598 418 2630; x_wconf 85' lang='lat' dir='ltr'>ille</span> <span class='ocrx_word' id='word_1_282' title='bbox 436 2603 591 2640; x_wconf 85' lang='lat' dir='ltr'>vocetur,</span> <span class='ocrx_word' id='word_1_283' title='bbox 611 2610 650 2631; x_wconf 80' lang='lat' dir='ltr'>ex</span> <span class='ocrx_word' id='word_1_284' title='bbox 669 2601 809 2632; x_wconf 76' lang='lat' dir='ltr'>Retract,</span> <span class='ocrx_word' id='word_1_285' title='bbox 831 2597 887 2629; x_wconf 90' lang='lat' dir='ltr'>lib.</span> <span class='ocrx_word' id='word_1_286' title='bbox 908 2609 943 2638; x_wconf 86' lang='lat'>11,</span> <span class='ocrx_word' id='word_1_287' title='bbox 961 2607 1032 2638; x_wconf 86' lang='lat' dir='ltr'>cap.</span> <span class='ocrx_word' id='word_1_288' title='bbox 1062 2607 1113 2628; x_wconf 82' lang='lat'>12.</span> 
     </span>
    </p>
   </div>
  </div>
 </body>
</html>
