<?xml version="1.0" encoding="UTF-8"?>
<!DOCTYPE html PUBLIC "-//W3C//DTD XHTML 1.0 Transitional//EN"
    "http://www.w3.org/TR/xhtml1/DTD/xhtml1-transitional.dtd">
<html xmlns="http://www.w3.org/1999/xhtml" xml:lang="en" lang="en">
 <head>
  <title>
</title>
<meta http-equiv="Content-Type" content="text/html;charset=utf-8" />
  <meta name='ocr-system' content='tesseract 3.04.00' />
  <meta name='ocr-capabilities' content='ocr_page ocr_carea ocr_par ocr_line ocrx_word'/>
</head>
<body>
  <div class='ocr_page' id='page_1' title='image "./operaomniaaccura14auguuoft_0225.png"; bbox 0 0 1819 3301; ppageno 0'>
   <div class='ocr_carea' id='block_1_1' title="bbox 384 282 1475 329">
    <p class='ocr_par' dir='ltr' id='par_1_1' title="bbox 384 282 1475 329">
     <span class='ocr_line' id='line_1_1' title="bbox 384 282 1475 329; baseline -0.001 -9"><span class='ocrx_word' id='word_1_1' title='bbox 384 291 522 321; x_wconf 73' lang='lat' dir='ltr'>SERMO</span> <span class='ocrx_word' id='word_1_2' title='bbox 555 293 712 320; x_wconf 73' lang='lat' dir='ltr'>nomm</span> <span class='ocrx_word' id='word_1_3' title='bbox 746 294 788 319; x_wconf 76' lang='grc' dir='ltr'>ΙΝ</span> <span class='ocrx_word' id='word_1_4' title='bbox 823 292 998 329; x_wconf 74' lang='lat' dir='ltr'>MONTE,</span> <span class='ocrx_word' id='word_1_5' title='bbox 1035 293 1116 318; x_wconf 69' lang='grc' dir='ltr'>ΠΒ.</span> <span class='ocrx_word' id='word_1_6' title='bbox 1154 293 1183 318; x_wconf 86' lang='lat'>1.</span> <span class='ocrx_word' id='word_1_7' title='bbox 1393 282 1475 319; x_wconf 88' lang='lat'>199</span> 
     </span>
    </p>
   </div>
   <div class='ocr_carea' id='block_1_2' title="bbox 87 355 1485 2518">
    <p class='ocr_par' dir='ltr' id='par_1_2' title="bbox 87 355 1483 1048">
     <span class='ocr_line' id='line_1_2' title="bbox 91 355 1478 420; baseline -0.001 -18"><span class='ocrx_word' id='word_1_8' title='bbox 91 373 169 420; x_wconf 84' lang='lat' dir='ltr'>pro</span> <span class='ocrx_word' id='word_1_9' title='bbox 191 357 459 410; x_wconf 80' lang='lat' dir='ltr'>Alexandro,</span> <span class='ocrx_word' id='word_1_10' title='bbox 485 358 692 417; x_wconf 75' lang='lat' dir='ltr'>quiajam</span> <span class='ocrx_word' id='word_1_11' title='bbox 719 355 850 400; x_wconf 80' lang='lat' dir='ltr'>frater</span> <span class='ocrx_word' id='word_1_12' title='bbox 885 365 1002 410; x_wconf 82' lang='lat' dir='ltr'>erat,</span> <span class='ocrx_word' id='word_1_13' title='bbox 1029 364 1071 399; x_wconf 88' lang='lat' dir='ltr'>et</span> <span class='ocrx_word' id='word_1_14' title='bbox 1105 355 1158 398; x_wconf 88' lang='lat' dir='ltr'>ad</span> <span class='ocrx_word' id='word_1_15' title='bbox 1185 364 1366 399; x_wconf 87' lang='lat' dir='ltr'>mortem</span> <span class='ocrx_word' id='word_1_16' title='bbox 1390 391 1399 410; x_wconf 82' lang='lat'>‚</span> <span class='ocrx_word' id='word_1_17' title='bbox 1434 356 1478 400; x_wconf 89' lang='lat' dir='ltr'>id</span> 
     </span>
     <span class='ocr_line' id='line_1_3' title="bbox 92 426 1478 486; baseline -0.003 -14"><span class='ocrx_word' id='word_1_18' title='bbox 92 438 189 486; x_wconf 83' lang='lat' dir='ltr'>est,</span> <span class='ocrx_word' id='word_1_19' title='bbox 229 428 470 472; x_wconf 80' lang='lat' dir='ltr'>invidentia</span> <span class='ocrx_word' id='word_1_20' title='bbox 510 426 821 470; x_wconf 73' lang='lat' dir='ltr'>fraternitatem</span> <span class='ocrx_word' id='word_1_21' title='bbox 855 426 1174 485; x_wconf 83' lang='lat' dir='ltr'>oppugnando,</span> <span class='ocrx_word' id='word_1_22' title='bbox 1212 435 1478 484; x_wconf 86' lang='lat' dir='ltr'>peccaverat.</span> 
     </span>
     <span class='ocr_line' id='line_1_4' title="bbox 97 493 1483 556; baseline -0.004 -14"><span class='ocrx_word' id='word_1_23' title='bbox 97 502 181 542; x_wconf 90' lang='lat' dir='ltr'>Pro</span> <span class='ocrx_word' id='word_1_24' title='bbox 202 499 268 541; x_wconf 90' lang='lat' dir='ltr'>his</span> <span class='ocrx_word' id='word_1_25' title='bbox 292 506 439 540; x_wconf 89' lang='lat' dir='ltr'>autem</span> <span class='ocrx_word' id='word_1_26' title='bbox 468 496 544 556; x_wconf 86' lang='lat' dir='ltr'>qui</span> <span class='ocrx_word' id='word_1_27' title='bbox 567 511 655 539; x_wconf 90' lang='lat' dir='ltr'>non</span> <span class='ocrx_word' id='word_1_28' title='bbox 684 496 948 554; x_wconf 86' lang='lat' dir='ltr'>abruperant</span> <span class='ocrx_word' id='word_1_29' title='bbox 983 510 1172 539; x_wconf 89' lang='lat' dir='ltr'>amorem</span> <span class='ocrx_word' id='word_1_30' title='bbox 1190 530 1200 549; x_wconf 83' lang='lat'><strong><em>‚</em></strong></span> <span class='ocrx_word' id='word_1_31' title='bbox 1232 493 1305 538; x_wconf 91' lang='lat' dir='ltr'>sed</span> <span class='ocrx_word' id='word_1_32' title='bbox 1330 495 1483 538; x_wconf 86' lang='lat' dir='ltr'>timore</span> 
     </span>
     <span class='ocr_line' id='line_1_5' title="bbox 92 565 1478 623; baseline -0.003 -10"><span class='ocrx_word' id='word_1_33' title='bbox 92 568 443 621; x_wconf 79' lang='lat' dir='ltr'>succubuerant,</span> <span class='ocrx_word' id='word_1_34' title='bbox 484 575 577 610; x_wconf 87' lang='lat' dir='ltr'>orat</span> <span class='ocrx_word' id='word_1_35' title='bbox 609 575 658 609; x_wconf 89' lang='lat' dir='ltr'>ut</span> <span class='ocrx_word' id='word_1_36' title='bbox 694 566 751 609; x_wconf 90' lang='lat' dir='ltr'>eis</span> <span class='ocrx_word' id='word_1_37' title='bbox 784 566 1043 623; x_wconf 82' lang='lat' dir='ltr'>ignoscatur.</span> <span class='ocrx_word' id='word_1_38' title='bbox 1083 565 1149 610; x_wconf 87' lang='lat' dir='ltr'>Sic</span> <span class='ocrx_word' id='word_1_39' title='bbox 1186 565 1301 608; x_wconf 91' lang='lat' dir='ltr'>enim</span> <span class='ocrx_word' id='word_1_40' title='bbox 1338 565 1478 609; x_wconf 84' lang='lat' dir='ltr'>dicit:</span> 
     </span>
     <span class='ocr_line' id='line_1_6' title="bbox 97 634 1481 682; baseline 0 -3"><span class='ocrx_word' id='word_1_41' title='bbox 97 657 116 680; x_wconf 87' lang='lat'>«</span> <span class='ocrx_word' id='word_1_42' title='bbox 151 637 393 682; x_wconf 78' lang='lat' dir='ltr'>Alexander</span> <span class='ocrx_word' id='word_1_43' title='bbox 424 637 597 680; x_wconf 84' lang='lat' dir='ltr'>aerarius</span> <span class='ocrx_word' id='word_1_44' title='bbox 630 634 768 679; x_wconf 85' lang='lat' dir='ltr'>multa</span> <span class='ocrx_word' id='word_1_45' title='bbox 796 636 902 678; x_wconf 85' lang='lat' dir='ltr'>mihi</span> <span class='ocrx_word' id='word_1_46' title='bbox 932 635 1042 679; x_wconf 86' lang='lat' dir='ltr'>mala</span> <span class='ocrx_word' id='word_1_47' title='bbox 1066 635 1255 679; x_wconf 85' lang='lat' dir='ltr'>ostendit</span> <span class='ocrx_word' id='word_1_48' title='bbox 1280 655 1288 679; x_wconf 91' lang='lat'>:</span> <span class='ocrx_word' id='word_1_49' title='bbox 1327 635 1481 679; x_wconf 84' lang='lat' dir='ltr'>reddet</span> 
     </span>
     <span class='ocr_line' id='line_1_7' title="bbox 93 705 1476 765; baseline 0.001 -16"><span class='ocrx_word' id='word_1_50' title='bbox 93 727 113 749; x_wconf 70' lang='lat' dir='ltr'>n</span> <span class='ocrx_word' id='word_1_51' title='bbox 149 708 211 751; x_wconf 89' lang='lat' dir='ltr'>illi</span> <span class='ocrx_word' id='word_1_52' title='bbox 235 707 441 752; x_wconf 86' lang='lat' dir='ltr'>Dominus</span> <span class='ocrx_word' id='word_1_53' title='bbox 462 706 703 750; x_wconf 86' lang='lat' dir='ltr'>secundum</span> <span class='ocrx_word' id='word_1_54' title='bbox 726 722 855 765; x_wconf 86' lang='lat' dir='ltr'>opera</span> <span class='ocrx_word' id='word_1_55' title='bbox 871 707 963 765; x_wconf 85' lang='lat' dir='ltr'>ejus</span> <span class='ocrx_word' id='word_1_56' title='bbox 983 741 992 759; x_wconf 85' lang='lat'><strong>‚</strong></span> <span class='ocrx_word' id='word_1_57' title='bbox 1016 722 1146 765; x_wconf 84' lang='lat' dir='ltr'>quem</span> <span class='ocrx_word' id='word_1_58' title='bbox 1168 716 1210 750; x_wconf 91' lang='lat' dir='ltr'>et</span> <span class='ocrx_word' id='word_1_59' title='bbox 1234 715 1279 750; x_wconf 89' lang='lat' dir='ltr'>tu</span> <span class='ocrx_word' id='word_1_60' title='bbox 1301 705 1446 750; x_wconf 85' lang='lat' dir='ltr'>devita</span> <span class='ocrx_word' id='word_1_61' title='bbox 1467 725 1476 751; x_wconf 74' lang='grc' dir='ltr'>ε</span> 
     </span>
     <span class='ocr_line' id='line_1_8' title="bbox 94 776 1482 823; baseline 0.001 -4"><span class='ocrx_word' id='word_1_62' title='bbox 94 797 114 820; x_wconf 86' lang='lat'>»</span> <span class='ocrx_word' id='word_1_63' title='bbox 149 779 274 823; x_wconf 88' lang='lat' dir='ltr'>valde</span> <span class='ocrx_word' id='word_1_64' title='bbox 303 779 417 821; x_wconf 91' lang='lat' dir='ltr'>enim</span> <span class='ocrx_word' id='word_1_65' title='bbox 448 778 603 821; x_wconf 83' lang='lat' dir='ltr'>restitit</span> <span class='ocrx_word' id='word_1_66' title='bbox 621 776 776 821; x_wconf 88' lang='lat' dir='ltr'>nostris</span> <span class='ocrx_word' id='word_1_67' title='bbox 799 777 1115 821; x_wconf 88' lang='lat' dir='ltr'>sermonibus¹.</span> <span class='ocrx_word' id='word_1_68' title='bbox 1144 778 1352 821; x_wconf 91' lang='lat' dir='ltr'>»Deinde</span> <span class='ocrx_word' id='word_1_69' title='bbox 1375 778 1482 821; x_wconf 91' lang='lat' dir='ltr'>sub-</span> 
     </span>
     <span class='ocr_line' id='line_1_9' title="bbox 87 847 1478 909; baseline -0.001 -17"><span class='ocrx_word' id='word_1_70' title='bbox 87 849 233 909; x_wconf 87' lang='lat' dir='ltr'>jungit</span> <span class='ocrx_word' id='word_1_71' title='bbox 261 864 339 907; x_wconf 88' lang='lat' dir='ltr'>pro</span> <span class='ocrx_word' id='word_1_72' title='bbox 362 849 522 908; x_wconf 84' lang='lat' dir='ltr'>quibus</span> <span class='ocrx_word' id='word_1_73' title='bbox 544 857 637 892; x_wconf 87' lang='lat' dir='ltr'>orat</span> <span class='ocrx_word' id='word_1_74' title='bbox 657 883 667 900; x_wconf 80' lang='grc'><em>,</em></span> <span class='ocrx_word' id='word_1_75' title='bbox 700 847 760 909; x_wconf 83' lang='lat' dir='ltr'>ita</span> <span class='ocrx_word' id='word_1_76' title='bbox 793 847 939 891; x_wconf 89' lang='lat' dir='ltr'>dicens</span> <span class='ocrx_word' id='word_1_77' title='bbox 966 866 974 892; x_wconf 76' lang='grc' dir='ltr'>ε</span> <span class='ocrx_word' id='word_1_78' title='bbox 1007 866 1026 889; x_wconf 91' lang='lat'>«</span> <span class='ocrx_word' id='word_1_79' title='bbox 1049 850 1100 891; x_wconf 93' lang='lat' dir='ltr'>In</span> <span class='ocrx_word' id='word_1_80' title='bbox 1121 847 1259 906; x_wconf 86' lang='lat' dir='ltr'>prima</span> <span class='ocrx_word' id='word_1_81' title='bbox 1281 861 1377 891; x_wconf 87' lang='lat' dir='ltr'>mea</span> <span class='ocrx_word' id='word_1_82' title='bbox 1399 847 1478 891; x_wconf 89' lang='lat' dir='ltr'>de-</span> 
     </span>
     <span class='ocr_line' id='line_1_10' title="bbox 95 913 1482 978; baseline 0.001 -17"><span class='ocrx_word' id='word_1_83' title='bbox 95 938 115 962; x_wconf 87' lang='lat'>»</span> <span class='ocrx_word' id='word_1_84' title='bbox 150 918 345 964; x_wconf 84' lang='lat' dir='ltr'>fensione</span> <span class='ocrx_word' id='word_1_85' title='bbox 367 935 495 964; x_wconf 90' lang='lat' dir='ltr'>nemo</span> <span class='ocrx_word' id='word_1_86' title='bbox 530 919 636 962; x_wconf 89' lang='lat' dir='ltr'>mihi</span> <span class='ocrx_word' id='word_1_87' title='bbox 670 919 818 973; x_wconf 83' lang='lat' dir='ltr'>affuit,</span> <span class='ocrx_word' id='word_1_88' title='bbox 845 918 920 962; x_wconf 90' lang='lat' dir='ltr'>sed</span> <span class='ocrx_word' id='word_1_89' title='bbox 954 920 1205 977; x_wconf 40' lang='lat' dir='ltr'>omnesfkme</span> <span class='ocrx_word' id='word_1_90' title='bbox 1234 913 1482 978; x_wconf 76' lang='lat' dir='ltr'>derelique-</span> 
     </span>
     <span class='ocr_line' id='line_1_11' title="bbox 96 988 850 1048; baseline -0.003 -17"><span class='ocrx_word' id='word_1_91' title='bbox 96 1008 115 1031; x_wconf 90' lang='lat'>»</span> <span class='ocrx_word' id='word_1_92' title='bbox 151 999 283 1033; x_wconf 87' lang='lat' dir='ltr'>runt:</span> <span class='ocrx_word' id='word_1_93' title='bbox 311 1005 398 1033; x_wconf 90' lang='lat' dir='ltr'>non</span> <span class='ocrx_word' id='word_1_94' title='bbox 417 988 498 1032; x_wconf 92' lang='lat' dir='ltr'>illis</span> <span class='ocrx_word' id='word_1_95' title='bbox 516 989 757 1048; x_wconf 90' lang='lat' dir='ltr'>imputetur</span> <span class='ocrx_word' id='word_1_96' title='bbox 770 992 802 1031; x_wconf 75' lang='lat'>².</span> <span class='ocrx_word' id='word_1_97' title='bbox 830 1006 850 1029; x_wconf 89' lang='lat'>»</span> 
     </span>
    </p>

    <p class='ocr_par' dir='ltr' id='par_1_3' title="bbox 89 1057 1485 2238">
     <span class='ocr_line' id='line_1_12' title="bbox 151 1057 1483 1118; baseline -0.001 -15"><span class='ocrx_word' id='word_1_98' title='bbox 151 1061 350 1103; x_wconf 85' lang='lat' dir='ltr'><strong>LXXIV.</strong></span> <span class='ocrx_word' id='word_1_99' title='bbox 379 1062 466 1102; x_wconf 89' lang='lat' dir='ltr'>Ista</span> <span class='ocrx_word' id='word_1_100' title='bbox 485 1059 729 1102; x_wconf 74' lang='lat' dir='ltr'>differentia</span> <span class='ocrx_word' id='word_1_101' title='bbox 752 1067 1027 1118; x_wconf 87' lang='lat' dir='ltr'>peccatorum</span> <span class='ocrx_word' id='word_1_102' title='bbox 1054 1057 1213 1102; x_wconf 74' lang='lat' dir='ltr'>sudam</span> <span class='ocrx_word' id='word_1_103' title='bbox 1238 1058 1483 1102; x_wconf 85' lang='lat' dir='ltr'>tradentem</span> 
     </span>
     <span class='ocr_line' id='line_1_13' title="bbox 96 1129 1484 1188; baseline 0.001 -15"><span class='ocrx_word' id='word_1_104' title='bbox 96 1145 119 1174; x_wconf 88' lang='lat' dir='ltr'>a</span> <span class='ocrx_word' id='word_1_105' title='bbox 147 1133 275 1173; x_wconf 88' lang='lat' dir='ltr'>Petro</span> <span class='ocrx_word' id='word_1_106' title='bbox 298 1137 485 1187; x_wconf 84' lang='lat' dir='ltr'>negante</span> <span class='ocrx_word' id='word_1_107' title='bbox 515 1129 743 1186; x_wconf 84' lang='lat' dir='ltr'>distinguit</span> <span class='ocrx_word' id='word_1_108' title='bbox 772 1148 780 1173; x_wconf 92' lang='lat'>:</span> <span class='ocrx_word' id='word_1_109' title='bbox 816 1144 905 1173; x_wconf 92' lang='lat' dir='ltr'>non</span> <span class='ocrx_word' id='word_1_110' title='bbox 934 1129 1034 1188; x_wconf 89' lang='lat' dir='ltr'>quia</span> <span class='ocrx_word' id='word_1_111' title='bbox 1058 1129 1290 1187; x_wconf 59' lang='lat' dir='ltr'>poenitenti</span> <span class='ocrx_word' id='word_1_112' title='bbox 1318 1145 1406 1173; x_wconf 92' lang='lat' dir='ltr'>non</span> <span class='ocrx_word' id='word_1_113' title='bbox 1430 1130 1484 1174; x_wconf 90' lang='lat' dir='ltr'>sit</span> 
     </span>
     <span class='ocr_line' id='line_1_14' title="bbox 96 1197 1485 1257; baseline 0.001 -15"><span class='ocrx_word' id='word_1_114' title='bbox 96 1197 407 1257; x_wconf 87' lang='lat' dir='ltr'>ignoscendum</span> <span class='ocrx_word' id='word_1_115' title='bbox 426 1233 437 1252; x_wconf 76' lang='lat'>‚</span> <span class='ocrx_word' id='word_1_116' title='bbox 462 1213 516 1240; x_wconf 92' lang='lat' dir='ltr'>ne</span> <span class='ocrx_word' id='word_1_117' title='bbox 539 1207 689 1241; x_wconf 87' lang='lat' dir='ltr'>contra</span> <span class='ocrx_word' id='word_1_118' title='bbox 712 1197 830 1241; x_wconf 89' lang='lat' dir='ltr'>illam</span> <span class='ocrx_word' id='word_1_119' title='bbox 854 1199 1109 1242; x_wconf 85' lang='lat' dir='ltr'>sententiam</span> <span class='ocrx_word' id='word_1_120' title='bbox 1141 1199 1313 1242; x_wconf 90' lang='lat' dir='ltr'>Domini</span> <span class='ocrx_word' id='word_1_121' title='bbox 1340 1199 1485 1243; x_wconf 85' lang='lat' dir='ltr'>venia-</span> 
     </span>
     <span class='ocr_line' id='line_1_15' title="bbox 95 1267 1482 1328; baseline 0 -16"><span class='ocrx_word' id='word_1_122' title='bbox 95 1283 206 1322; x_wconf 83' lang='lat' dir='ltr'>mus,</span> <span class='ocrx_word' id='word_1_123' title='bbox 234 1283 319 1328; x_wconf 90' lang='lat' dir='ltr'>qua</span> <span class='ocrx_word' id='word_1_124' title='bbox 342 1267 537 1326; x_wconf 84' lang='lat' dir='ltr'>praecipit</span> <span class='ocrx_word' id='word_1_125' title='bbox 558 1282 725 1326; x_wconf 89' lang='lat' dir='ltr'>semper</span> <span class='ocrx_word' id='word_1_126' title='bbox 738 1267 1051 1325; x_wconf 90' lang='lat' dir='ltr'>ignoscendum</span> <span class='ocrx_word' id='word_1_127' title='bbox 1069 1283 1157 1311; x_wconf 92' lang='lat' dir='ltr'>esse</span> <span class='ocrx_word' id='word_1_128' title='bbox 1174 1267 1294 1312; x_wconf 85' lang='lat' dir='ltr'>fratri</span> <span class='ocrx_word' id='word_1_129' title='bbox 1316 1269 1482 1328; x_wconf 88' lang='lat' dir='ltr'>petenti</span> 
     </span>
     <span class='ocr_line' id='line_1_16' title="bbox 95 1337 1481 1397; baseline 0.001 -15"><span class='ocrx_word' id='word_1_130' title='bbox 95 1348 143 1382; x_wconf 84' lang='lat' dir='ltr'>ut</span> <span class='ocrx_word' id='word_1_131' title='bbox 157 1338 238 1382; x_wconf 89' lang='lat' dir='ltr'>sibi</span> <span class='ocrx_word' id='word_1_132' title='bbox 263 1337 394 1381; x_wconf 83' lang='lat' dir='ltr'>frater</span> <span class='ocrx_word' id='word_1_133' title='bbox 424 1338 616 1394; x_wconf 82' lang='lat' dir='ltr'>ignoscat</span> <span class='ocrx_word' id='word_1_134' title='bbox 639 1357 647 1380; x_wconf 73' lang='grc' dir='ltr'>ε</span> <span class='ocrx_word' id='word_1_135' title='bbox 671 1337 746 1380; x_wconf 87' lang='lat' dir='ltr'>sed</span> <span class='ocrx_word' id='word_1_136' title='bbox 762 1338 862 1397; x_wconf 88' lang='lat' dir='ltr'>quia</span> <span class='ocrx_word' id='word_1_137' title='bbox 888 1337 1002 1381; x_wconf 87' lang='lat' dir='ltr'>illius</span> <span class='ocrx_word' id='word_1_138' title='bbox 1027 1340 1198 1397; x_wconf 84' lang='lat' dir='ltr'>peccati</span> <span class='ocrx_word' id='word_1_139' title='bbox 1221 1349 1340 1384; x_wconf 87' lang='lat' dir='ltr'>tanta</span> <span class='ocrx_word' id='word_1_140' title='bbox 1362 1340 1481 1384; x_wconf 89' lang='lat' dir='ltr'>labes</span> 
     </span>
     <span class='ocr_line' id='line_1_17' title="bbox 92 1406 1479 1467; baseline 0.003 -16"><span class='ocrx_word' id='word_1_141' title='bbox 92 1417 179 1462; x_wconf 89' lang='lat' dir='ltr'>est,</span> <span class='ocrx_word' id='word_1_142' title='bbox 206 1416 254 1451; x_wconf 88' lang='lat' dir='ltr'>ut</span> <span class='ocrx_word' id='word_1_143' title='bbox 276 1407 538 1466; x_wconf 83' lang='lat' dir='ltr'>deprecandi</span> <span class='ocrx_word' id='word_1_144' title='bbox 561 1406 851 1450; x_wconf 84' lang='lat' dir='ltr'>humilitatem</span> <span class='ocrx_word' id='word_1_145' title='bbox 880 1407 1025 1451; x_wconf 88' lang='lat' dir='ltr'>subire</span> <span class='ocrx_word' id='word_1_146' title='bbox 1047 1423 1136 1452; x_wconf 90' lang='lat' dir='ltr'>non</span> <span class='ocrx_word' id='word_1_147' title='bbox 1158 1409 1316 1467; x_wconf 76' lang='lat' dir='ltr'>possit,</span> <span class='ocrx_word' id='word_1_148' title='bbox 1349 1412 1479 1454; x_wconf 90' lang='lat' dir='ltr'>etiam</span> 
     </span>
     <span class='ocr_line' id='line_1_18' title="bbox 91 1476 1479 1538; baseline 0.003 -16"><span class='ocrx_word' id='word_1_149' title='bbox 91 1476 128 1523; x_wconf 39' lang='lat' dir='ltr'>si*</span> <span class='ocrx_word' id='word_1_150' title='bbox 147 1488 374 1538; x_wconf 88' lang='lat' dir='ltr'>peccatum</span> <span class='ocrx_word' id='word_1_151' title='bbox 392 1493 519 1522; x_wconf 89' lang='lat' dir='ltr'>suum</span> <span class='ocrx_word' id='word_1_152' title='bbox 543 1477 655 1522; x_wconf 88' lang='lat' dir='ltr'>mala</span> <span class='ocrx_word' id='word_1_153' title='bbox 678 1478 940 1522; x_wconf 89' lang='lat' dir='ltr'>conscientia</span> <span class='ocrx_word' id='word_1_154' title='bbox 962 1488 1004 1522; x_wconf 90' lang='lat' dir='ltr'>et</span> <span class='ocrx_word' id='word_1_155' title='bbox 1022 1495 1253 1537; x_wconf 85' lang='lat' dir='ltr'>agnoscere</span> <span class='ocrx_word' id='word_1_156' title='bbox 1275 1490 1318 1525; x_wconf 89' lang='lat' dir='ltr'>et</span> <span class='ocrx_word' id='word_1_157' title='bbox 1339 1497 1479 1526; x_wconf 90' lang='lat' dir='ltr'>enun-</span> 
     </span>
     <span class='ocr_line' id='line_1_19' title="bbox 91 1547 1479 1612; baseline 0.003 -19"><span class='ocrx_word' id='word_1_158' title='bbox 91 1549 199 1593; x_wconf 88' lang='lat' dir='ltr'>tiare</span> <span class='ocrx_word' id='word_1_159' title='bbox 219 1557 413 1606; x_wconf 82' lang='lat' dir='ltr'>cogatur.</span> <span class='ocrx_word' id='word_1_160' title='bbox 436 1550 546 1592; x_wconf 89' lang='lat' dir='ltr'>Cum</span> <span class='ocrx_word' id='word_1_161' title='bbox 577 1548 692 1591; x_wconf 89' lang='lat' dir='ltr'>enim</span> <span class='ocrx_word' id='word_1_162' title='bbox 712 1547 883 1591; x_wconf 85' lang='lat' dir='ltr'>dixisset</span> <span class='ocrx_word' id='word_1_163' title='bbox 913 1548 1047 1592; x_wconf 88' lang='lat' dir='ltr'>Judas</span> <span class='ocrx_word' id='word_1_164' title='bbox 1074 1569 1081 1593; x_wconf 93' lang='lat'><strong>:</strong></span> <span class='ocrx_word' id='word_1_165' title='bbox 1113 1569 1132 1591; x_wconf 93' lang='lat'>«</span> <span class='ocrx_word' id='word_1_166' title='bbox 1158 1552 1336 1596; x_wconf 90' lang='lat' dir='ltr'>Peccavi</span> <span class='ocrx_word' id='word_1_167' title='bbox 1359 1554 1479 1612; x_wconf 88' lang='lat' dir='ltr'>quod</span> 
     </span>
     <span class='ocr_line' id='line_1_20' title="bbox 94 1617 1479 1676; baseline 0.006 -18"><span class='ocrx_word' id='word_1_168' title='bbox 94 1636 115 1659; x_wconf 85' lang='lat'>»</span> <span class='ocrx_word' id='word_1_169' title='bbox 150 1617 401 1662; x_wconf 88' lang='lat' dir='ltr'>tradiderim</span> <span class='ocrx_word' id='word_1_170' title='bbox 433 1618 688 1676; x_wconf 82' lang='lat' dir='ltr'>sanguinem</span> <span class='ocrx_word' id='word_1_171' title='bbox 712 1618 878 1676; x_wconf 82' lang='lat' dir='ltr'>justum</span> <span class='ocrx_word' id='word_1_172' title='bbox 895 1619 940 1674; x_wconf 75' lang='lat'>33</span> <span class='ocrx_word' id='word_1_173' title='bbox 976 1636 995 1658; x_wconf 85' lang='lat'>»</span> <span class='ocrx_word' id='word_1_174' title='bbox 1024 1617 1192 1663; x_wconf 85' lang='lat' dir='ltr'>facilius</span> <span class='ocrx_word' id='word_1_175' title='bbox 1212 1629 1358 1664; x_wconf 90' lang='lat' dir='ltr'>tamen</span> <span class='ocrx_word' id='word_1_176' title='bbox 1381 1623 1479 1667; x_wconf 89' lang='lat' dir='ltr'>des-</span> 
     </span>
     <span class='ocr_line' id='line_1_21' title="bbox 91 1687 1479 1748; baseline 0.004 -17"><span class='ocrx_word' id='word_1_177' title='bbox 91 1689 313 1748; x_wconf 87' lang='lat' dir='ltr'>peratione</span> <span class='ocrx_word' id='word_1_178' title='bbox 336 1689 529 1732; x_wconf 87' lang='lat' dir='ltr'>cucurrit</span> <span class='ocrx_word' id='word_1_179' title='bbox 552 1688 606 1731; x_wconf 91' lang='lat' dir='ltr'>ad</span> <span class='ocrx_word' id='word_1_180' title='bbox 632 1687 837 1747; x_wconf 88' lang='lat' dir='ltr'>laqueum</span> <span class='ocrx_word' id='word_1_181' title='bbox 853 1723 863 1742; x_wconf 82' lang='lat'>‚</span> <span class='ocrx_word' id='word_1_182' title='bbox 891 1704 1023 1747; x_wconf 85' lang='lat' dir='ltr'>quam</span> <span class='ocrx_word' id='word_1_183' title='bbox 1041 1690 1286 1734; x_wconf 88' lang='lat' dir='ltr'>humilitate</span> <span class='ocrx_word' id='word_1_184' title='bbox 1310 1693 1479 1736; x_wconf 89' lang='lat' dir='ltr'>veniam</span> 
     </span>
     <span class='ocr_line' id='line_1_22' title="bbox 92 1758 1480 1822; baseline 0.005 -21"><span class='ocrx_word' id='word_1_185' title='bbox 92 1758 348 1817; x_wconf 85' lang='lat' dir='ltr'>deprecatus</span> <span class='ocrx_word' id='word_1_186' title='bbox 371 1767 448 1801; x_wconf 92' lang='lat' dir='ltr'>est.</span> <span class='ocrx_word' id='word_1_187' title='bbox 482 1761 754 1816; x_wconf 87' lang='lat' dir='ltr'>Quapropter</span> <span class='ocrx_word' id='word_1_188' title='bbox 780 1758 969 1801; x_wconf 87' lang='lat' dir='ltr'>multum</span> <span class='ocrx_word' id='word_1_189' title='bbox 992 1759 1168 1804; x_wconf 86' lang='lat' dir='ltr'>interest</span> <span class='ocrx_word' id='word_1_190' title='bbox 1196 1762 1313 1820; x_wconf 82' lang='lat' dir='ltr'>quali</span> <span class='ocrx_word' id='word_1_191' title='bbox 1338 1764 1480 1822; x_wconf 86' lang='lat' dir='ltr'>poeni·-</span> 
     </span>
     <span class='ocr_line' id='line_1_23' title="bbox 92 1827 1479 1886; baseline 0.005 -15"><span class='ocrx_word' id='word_1_192' title='bbox 92 1828 240 1871; x_wconf 87' lang='lat' dir='ltr'>tentiae</span> <span class='ocrx_word' id='word_1_193' title='bbox 259 1828 453 1886; x_wconf 88' lang='lat' dir='ltr'>ignoscat</span> <span class='ocrx_word' id='word_1_194' title='bbox 474 1831 601 1870; x_wconf 87' lang='lat' dir='ltr'>Deus.</span> <span class='ocrx_word' id='word_1_195' title='bbox 628 1827 759 1872; x_wconf 88' lang='lat' dir='ltr'>Multi</span> <span class='ocrx_word' id='word_1_196' title='bbox 781 1828 897 1870; x_wconf 83' lang='lat' dir='ltr'>enim</span> <span class='ocrx_word' id='word_1_197' title='bbox 915 1827 1055 1873; x_wconf 91' lang='lat' dir='ltr'>multo</span> <span class='ocrx_word' id='word_1_198' title='bbox 1074 1829 1198 1873; x_wconf 91' lang='lat' dir='ltr'>citius</span> <span class='ocrx_word' id='word_1_199' title='bbox 1220 1847 1264 1875; x_wconf 91' lang='lat' dir='ltr'>se</span> <span class='ocrx_word' id='word_1_200' title='bbox 1286 1831 1479 1878; x_wconf 87' lang='lat' dir='ltr'>fatentur</span> 
     </span>
     <span class='ocr_line' id='line_1_24' title="bbox 92 1897 1478 1963; baseline 0.004 -22"><span class='ocrx_word' id='word_1_201' title='bbox 92 1912 307 1957; x_wconf 80' lang='lat' dir='ltr'>peccasse,</span> <span class='ocrx_word' id='word_1_202' title='bbox 336 1907 466 1957; x_wconf 87' lang='lat' dir='ltr'>atque</span> <span class='ocrx_word' id='word_1_203' title='bbox 493 1897 551 1940; x_wconf 91' lang='lat' dir='ltr'>ita</span> <span class='ocrx_word' id='word_1_204' title='bbox 574 1897 653 1940; x_wconf 88' lang='lat' dir='ltr'>sibi</span> <span class='ocrx_word' id='word_1_205' title='bbox 676 1906 932 1941; x_wconf 82' lang='lat' dir='ltr'>succensent</span> <span class='ocrx_word' id='word_1_206' title='bbox 952 1907 999 1941; x_wconf 91' lang='lat' dir='ltr'>ut</span> <span class='ocrx_word' id='word_1_207' title='bbox 1016 1900 1296 1944; x_wconf 86' lang='lat' dir='ltr'>vehementer</span> <span class='ocrx_word' id='word_1_208' title='bbox 1317 1917 1361 1945; x_wconf 91' lang='lat' dir='ltr'>se</span> <span class='ocrx_word' id='word_1_209' title='bbox 1375 1919 1478 1963; x_wconf 90' lang='lat' dir='ltr'>pec—</span> 
     </span>
     <span class='ocr_line' id='line_1_25' title="bbox 93 1968 1480 2019; baseline 0.005 -7"><span class='ocrx_word' id='word_1_210' title='bbox 93 1984 208 2012; x_wconf 88' lang='lat' dir='ltr'>casse</span> <span class='ocrx_word' id='word_1_211' title='bbox 239 1968 408 2012; x_wconf 90' lang='lat' dir='ltr'>nollent</span> <span class='ocrx_word' id='word_1_212' title='bbox 434 1987 443 2012; x_wconf 90' lang='lat'>:</span> <span class='ocrx_word' id='word_1_213' title='bbox 479 1968 554 2010; x_wconf 89' lang='lat' dir='ltr'>sed</span> <span class='ocrx_word' id='word_1_214' title='bbox 598 1976 742 2010; x_wconf 90' lang='lat' dir='ltr'>tamen</span> <span class='ocrx_word' id='word_1_215' title='bbox 768 1969 961 2011; x_wconf 89' lang='lat' dir='ltr'>animum</span> <span class='ocrx_word' id='word_1_216' title='bbox 998 1970 1052 2012; x_wconf 90' lang='lat' dir='ltr'>ad</span> <span class='ocrx_word' id='word_1_217' title='bbox 1082 1970 1404 2017; x_wconf 86' lang='lat' dir='ltr'>humiliandum</span> <span class='ocrx_word' id='word_1_218' title='bbox 1438 1985 1480 2019; x_wconf 89' lang='lat' dir='ltr'>et</span> 
     </span>
     <span class='ocr_line' id='line_1_26' title="bbox 93 2036 1473 2102; baseline 0.007 -21"><span class='ocrx_word' id='word_1_219' title='bbox 93 2038 380 2082; x_wconf 89' lang='lat' dir='ltr'>obterendum</span> <span class='ocrx_word' id='word_1_220' title='bbox 399 2053 487 2090; x_wconf 84' lang='lat' dir='ltr'>cor,</span> <span class='ocrx_word' id='word_1_221' title='bbox 505 2036 911 2097; x_wconf 79' lang='lat' dir='ltr'>implorandamque</span> <span class='ocrx_word' id='word_1_222' title='bbox 930 2038 1101 2081; x_wconf 87' lang='lat' dir='ltr'>veniam</span> <span class='ocrx_word' id='word_1_223' title='bbox 1116 2056 1202 2084; x_wconf 89' lang='lat' dir='ltr'>non</span> <span class='ocrx_word' id='word_1_224' title='bbox 1218 2043 1445 2102; x_wconf 89' lang='lat' dir='ltr'>deponunt</span> <span class='ocrx_word' id='word_1_225' title='bbox 1465 2068 1473 2092; x_wconf 88' lang='lat'>:</span> 
     </span>
     <span class='ocr_line' id='line_1_27' title="bbox 93 2109 1479 2170; baseline 0.009 -19"><span class='ocrx_word' id='word_1_226' title='bbox 93 2124 223 2168; x_wconf 87' lang='lat' dir='ltr'>quam</span> <span class='ocrx_word' id='word_1_227' title='bbox 258 2109 413 2151; x_wconf 89' lang='lat' dir='ltr'>mentis</span> <span class='ocrx_word' id='word_1_228' title='bbox 441 2109 715 2151; x_wconf 85' lang='lat' dir='ltr'>affectionem</span> <span class='ocrx_word' id='word_1_229' title='bbox 741 2117 917 2166; x_wconf 87' lang='lat' dir='ltr'>propter</span> <span class='ocrx_word' id='word_1_230' title='bbox 942 2111 1107 2168; x_wconf 87' lang='lat' dir='ltr'>pcccati</span> <span class='ocrx_word' id='word_1_231' title='bbox 1134 2115 1479 2170; x_wconf 80' lang='lat' dir='ltr'>magnitudinem</span> 
     </span>
     <span class='ocr_line' id='line_1_28' title="bbox 89 2177 1232 2238; baseline 0.004 -18"><span class='ocrx_word' id='word_1_232' title='bbox 89 2179 177 2238; x_wconf 85' lang='lat' dir='ltr'>jam</span> <span class='ocrx_word' id='word_1_233' title='bbox 193 2177 247 2220; x_wconf 90' lang='lat' dir='ltr'>de</span> <span class='ocrx_word' id='word_1_234' title='bbox 264 2177 542 2221; x_wconf 87' lang='lat' dir='ltr'>damnatione</span> <span class='ocrx_word' id='word_1_235' title='bbox 564 2177 660 2220; x_wconf 92' lang='lat' dir='ltr'>illos</span> <span class='ocrx_word' id='word_1_236' title='bbox 683 2177 842 2220; x_wconf 86' lang='lat' dir='ltr'>habere</span> <span class='ocrx_word' id='word_1_237' title='bbox 863 2178 1128 2222; x_wconf 86' lang='lat' dir='ltr'>credendum</span> <span class='ocrx_word' id='word_1_238' title='bbox 1155 2191 1232 2225; x_wconf 90' lang='lat' dir='ltr'>est.</span> 
     </span>
    </p>

    <p class='ocr_par' dir='ltr' id='par_1_4' title="bbox 94 2247 1480 2518">
     <span class='ocr_line' id='line_1_29' title="bbox 153 2247 1478 2309; baseline 0.009 -19"><span class='ocrx_word' id='word_1_239' title='bbox 153 2249 328 2291; x_wconf 82' lang='lat' dir='ltr'>LX-XV.</span> <span class='ocrx_word' id='word_1_240' title='bbox 364 2250 419 2291; x_wconf 83' lang='lat' dir='ltr'>Et</span> <span class='ocrx_word' id='word_1_241' title='bbox 449 2248 532 2291; x_wconf 87' lang='lat' dir='ltr'>hoc</span> <span class='ocrx_word' id='word_1_242' title='bbox 566 2256 628 2290; x_wconf 89' lang='lat' dir='ltr'>est</span> <span class='ocrx_word' id='word_1_243' title='bbox 654 2247 832 2290; x_wconf 88' lang='lat' dir='ltr'>fortasse</span> <span class='ocrx_word' id='word_1_244' title='bbox 855 2263 1031 2306; x_wconf 86' lang='lat' dir='ltr'>peccare</span> <span class='ocrx_word' id='word_1_245' title='bbox 1052 2249 1097 2292; x_wconf 92' lang='lat' dir='ltr'>in</span> <span class='ocrx_word' id='word_1_246' title='bbox 1123 2251 1327 2309; x_wconf 88' lang='lat' dir='ltr'>Spiritum</span> <span class='ocrx_word' id='word_1_247' title='bbox 1352 2273 1478 2304; x_wconf 90' lang='lat' dir='ltr'>sanc-</span> 
     </span>
     <span class='ocr_line' id='line_1_30' title="bbox 94 2316 1480 2389; baseline 0.004 -30"><span class='ocrx_word' id='word_1_248' title='bbox 94 2326 204 2370; x_wconf 89' lang='lat' dir='ltr'>tum,</span> <span class='ocrx_word' id='word_1_249' title='bbox 229 2317 275 2360; x_wconf 90' lang='lat' dir='ltr'>id</span> <span class='ocrx_word' id='word_1_250' title='bbox 302 2326 389 2371; x_wconf 84' lang='lat' dir='ltr'>est,</span> <span class='ocrx_word' id='word_1_251' title='bbox 415 2332 491 2375; x_wconf 90' lang='lat' dir='ltr'>per</span> <span class='ocrx_word' id='word_1_252' title='bbox 513 2316 717 2360; x_wconf 87' lang='lat' dir='ltr'>malitiam</span> <span class='ocrx_word' id='word_1_253' title='bbox 736 2326 778 2360; x_wconf 88' lang='lat' dir='ltr'>et</span> <span class='ocrx_word' id='word_1_254' title='bbox 799 2317 1022 2371; x_wconf 75' lang='lat' dir='ltr'>invidiam,</span> <span class='ocrx_word' id='word_1_255' title='bbox 1050 2318 1283 2366; x_wconf 83' lang='lat' dir='ltr'>fraternam</span> <span class='ocrx_word' id='word_1_256' title='bbox 1308 2341 1480 2389; x_wconf 79' lang='lat' dir='ltr'>oppug-</span> 
     </span>
     <span class='ocr_line' id='line_1_31' title="bbox 96 2387 1475 2456; baseline 0.007 -26"><span class='ocrx_word' id='word_1_257' title='bbox 96 2402 197 2430; x_wconf 87' lang='lat' dir='ltr'>nare</span> <span class='ocrx_word' id='word_1_258' title='bbox 231 2387 485 2430; x_wconf 87' lang='lat' dir='ltr'>charitatem</span> <span class='ocrx_word' id='word_1_259' title='bbox 514 2396 610 2445; x_wconf 90' lang='lat' dir='ltr'>post</span> <span class='ocrx_word' id='word_1_260' title='bbox 644 2397 861 2446; x_wconf 87' lang='lat' dir='ltr'>acceptam</span> <span class='ocrx_word' id='word_1_261' title='bbox 894 2389 1071 2445; x_wconf 85' lang='lat' dir='ltr'>gratiam</span> <span class='ocrx_word' id='word_1_262' title='bbox 1106 2391 1288 2448; x_wconf 90' lang='lat' dir='ltr'>Spiritus</span> <span class='ocrx_word' id='word_1_263' title='bbox 1311 2401 1475 2456; x_wconf 70' lang='lat' dir='ltr'>sancti,</span> 
     </span>
     <span class='ocr_line' id='line_1_32' title="bbox 96 2456 1478 2518; baseline 0.004 -19"><span class='ocrx_word' id='word_1_264' title='bbox 96 2456 215 2515; x_wconf 90' lang='lat' dir='ltr'>quod</span> <span class='ocrx_word' id='word_1_265' title='bbox 236 2465 460 2515; x_wconf 89' lang='lat' dir='ltr'>peccatum</span> <span class='ocrx_word' id='word_1_266' title='bbox 484 2457 691 2500; x_wconf 90' lang='lat' dir='ltr'>Dominus</span> <span class='ocrx_word' id='word_1_267' title='bbox 714 2472 857 2517; x_wconf 86' lang='lat' dir='ltr'>neque</span> <span class='ocrx_word' id='word_1_268' title='bbox 881 2457 948 2501; x_wconf 90' lang='lat' dir='ltr'>hic</span> <span class='ocrx_word' id='word_1_269' title='bbox 963 2493 973 2512; x_wconf 82' lang='lat'>‚</span> <span class='ocrx_word' id='word_1_270' title='bbox 999 2474 1142 2518; x_wconf 85' lang='lat' dir='ltr'>neque</span> <span class='ocrx_word' id='word_1_271' title='bbox 1164 2461 1207 2504; x_wconf 92' lang='lat' dir='ltr'>in</span> <span class='ocrx_word' id='word_1_272' title='bbox 1226 2461 1374 2511; x_wconf 84' lang='lat' dir='ltr'>futuro</span> <span class='ocrx_word' id='word_1_273' title='bbox 1397 2485 1478 2514; x_wconf 80' lang='lat' dir='ltr'>sae-</span> 
     </span>
    </p>
   </div>
   <div class='ocr_carea' id='block_1_3' title="bbox 98 2551 1478 2648">
    <p class='ocr_par' dir='ltr' id='par_1_5' title="bbox 98 2551 1478 2648">
     <span class='ocr_line' id='line_1_33' title="bbox 147 2551 1478 2601; baseline 0.031 -42"><span class='ocrx_word' id='word_1_274' title='bbox 147 2553 155 2569; x_wconf 62' lang='lat'><em>¹</em></span> <span class='ocrx_word' id='word_1_275' title='bbox 173 2562 191 2583; x_wconf 70' lang='lat'>2</span> <span class='ocrx_word' id='word_1_276' title='bbox 215 2552 296 2583; x_wconf 50' lang='lat' dir='ltr'><strong>Tim·</strong></span> <span class='ocrx_word' id='word_1_277' title='bbox 315 2563 361 2592; x_wconf 57' lang='lat' dir='ltr'>lv,</span> <span class='ocrx_word' id='word_1_278' title='bbox 388 2551 503 2593; x_wconf 50' lang='grc' dir='ltr'>ιίΓιδ1</span> <span class='ocrx_word' id='word_1_279' title='bbox 530 2569 575 2575; x_wconf 83' lang='grc'>....</span> <span class='ocrx_word' id='word_1_280' title='bbox 595 2558 608 2574; x_wconf 74' lang='lat' dir='ltr'>a</span> <span class='ocrx_word' id='word_1_281' title='bbox 632 2555 710 2584; x_wconf 88' lang='lat' dir='ltr'>Luc.</span> <span class='ocrx_word' id='word_1_282' title='bbox 732 2564 811 2586; x_wconf 84' lang='lat' dir='ltr'>xvn.</span> <span class='ocrx_word' id='word_1_283' title='bbox 832 2552 864 2593; x_wconf 86' lang='lat'>3,</span> <span class='ocrx_word' id='word_1_284' title='bbox 887 2557 920 2584; x_wconf 79' lang='lat' dir='ltr'>et</span> <span class='ocrx_word' id='word_1_285' title='bbox 943 2554 1055 2586; x_wconf 80' lang='lat' dir='ltr'>Matth.</span> <span class='ocrx_word' id='word_1_286' title='bbox 1083 2566 1174 2597; x_wconf 82' lang='lat' dir='ltr'>xvm,</span> <span class='ocrx_word' id='word_1_287' title='bbox 1194 2565 1248 2590; x_wconf 81' lang='lat'>22.</span> <span class='ocrx_word' id='word_1_288' title='bbox 1269 2577 1310 2584; x_wconf 85' lang='lat'>—</span> <span class='ocrx_word' id='word_1_289' title='bbox 1331 2560 1343 2586; x_wconf 86' lang='lat'><em>3</em></span> <span class='ocrx_word' id='word_1_290' title='bbox 1362 2565 1478 2601; x_wconf 76' lang='lat' dir='ltr'>Matth,</span> 
     </span>
     <span class='ocr_line' id='line_1_34' title="bbox 98 2607 308 2648; baseline 0.033 -12"><span class='ocrx_word' id='word_1_291' title='bbox 98 2617 200 2644; x_wconf 76' lang='lat' dir='ltr'>xxvii,</span> <span class='ocrx_word' id='word_1_292' title='bbox 221 2607 254 2648; x_wconf 74' lang='grc'>4,</span> <span class='ocrx_word' id='word_1_293' title='bbox 278 2607 308 2638; x_wconf 80' lang='lat'>5·</span> 
     </span>
    </p>
   </div>
  </div>
 </body>
</html>
