1819 3301
383 257 426 282 ΙΝ
461 255 635 286 JOANNIS
668 256 978 297 EVANGELIUM,
1013 255 1159 287 TRACT.
1196 263 1281 299 v1.v
1424 252 1506 290 477

128 319 230 363 dare
245 318 447 364 fidelibus
466 340 473 365 :
492 322 553 364 ihi
572 331 662 366 erat
679 323 757 367 iste
775 324 924 368 Simon
941 327 1106 383 Magus3
1128 341 1203 385 per
1224 328 1406 385 magicas
1421 328 1509 372 fae-

128 390 264 434 tiones
281 406 374 434 suas
399 390 724 437 dementaverat
744 394 972 453 populum,
1007 405 1056 439 ut
1077 411 1176 439 eum
1205 396 1408 440 virtutem
1434 400 1509 442 Dei

126 469 331 519 putarent
351 480 358 505 :
385 471 627 506 commotus
649 472 792 507 tamen
815 464 945 522 signis
964 481 1061 524 quae
1074 481 1096 509 a
1115 466 1313 525 Philippo
1331 467 1506 523 fiebant,

125 532 255 575 etiam
269 532 359 591 ipse
369 532 569 591 credidit3
584 533 658 578 sed
667 534 987 594 quomodoipse
1000 535 1232 581 crediderit
1244 572 1254 589 ‚
1273 538 1510 598 posteriora

125 603 347 662 sequentia
364 602 774 649 demonstraverunt
789 605 1050 664 :baptizatus
1063 616 1276 652 estautem
1289 618 1331 653 et
1346 609 1507 654 Simon.

127 673 373 718 Audierunt
394 674 479 718 hoc
501 675 714 734 Apostoli,
745 675 821 735 qui
849 686 972 721 erant
993 678 1231 723 Jerusalem
1253 699 1261 724 :
1283 680 1398 724 missi
1416 691 1513 724 sunt

127 744 182 788 ad
197 744 292 789 illos
314 748 466 789 Petrus
489 754 531 789 et
547 748 734 791 Joannes
749 781 760 802 ‚
785 747 1049 792 invenerunt
1070 749 1228 795 multos
1250 750 1510 810 baptizatos:

127 824 170 859 et
187 815 287 875 quia
301 815 447 860 nullus
459 816 652 876 ipsorum
669 817 812 862 adhuc
831 828 1054 878 acceperat
1074 820 1279 879 Spiritum
1296 831 1511 877 sanctum⁷

126 886 237 931 sicut
259 897 363 931 tunc
393 887 710 944 descendebat,
736 888 791 933 ad
814 889 1128 934 ostendendam
1158 892 1513 949 significationem

127 957 321 1015 gentium
344 957 678 1014 crediturarum,
702 968 752 1003 ut
768 958 925 1018 linguis
942 959 1225 1020 loquerentur
1239 962 1283 1005 in
1298 978 1405 1022 quos
1423 962 1516 1006 des-

127 1027 341 1072 cendebat
356 1028 538 1087 Spiritus
555 1038 747 1079 sanctus3
765 1030 1066 1089 imposuerunt
1079 1030 1161 1075 illis
1175 1047 1328 1076 manus
1346 1043 1515 1077 orantes

127 1114 205 1157 pro
228 1099 309 1152 eis,
335 1108 378 1142 et
401 1109 663 1159 acceperunt
689 1100 897 1159 Spiritum
919 1111 1131 1145 sanctum.
1158 1103 1305 1147 Simon
1326 1103 1419 1158 illc,
1441 1103 1517 1163 qui
1570 1103 1572 1105 ’

127 1185 217 1214 non
234 1178 324 1213 erat
347 1169 393 1213 in
416 1170 595 1214 ecclesia
618 1170 821 1215 columba
834 1206 844 1225 ‚
865 1171 939 1214 sed
957 1187 1127 1226 corvus⁷
1143 1173 1244 1232 quia
1262 1189 1309 1217 ea
1332 1190 1429 1233 quae
1442 1190 1519 1217 sua

128 1250 228 1284 sunt
244 1241 493 1301 quaerebat,
533 1257 623 1285 non
648 1257 747 1302 quae
770 1244 872 1285 Jesu
897 1243 1053 1286 Christi
1075 1245 1087 1268 1
1110 1264 1121 1300 3
1152 1244 1269 1287 unde
1299 1246 1343 1288 in
1374 1245 1519 1289 Chris-

127 1312 255 1356 tianis
277 1313 516 1372 potentiam
539 1314 674 1370 magis
693 1322 911 1357 amaverat
928 1329 1058 1373 quam
1073 1315 1301 1373 justitiam,
1322 1315 1427 1360 vidit
1445 1331 1519 1374 per

127 1383 448 1442 impositionem
476 1399 687 1427 manuum
707 1383 1016 1443 Apostolorum
1048 1385 1139 1428 dari
1165 1386 1370 1444 Spiritum
1395 1402 1519 1430 sane-

127 1462 239 1508 tum⁷
260 1456 378 1511 (non
402 1454 503 1512 quia
518 1454 597 1512 ipsi
615 1453 795 1508 dabant,
823 1453 899 1498 sed
916 1454 1016 1514 quia
1034 1455 1134 1514 ipsis
1151 1456 1375 1500 orantibus
1393 1456 1518 1501 datus

70 1540 73 1544 ·
129 1525 225 1581 est),
247 1532 290 1567 et
304 1523 363 1567 ait
382 1523 598 1582 Apostolis
617 1543 625 1568 :
646 1523 791 1576 «Quid
806 1524 935 1568 vultis
953 1540 976 1568 a
998 1540 1067 1568 me
1089 1527 1281 1585 accipere
1302 1527 1515 1585 pecuniae,

133 1613 153 1636 »
188 1603 239 1638 ut
259 1603 302 1639 et
315 1610 394 1654 per
415 1595 735 1653 impositionem
752 1610 963 1639 manuum
981 1611 1174 1639 mearum
1195 1596 1322 1640 detur
1338 1598 1519 1656 Spiritus

133 1683 153 1706 »
190 1666 393 1708 sanctus?
410 1683 429 1705 »
451 1667 509 1708 Et
530 1665 589 1708 ait
610 1664 674 1708 illi
695 1668 846 1709 Petrus
865 1683 873 1709 :
899 1666 1119 1709 «Pecunia
1142 1675 1215 1710 tua
1237 1676 1381 1711 tecum
1405 1668 1459 1711 sit
1476 1668 1520 1711 in

133 1753 153 1776 »
187 1734 477 1794 perditionem
501 1754 508 1778 :
530 1735 738 1794 quoniam
753 1735 918 1778 donum
938 1735 1015 1779 Dei
1029 1736 1189 1794 putasti
1205 1738 1388 1795 pecunia
1406 1752 1521 1781 com-

133 1824 154 1847 »
189 1805 476 1865 parandum.»
501 1806 582 1850 Cui
606 1806 711 1850 dicit
735 1825 743 1850 :
769 1806 989 1850 «Pecunia
1012 1815 1086 1850 tua
1109 1816 1254 1850 tecum
1276 1808 1329 1851 sit
1346 1809 1389 1851 in
1419 1824 1519 1867 pcr-

134 1896 154 1919 »
186 1870 445 1922 ditionem‘P»
465 1878 618 1937 utique
632 1877 863 1937 baptizato.
878 1880 901 1921 J
906 1893 973 1922 am
988 1877 1203 1937 baptisma
1218 1879 1429 1923 habebat:
1446 1879 1521 1923 sed

131 1948 349 1993 columbae
366 1949 602 1993 visceribus
616 1964 703 1992 non
720 1949 927 1992 haerebat.
947 1948 1062 1992 Audi
1079 1950 1179 2009 quia
1197 1966 1285 1994 non
1308 1951 1516 1994 haerebat:

131 2020 263 2064 verba
281 2020 371 2079 ipsa
394 2020 508 2064 Petri
524 2019 705 2079 apostoli
720 2019 895 2063 adverte
909 2055 919 2073 ,
937 2020 1134 2079 sequitur
1151 2021 1265 2064 enim
1286 2041 1293 2065 :
1310 2040 1327 2062 «
1344 2024 1440 2066 Non
1458 2030 1522 2065 est

135 2109 155 2132 »
191 2090 271 2134 tibi
296 2106 390 2149 pars
412 2106 554 2151 neque
576 2107 664 2134 sors
681 2091 725 2133 in
747 2091 827 2134 hac
844 2089 930 2133 fide
949 2111 959 2148 3
984 2092 1026 2134 in
1046 2090 1146 2134 felle
1176 2091 1290 2134 enim
1318 2093 1521 2135 amaritu-

136 2179 156 2202 »
191 2160 303 2204 dinis
324 2161 452 2205 video
470 2170 512 2204 te
535 2176 624 2204 esse
638 2164 670 2205 ².
692 2179 711 2201 »
732 2159 947 2204 Columba
971 2159 1028 2203 fel
1046 2176 1134 2204 non
1162 2161 1294 2205 habet
1326 2181 1333 2206 :
1372 2162 1522 2207 Simon

133 2231 353 2288 habebat3
377 2231 475 2275 ideo
499 2240 718 2290 separatus
735 2240 827 2274 erat
853 2247 875 2274 a
905 2230 1120 2274 columbae
1146 2232 1374 2276 viceribus.
1405 2236 1521 2292 Bapt-

135 2301 261 2345 tisma
282 2300 345 2344 illi
367 2301 473 2361 quid
492 2301 718 2360 proderat?
736 2300 831 2345 Noli
855 2316 957 2359 ergo
973 2300 1028 2344 de
1046 2301 1300 2359 baptismate
1324 2302 1516 2361 gloriari,

135 2372 256 2432 quasi
274 2388 323 2415 ex
338 2372 430 2431 ipso
448 2371 558 2415 salus
576 2371 657 2414 tibi
674 2371 857 2415 sufficiat
876 2390 883 2415 :
901 2370 990 2415 noli
1004 2371 1141 2426 irasci,
1159 2371 1328 2431 depone
1342 2372 1520 2428 lehveni

138 2442 193 2487 ad
213 2442 461 2486 columbam
488 2461 494 2486 :
516 2442 586 2485 hic
604 2442 681 2485 tibi
699 2441 906 2501 proderit,
923 2440 1042 2500 quod
1058 2439 1159 2486 foris
1176 2457 1265 2487 non
1279 2441 1419 2487 solum
1432 2459 1521 2489 non

137 2512 356 2573 proderat,
383 2513 457 2557 sed
475 2513 605 2557 etiam
623 2513 788 2557 oberat.

187 2605 195 2621 ¹
214 2598 324 2641 Philip.
346 2609 380 2639 11,
404 2607 458 2631 21.
480 2615 520 2621 —
545 2605 556 2620 ²
582 2599 654 2630 Act.
681 2609 748 2639 vm,
769 2596 858 2629 5-23,
