1819 3301
360 265 644 301 qums-nouum
675 263 1041 302 EVANGELIORUM‚
1077 265 1159 292 Lm.
1196 266 1243 291 11.
1398 255 1482 293 359

639 429 874 480 QUAEsrro
904 432 950 471 L.

163 576 291 627 Quon
324 571 431 617 dixit
461 572 673 617 Dominus
689 572 946 632 Discipulis:
973 591 992 616 «
1017 575 1150 618 Orate
1171 589 1228 618 ne
1257 574 1424 619 intretis
1440 575 1486 618 in

108 663 128 686 »
163 644 451 688 tentationem
474 663 483 688 :
504 652 548 687 et
587 643 679 702 ipse
707 644 880 687 avulsus
913 652 976 688 est
999 643 1054 687 ab
1076 644 1135 687 eis
1160 653 1373 704 quantum
1392 646 1487 704 jac-

108 733 129 756 »
164 723 234 758 tus
267 723 329 757 est
360 712 541 772 lapidis1
560 733 569 758 2
590 731 610 754 »
622 722 830 773 tanquam
851 713 935 758 hoc
957 728 1029 758 eos
1050 713 1347 771 admonuerit,
1371 724 1422 759 ut
1441 715 1487 758 in

107 800 207 828 eum
231 784 470 842 dirigerent
492 782 682 842 lapidem
697 818 708 839 ‚
733 782 778 827 id
800 792 884 839 est,
917 798 1057 844 usque
1077 783 1132 831 ad
1153 800 1253 828 eum
1274 784 1489 844 perduce-

107 864 207 899 rent
221 854 506 898 intentionem
524 854 668 913 Legis,
688 869 788 914 quae
801 854 958 913 scripta
972 863 1063 899 erat
1078 854 1122 898 in
1139 853 1283 914 lapide
1296 858 1327 898 ².
1346 857 1490 915 Usque

108 924 163 969 ad
185 924 309 968 illum
333 925 445 968 enim
463 933 604 984 potest
625 924 850 984 pervenire
865 923 938 968 ille
958 923 1089 984 lapis:
1111 943 1131 967 «
1155 925 1372 978 Quoniam
1394 926 1491 969 finis

111 1014 133 1038 n
168 996 294 1055 Legis
315 1004 380 1041 est
401 996 597 1042 Christus
620 994 674 1039 ad
688 995 900 1055 justitiam
922 995 1042 1040 omni
1063 994 1297 1040 credentiss.
1320 1014 1342 1037 n

639 1156 876 1206 QUAESTIO
907 1158 970 1196 LI.

167 1302 294 1353 Quon
322 1298 532 1358 scriptum
569 1307 633 1343 est
667 1298 722 1342 de
755 1298 973 1343 Domino:
998 1317 1017 1340 «
1061 1298 1210 1343 Finxit
1246 1313 1290 1343 se
1326 1297 1498 1358 longius

114 1390 131 1411 »
166 1370 258 1413 ire4
291 1388 311 1411 »
338 1385 427 1413 non
458 1370 514 1412 ad
536 1367 813 1413 mendacium
847 1369 1051 1428 pertinet.
1083 1371 1181 1416 Non
1213 1369 1329 1412 enim
1366 1384 1496 1413 omne

109 1440 230 1500 quod
252 1440 456 1497 fingimus
482 1438 759 1483 mendacium
792 1447 855 1482 est
887 1457 896 1483 ε
922 1438 997 1482 sed
1026 1438 1204 1498 quando
1227 1437 1272 1482 id
1294 1439 1496 1497 fingimus

110 1509 231 1571 quod
262 1509 371 1553 nihil
402 1509 640 1568 significat,
666 1518 772 1554 tunc
803 1517 865 1552 est
885 1507 1177 1552 mendacium.
1203 1510 1315 1553 Cum
1349 1517 1495 1552 autem

110 1580 228 1624 fictio
249 1588 396 1624 nostra
425 1578 611 1623 refertur
637 1579 692 1623 ad
714 1578 905 1639 aliquam
924 1578 1304 1637 significationem,
1327 1595 1413 1624 non
1434 1589 1497 1623 est

110 1650 409 1704 mendacium,
434 1649 508 1693 sed
534 1649 679 1709 aliqua
708 1649 847 1708 figura
871 1649 1089 1704 veritatis,
1122 1648 1315 1710 alioquin
1351 1650 1496 1693 omnia

111 1737 210 1782 quae
233 1737 256 1764 a
273 1720 539 1779 sapientibus
561 1729 604 1763 et
625 1719 779 1763 sanctis
808 1719 930 1774 viris,
954 1719 1023 1763 vel
1045 1719 1174 1762 etiam
1197 1719 1251 1762 ab
1285 1719 1378 1779 ipso
1405 1722 1495 1764 Do-

112 1791 231 1834 mino
272 1791 456 1849 figurate
478 1789 592 1833 dicta
615 1798 738 1844 sunt,
764 1788 987 1833 mendacia
1010 1788 1362 1848 deputabuntur,
1395 1790 1495 1850 quia

112 1861 354 1906 secundum
398 1861 605 1905 usitatum
652 1859 925 1904 intellectum
967 1876 1057 1904 non
1101 1860 1294 1909 subsistit
1341 1861 1497 1904 veritas

112 1931 269 1976 talibus
305 1931 446 1975 dictis.
483 1933 580 1975 Non
600 1930 715 1974 enim
747 1931 879 1974 homo
917 1930 991 1990 qui
1019 1930 1175 1977 habuit
1211 1930 1321 1974 duos
1359 1930 1496 1985 filios,

114 2017 302 2062 quorum
320 2001 470 2060 junior
493 2009 669 2059 accepta
687 2009 809 2059 parte
830 1999 1077 2059 patrimonii
1105 2001 1168 2043 sui
1195 2000 1413 2059 profectus
1437 2010 1501 2044 est

114 2072 161 2115 in
182 2071 402 2129 regionem
436 2070 748 2130 longinquam⁵
764 2105 776 2126 ,
801 2079 844 2114 et
870 2079 1025 2114 caetera
1055 2067 1169 2130 quae'
1184 2070 1228 2113 in
1250 2069 1323 2114 illa
1353 2077 1503 2115 narra-ss

114 2142 234 2186 tione
271 2148 594 2195 contexuntur,
639 2140 698 2183 ita
736 2139 943 2184 dicuntur
980 2149 1188 2200 tanquam
1229 2154 1329 2184 vere
1369 2139 1501 2184 fuerit

116 2213 347 2273 quisquam
369 2212 501 2256 homo
523 2211 600 2271 qui
628 2211 711 2255 hoc
744 2211 790 2254 in
822 2210 918 2256 filiis
947 2212 1031 2254 suis
1055 2210 1228 2254 duobus
1260 2220 1335 2255 aut
1355 2226 1501 2271 passus

118 2283 194 2338 sit,
220 2291 295 2326 aut
307 2281 471 2326 fecerit.
493 2282 614 2327 Ficta
634 2291 735 2326 sunt
758 2298 861 2341 ergo
882 2283 958 2326 ista
978 2281 1032 2327 ad
1051 2298 1139 2326 rem
1155 2282 1390 2343 quamdam
1413 2283 1501 2343 sig-

118 2353 406 2407 nificandam,
438 2362 527 2397 tam
556 2352 684 2412 longe
706 2353 880 2413 lateque
910 2354 1116 2413 majorem
1146 2362 1186 2396 et
1222 2362 1311 2398 tam
1334 2354 1502 2398 incom-

118 2422 366 2482 parabiliter
398 2421 698 2478 differentem,
738 2433 788 2468 ut
821 2439 897 2483 per
933 2423 1059 2467 illum
1090 2424 1242 2468 fictum
1277 2424 1500 2469 hominem

167 2537 176 2553 ¹
202 2532 278 2562 Luc.
306 2529 583 2571 xxn‚4o,41.-—
600 2538 612 2553 ²
636 2534 796 2574 Deut.1x,
809 2543 841 2573 9.
858 2529 924 2555 -3
943 2534 1032 2564 Rom.
1051 2542 1082 2572 x,
1102 2530 1132 2572 4.
1149 2548 1189 2554 --
1203 2530 1218 2561 4
1237 2533 1313 2565 Luc.
1330 2543 1417 2574 xxiv,
1435 2533 1490 2565 28.

122 2603 163 2610 -
178 2585 252 2620 ⁵1d.
273 2597 326 2625 xv,
354 2588 470 2619 11-32.
