1819 3301
369 295 423 335 40
791 308 822 334 s.
862 310 1088 336 Aucus'ruxi
1124 308 1302 335 eviscovi

365 375 559 419 dicerent
581 375 891 433 compellatum
915 378 1060 418 ,lesum
1084 409 1094 428 ‚
1121 373 1241 434 quod
1255 375 1313 417 eis
1336 371 1640 417 accusantibus
1661 387 1753 415 non

366 446 661 505 responderet.
689 446 805 489 Nihil
837 455 982 489 autem
1014 446 1193 489 interest
1222 445 1441 497 veritatis,
1475 457 1564 502 quo
1599 441 1753 486 ordine

365 519 504 560 Lucas
521 516 600 559 ista
624 515 818 559 retulerit
839 535 847 559 :
870 514 1244 575 quemadmodum
1262 513 1369 558 nihil
1389 514 1569 557 interest
1588 513 1622 556 si
1644 511 1754 556 alius

363 586 529 647 aliquid
560 596 699 640 tacet,
727 585 847 645 quod
869 585 979 631 alius
1008 594 1320 630 commemorat
1345 604 1353 628 :
1379 582 1751 644 quemadmodum

360 659 407 702 in
429 657 797 716 consequentibus
812 656 917 701 dicit
941 677 950 701 ;
970 675 989 697 »
1012 658 1084 701 Ait
1105 667 1250 700 autem
1273 654 1436 700 Pilatus
1458 654 1514 698 ad
1536 654 1753 714 principes

364 747 384 769 »
421 727 698 773 sacerdotum
716 737 759 772 et
776 727 925 772 turbas
955 747 963 772 ε
984 727 1101 772 Nihil
1134 727 1308 771 invenio
1329 741 1470 770 causae
1491 725 1537 769 in
1565 725 1649 770 hoc
1670 725 1753 769 ho-

363 817 383 841 »
419 799 551 842 mine.
577 802 635 843 At
656 797 719 841 illi
742 797 1064 842 invalescebant
1084 833 1095 853 ‚
1141 797 1332 841 dicentes
1361 812 1369 837 ;
1391 799 1650 842 Commovet
1672 811 1753 855 po-

361 887 383 911 »
419 868 574 928 pulum
598 867 759 912 docens
788 883 864 927 per
896 867 1142 911 universam
1175 866 1376 910 Judaeam
1393 901 1403 920 ,
1431 875 1474 909 et
1496 866 1708 925 incipiens
1729 881 1753 910 a

361 959 381 982 »
419 937 596 983 Galilaea
619 954 757 998 usque
780 938 881 981 huc.
909 936 1073 981 Pilatus
1097 946 1242 981 autem
1261 972 1271 991 ,
1298 936 1479 981 audiens
1505 935 1747 993 Galilaeam‚

362 1029 382 1052 »
418 1009 744 1067 interrogavitsi
759 1009 892 1052 homo
912 1007 1115 1052 Galilaeus
1128 1017 1261 1052 esset:
1284 1016 1326 1051 et
1339 1016 1388 1051 ut
1409 1007 1615 1065 cognovit
1631 1007 1753 1066 quod

361 1100 381 1123 »
418 1081 473 1125 de
497 1079 680 1124 Herodis
711 1087 925 1138 potestate
948 1088 1058 1123 esset
1077 1113 1088 1134 ,
1114 1078 1277 1122 remisit
1298 1092 1398 1121 eum
1421 1076 1477 1121 ad
1505 1077 1749 1133 Herodem,

362 1169 383 1193 »
419 1151 495 1211 qui
518 1160 562 1194 et
583 1151 673 1209 ipse
691 1153 711 1193 J
720 1149 973 1206 erosolymis
997 1158 1090 1192 erat
1107 1149 1153 1192 in
1170 1147 1252 1192 illis
1267 1147 1435 1191 diebus.
1454 1146 1646 1191 Herodes
1671 1163 1751 1191 au-

359 1241 380 1264 »
416 1231 504 1265 tem
525 1221 614 1265 viso
638 1223 741 1264 Jesu
756 1256 767 1276 ‚
793 1220 962 1278 gavisus
984 1229 1046 1264 est
1067 1218 1194 1263 valde
1222 1239 1229 1263 :
1254 1228 1346 1262 erat
1369 1219 1485 1262 enim
1507 1218 1687 1278 cupiens
1701 1234 1753 1263 ex

361 1312 381 1335 »
419 1292 560 1336 multo
579 1301 774 1351 tempore
796 1290 943 1335 videre
966 1306 1066 1334 eum
1083 1326 1094 1345 ,
1120 1306 1171 1334 eo
1193 1289 1315 1350 quod
1336 1290 1507 1334 audiret
1528 1289 1666 1333 multa
1697 1290 1752 1334 de

357 1383 377 1404 »
413 1362 517 1420 illo3
554 1371 597 1406 et
629 1362 832 1421 sperabat
863 1362 1037 1420 signum
1071 1360 1250 1420 aliquod
1281 1358 1429 1403 videre
1463 1359 1518 1403 ab
1553 1375 1606 1404 eo
1638 1360 1746 1404 fieri.

359 1452 380 1475 »
416 1434 722 1491 Interrogabat
752 1440 900 1476 autem
935 1431 1062 1475 illum
1087 1431 1236 1475 multis
1262 1430 1535 1474 sermonibus
1561 1449 1570 1474 ε
1596 1439 1639 1474 at
1660 1430 1750 1489 ipse

364 1524 383 1545 »
418 1503 482 1547 illi
504 1502 612 1547 nihil
632 1501 924 1562 respondebat
950 1520 959 1546 ε
977 1502 1152 1546 stabant
1172 1501 1301 1545 etiam
1315 1500 1532 1560 principes
1548 1499 1752 1545 sacerdo-

359 1594 379 1616 »
415 1584 512 1619 tum
528 1584 572 1619 et
591 1574 775 1629 Scribae,
801 1582 1050 1618 constanter
1075 1581 1325 1617 accusantes
1346 1587 1462 1615 eum.
1487 1572 1751 1631 Sprevitau-

359 1665 379 1688 »
415 1657 504 1691 tem
527 1647 651 1690 illum
675 1647 867 1691 Herodes
890 1661 990 1690 cum
1014 1645 1204 1689 exercitu
1216 1660 1321 1699 suo,
1337 1653 1379 1689 et
1394 1643 1529 1688 illusit
1543 1644 1750 1689 indutum

359 1735 380 1758 »
415 1726 532 1760 veste
547 1716 662 1771 alba,
682 1725 724 1760 et
746 1716 910 1760 remisit
922 1715 978 1759 ad
990 1715 1194 1759 Pilatum.
1213 1718 1269 1759 Et
1283 1712 1386 1758 facti
1400 1722 1503 1758 sunt
1515 1714 1642 1758 amici
1661 1718 1752 1759 He-

360 1808 378 1829 »
415 1787 540 1831 rodes
562 1796 606 1830 et
626 1786 789 1830 Pilatus
810 1787 853 1829 in
871 1786 963 1845 ipsa
980 1785 1076 1842 die3
1101 1800 1201 1829 nam
1223 1794 1349 1828 antea
1371 1784 1535 1829 inimici
1552 1794 1676 1829 erant
1695 1785 1751 1830 ad

358 1876 380 1899 »
415 1857 617 1901 invicem.
648 1874 668 1897 »
697 1859 800 1900 Haec
822 1855 968 1900 omnia
987 1890 997 1910 ,
1030 1855 1077 1898 id
1093 1864 1172 1910 est,
1192 1854 1313 1915 quod
1334 1872 1358 1900 a
1380 1855 1518 1899 Pilato
1542 1853 1597 1899 ad
1611 1858 1751 1900 Hero-

356 1927 457 1971 dem
480 1927 692 1970 Dominus
709 1926 861 1970 missus
889 1934 975 1980 est,
1005 1934 1048 1968 et
1075 1940 1175 1984 quae
1207 1925 1269 1968 ibi
1302 1934 1420 1983 gesta
1453 1934 1582 1980 sunt,
1609 1929 1748 1971 Lucas

357 1998 473 2043 solus
497 1997 689 2055 indicat3
715 1997 881 2041 etiamsi
905 1994 1069 2056 aliquid
1098 1996 1159 2039 ibi
1182 1996 1239 2040 ait
1251 1996 1411 2051 simile,
1437 1996 1560 2056 quod
1594 1997 1639 2041 in
1657 1997 1749 2042 aliis

355 2070 656 2113 narrationum
674 2068 779 2112 locis
802 2068 920 2127 apud
942 2066 1047 2111 alios
1060 2066 1389 2125 possitinveniri
1411 2067 1583 2111 :caeteri
1601 2076 1749 2113 autem

356 2156 404 2184 ea
428 2148 598 2183 tantum
622 2138 766 2183 dicere
777 2138 1014 2183 voluerunt
1036 2153 1134 2197 quae
1147 2138 1264 2197 apud
1280 2137 1468 2182 Pilatum
1491 2147 1609 2196 gesta
1625 2148 1743 2195 sunt,

356 2226 587 2270 quousque
609 2210 820 2254 Dominus
834 2207 1154 2266 crucifigendus
1165 2209 1422 2254 traderetur.
1440 2209 1629 2253 Rediens
1644 2224 1747 2268 ergo

331 2335 334 2337 Α
357 2284 495 2326 Lucas
519 2279 574 2324 ad
604 2295 653 2323 ea
676 2296 775 2339 quae
804 2278 922 2338 apud
954 2279 1180 2338 praesidem
1210 2279 1473 2336 gerebantur
1489 2313 1500 2334 ‚
1537 2278 1654 2323 unde
1675 2279 1745 2324 di-

356 2366 522 2409 gressus
540 2359 658 2405 erat,
677 2359 728 2394 ut
750 2359 945 2394 narraret
965 2348 1086 2409 quod
1107 2348 1224 2408 apud
1251 2349 1468 2393 Herodem
1492 2358 1636 2394 actum
1655 2359 1741 2408 est,

353 2432 414 2466 ita
436 2421 630 2482 sequitur
648 2440 655 2465 :
682 2439 702 2462 «
720 2420 882 2464 Pilatus
901 2429 1045 2464 autem
1060 2419 1306 2464 convocatis
1320 2419 1584 2479 principibus
1605 2436 1743 2466 sacer-

355 2510 375 2533 »
412 2490 568 2535 dotum
589 2501 632 2535 et
652 2490 974 2549 magistratibus
998 2498 1040 2533 et
1061 2488 1210 2549 plebe,
1236 2488 1343 2532 dixit
1371 2488 1426 2533 ad
1447 2489 1542 2534 illos
1558 2525 1569 2546 ‚
1595 2491 1742 2536 Obtu-

353 2580 373 2604 »
408 2562 514 2605 listis
534 2562 640 2606 mihi
662 2563 780 2606 hunc
801 2562 1024 2609 hominem
1046 2561 1170 2621 quasi
1197 2569 1464 2606 avertentem
1486 2561 1703 2622 populum
1722 2597 1735 2620 ‚

353 2651 373 2673 »
409 2641 453 2678 ct
483 2648 580 2679 ecce
604 2648 683 2692 ego
705 2648 852 2680 coram
879 2632 1004 2679 vobis
1037 2632 1329 2691 interrogans,
1362 2632 1529 2679 nullam
1561 2648 1735 2682 causam
