1819 3301
334 240 418 279 366
771 249 806 279 s.
842 249 1074 278 Aucus'mm
1107 249 1288 276 Emscom

831 393 1068 443 QUAESTIO
1100 394 1204 433 v111.

392 549 412 571 «
447 532 610 573 Esrorr:
650 542 753 586 ergo
791 525 1028 586 prudentes
1061 525 1174 571 sicut
1195 533 1414 584 serpentes
1439 525 1452 549 ¹
1482 543 1489 568 :
1521 542 1539 564 »
1566 524 1620 568 ad
1644 540 1719 569 ca-

333 602 523 644 vendum
546 599 710 643 malurn
732 634 742 654 ‚
768 599 812 642 in
835 598 975 658 capite
998 596 1286 642 eustodiendo
1307 632 1318 652 ‚
1342 596 1463 657 quod
1486 605 1549 640 est
1568 597 1719 641 Chris-

331 682 413 716 tus.
434 674 545 715 Nam
567 686 741 730 serpens
760 678 903 714 totum
926 684 1084 728 eorpus
1105 684 1185 728 pro
1214 668 1356 727 capite
1384 667 1538 727 objicit
1570 683 1720 727 perse-

329 742 480 803 quenti
508 761 516 786 :
542 741 609 785 vel
628 740 750 802 quod
771 756 848 800 per
870 740 1088 799 angustias
1110 755 1153 783 se
1174 748 1398 783 coarctans
1415 739 1550 782 veteri
1571 739 1720 783 tunica

329 822 482 857 exutus
517 814 767 857 innovatur.
799 811 931 865 Quod
966 811 1194 854 imitantur
1227 810 1388 870 quibus
1429 808 1596 853 dietum
1629 818 1716 864 est,

333 905 348 923 «
386 888 549 929 Intrate
566 900 644 944 per
662 893 886 942 angustam
922 892 1092 942 portam
1117 885 1133 908 2
1161 901 1169 926 :
1198 900 1217 922 »
1244 896 1343 926 cum
1367 890 1510 925 vetere
1544 880 1720 925 homine

327 965 563 1000 exuuntur.
582 957 690 1000 Nam
708 955 741 999 si
758 955 1000 998 cavendum
1015 952 1179 996 malum
1198 953 1256 996 ita
1266 961 1477 1006 moneret,
1494 950 1721 996 utviolen»

326 1036 392 1070 ter
421 1025 708 1070 resistendum
730 1034 840 1069 esset
865 1024 986 1068 malis
1007 1059 1018 1079 ,
1045 1039 1133 1067 non
1162 1039 1292 1082 supra
1323 1022 1521 1077 dixisset,
1545 1041 1566 1064 «
1590 1022 1719 1067 Mitto

329 1117 348 1138 »
383 1114 460 1142 vos
493 1098 606 1141 sicut
636 1112 737 1141 oves
768 1097 811 1139 in
846 1095 991 1139 medio
1019 1095 1243 1154 luporum.
1274 1112 1291 1135 »
1321 1093 1545 1153 Simplices
1569 1102 1716 1137 autem

326 1169 437 1212 sicut
457 1168 683 1212 columbas
705 1182 795 1210 esse
816 1166 979 1219 voluit,
1005 1166 1058 1209 ad
1084 1164 1194 1208 nulli
1216 1163 1480 1209 nocendum.
1508 1166 1618 1210 Nam
1634 1164 1719 1209 hoc

328 1255 461 1297 genus
480 1240 567 1283 avis
594 1237 765 1282 nullum
789 1237 967 1281 omnino
991 1236 1243 1279 animalium
1269 1244 1416 1288 necat,
1453 1250 1543 1278 non
1574 1233 1716 1282 solum

326 1309 576 1367 grandium,
603 1318 753 1352 contra
778 1324 878 1368 quae
912 1307 1022 1350 vires
1051 1323 1138 1350 non
1171 1307 1305 1350 habet
1324 1341 1334 1361 ‚
1369 1306 1444 1349 sed
1471 1306 1601 1349 etiam
1633 1305 1718 1347 mi-

324 1380 650 1423 nutissimorum
672 1413 682 1432 ‚
719 1378 880 1438 quibus
915 1377 1043 1421 etiam
1080 1377 1278 1436 perparvi
1308 1391 1497 1435 passeres
1519 1374 1711 1419 aluntur.

324 1454 400 1494 Est
421 1460 566 1494 autem
583 1450 787 1494 omnibus
809 1448 1133 1509 irrationalibus
1162 1447 1454 1491 animantibus
1483 1462 1570 1490 una
1595 1462 1718 1506 quae-

325 1520 425 1565 dam
440 1522 554 1565 inter
570 1536 618 1564 ‘se
633 1520 836 1574 societas,
859 1520 969 1563 sicut
993 1519 1121 1563 etiam
1142 1517 1426 1563 rationalibus
1447 1533 1544 1571 sua,
1576 1516 1622 1560 id
1655 1525 1718 1561 est

324 1592 596 1646 hominibus,
622 1607 712 1636 non
740 1592 879 1635 solum
913 1606 1061 1634 seeum
1079 1625 1089 1644 ‚
1123 1589 1199 1634 sed
1229 1590 1357 1634 etiam
1389 1605 1490 1633 eum
1523 1587 1713 1646 Angelis.

326 1663 507 1706 Discunt
529 1677 633 1721 ergo
663 1677 712 1706 ex
747 1660 1030 1704 similitudine
1063 1659 1368 1705 columbarum
1402 1659 1510 1704 nulli
1539 1674 1718 1718 prorsus

325 1749 483 1778 nocere
506 1734 562 1777 ad
585 1733 836 1778 societatem
873 1746 995 1776 suam
1027 1730 1263 1790 pertinenti
1288 1730 1618 1790 participatione
1647 1745 1716 1773 ra-

326 1813 468 1848 tionis.

855 1939 1091 1989 QUAESTIO
1121 1941 1190 1980 IX..

389 2096 408 2118 «
444 2062 694 2121 CouFtffissou
712 2072 807 2127 tibi,
834 2075 976 2125 Pater,
998 2072 1181 2115 Domine
1203 2071 1303 2114 coeli
1327 2079 1369 2114 et
1389 2079 1516 2113 terrae
1533 2071 1565 2113 3.
1588 2087 1607 2110 »
1627 2071 1716 2117 No-

326 2147 509 2192 tandum
531 2143 847 2190 eonfessionem
870 2143 971 2201 poni
995 2142 1041 2185 in
1072 2140 1201 2184 laude
1224 2141 1316 2185 Dei.
1349 2143 1446 2185 Non
1477 2140 1593 2183 enim
1615 2155 1717 2200 pec-

326 2229 419 2263 cata
437 2217 643 2261 Dominus
666 2214 974 2267 confitebatur,
998 2228 1099 2274 'quae
1122 2211 1242 2254 nulla
1287 2211 1476 2254 hahebat
1493 2247 1503 2265 ‚
1532 2227 1714 2270 praeser-

325 2290 403 2333 tim
427 2289 528 2348 quia
552 2301 650 2330 eum
686 2284 950 2328 exultantem
998 2282 1081 2325 hoe
1116 2280 1268 2324 dixisse
1302 2281 1408 2324 alius
1437 2274 1711 2341 Evangelism

326 2367 638 2404 commemorat
661 2359 673 2381 '¹
703 2375 712 2402 ;
733 2369 986 2415 quampiam
1010 2363 1052 2396 et
1086 2352 1218 2396 verba
1242 2354 1328 2411 ipsa
1353 2369 1452 2412 quae
1484 2353 1590 2397 dicit
1623 2369 1714 2398 non

326 2431 518 2474 habeant
537 2427 855 2472 dubitationem
872 2461 882 2480 ,
904 2423 1023 2484 quod
1045 2424 1090 2467 in
1112 2423 1241 2467 laude
1260 2424 1334 2467 Dei
1356 2425 1571 2468 dieantur.
1596 2427 1714 2483 Ergo

326 2500 644 2546 confessionem
658 2507 785 2544 vocat
809 2497 1029 2556 Scriptura
1051 2494 1308 2554 generaliter
1330 2495 1547 2556 quidquid
1569 2496 1709 2540 mani-

375 2606 382 2622 ¹
400 2598 514 2631 Matth.
533 2608 564 2639 x,
588 2597 637 2630 16.
657 2613 698 2619 —
719 2595 795 2627 21d.
819 2605 878 2636 vu,
902 2594 952 2626 13.
974 2611 1011 2617 —-
1033 2591 1045 2616 3
1064 2593 1109 2625 Id.
1132 2603 1176 2632 xi,
1194 2593 1247 2625 25.
1266 2591 1337 2622 -4
1364 2594 1440 2626 Luc.
1457 2604 1488 2634 x,
1507 2601 1537 2625 2.

1770 2589 1784 2608 Χ
