1819 3301
353 272 434 310 256
755 280 789 309 s.
825 280 1056 309 Auoosnm
1090 282 1270 309 El’lscom

349 348 597 392 merarium.
627 346 963 407 subsequuntur
995 355 1139 389 autem
1162 345 1236 389 illa
1268 361 1367 406 quae
1402 347 1573 392 occulta
1607 358 1736 406 sunt3

347 420 448 480 quia
471 434 550 462 nec
571 419 661 476 ipsa
680 416 881 461 latebunt
908 426 1101 475 tempore
1123 431 1217 459 suo.
1241 416 1309 461 Sic
1329 418 1444 461 etde
1467 417 1592 462 bonis
1613 417 1737 462 factis

346 487 681 547 intelligendum
704 495 780 529 est.
802 489 911 530 Nam
929 485 988 529 ita
1009 485 1236 545 subjungit
1255 505 1263 529 :
1296 506 1316 528 «
1345 486 1548 531 Similiter
1563 497 1606 532 et
1623 487 1737 532 facta

349 577 369 600 »
405 560 520 602 bona
543 555 769 601 manifesta
787 565 918 611 sunt,
944 564 987 600 et
1009 571 1302 615 quaecumque
1324 557 1449 600 aliter
1471 573 1514 601 se
1537 559 1702 602 habent
1721 593 1732 613 ,

349 649 368 670 »
404 627 613 673 abscondi
627 642 715 671 non
734 635 915 686 possunt
930 629 959 670 ¹.
983 645 1001 667 »
1021 630 1082 670 De
1096 621 1334 670 manifestis
1351 642 1451 685 ergo
1467 627 1732 687 judicemus,

345 699 398 744 de
416 698 596 743 occultis
618 713 720 742 vero
741 701 828 741 Deo
847 696 1058 757 judicium
1083 696 1381 757 relinquamus
1408 717 1416 742 ε
1444 699 1545 758 quia
1581 708 1625 743 et
1645 700 1735 758 ipsa

344 769 550 814 abscondi
575 784 663 813 non
686 777 892 828 possunt,
919 768 1006 812 sive
1028 766 1141 812 mala
1163 768 1251 811 sive
1274 767 1412 823 bona,
1438 783 1538 813 cum
1562 777 1734 828 tempus

343 841 567 886 advenerit
583 856 672 900 quo
694 839 1041 883 manifestentur.
1488 844 1490 846 '

402 914 516 956 LXI.
540 914 636 954 Duo
664 919 766 954 sunt
789 919 935 953 autem
958 910 1002 952 in
1022 908 1183 968 quibus
1222 909 1499 952 temerarium
1518 909 1735 968 judicium

342 998 492 1028 cavere
526 982 758 1035 debemus,
786 996 888 1025 cum
910 981 1127 1025 incertum
1151 989 1213 1023 est
1236 995 1325 1040 quo
1359 980 1503 1024 animo
1538 981 1735 1041 quidque

342 1053 505 1097 factum
535 1053 616 1108 sit,
654 1050 725 1096 vel
747 1067 848 1096 cum
865 1052 1080 1095 incertum
1103 1059 1166 1094 est
1195 1050 1334 1110 qualis
1369 1049 1545 1095 futurus
1582 1051 1636 1095 sit
1659 1051 1736 1110 qui

342 1140 460 1169 nunc
486 1124 557 1168 vel
590 1124 732 1167 bonus
769 1122 838 1167 vel
876 1121 1015 1165 malus
1038 1130 1232 1180 apparet.
1271 1121 1312 1165 Si
1349 1136 1452 1179 ergo
1488 1121 1703 1180 quispiam
1719 1156 1730 1177 ‚

340 1195 461 1239 verbi
479 1194 612 1251 gratia
628 1229 638 1248 ,
664 1202 927 1252 conquestus
951 1191 1005 1234 de
1027 1191 1252 1234 stomacho
1268 1191 1468 1249 jejunare
1491 1190 1659 1245 noluit,
1691 1199 1735 1234 et

340 1276 389 1310 tu
407 1265 452 1309 id
470 1281 558 1309 non
573 1265 753 1309 credens
775 1263 997 1306 edacitatis
1010 1262 1054 1304 id
1073 1261 1177 1305 vitio
1202 1261 1418 1315 tribueris,
1439 1260 1734 1321 temerejudi-

340 1336 472 1381 cabis.
492 1339 601 1379 Item
620 1335 653 1378 si
671 1333 942 1377 manifestam
961 1331 1218 1375 edacitatem
1232 1331 1617 1390 ebriositatemque
1633 1347 1734 1390 cog-

340 1407 511 1451 noveris
532 1441 542 1460 ,
573 1415 616 1449 et
649 1405 707 1448 ita
736 1402 1063 1462 reprehenderis
1097 1402 1218 1461 quasi
1256 1416 1483 1461 nunquam
1505 1401 1578 1445 ille
1602 1403 1734 1461 possit

340 1478 495 1536 corrigi
514 1486 644 1537 atque
669 1476 850 1529 mutari,
889 1473 1172 1517 nihilominus
1188 1482 1348 1516 temere
1378 1473 1612 1532 judicabis.
1634 1477 1733 1519 Non

340 1564 441 1606 ergo
455 1546 824 1607 reprehendamus
838 1561 886 1588 ea
899 1561 998 1604 quae
1016 1544 1231 1588 nescimus
1247 1559 1336 1604 quo
1350 1544 1494 1588 animo
1509 1545 1617 1588 fiant
1632 1566 1642 1602 3
1659 1560 1730 1589 ne-

339 1635 425 1680 que
442 1620 500 1663 ita
513 1618 882 1678 reprehendamus
896 1631 995 1676 quae
1007 1614 1232 1659 manifesta
1254 1624 1372 1669 sunt,
1390 1624 1438 1658 ut
1452 1615 1730 1674 desperemus

338 1691 583 1742 sanitatem,
605 1698 648 1732 et
668 1687 900 1731 vitabimus
932 1685 1144 1745 judicium
1165 1720 1175 1739 ,
1201 1684 1256 1728 de
1277 1701 1365 1745 quo
1392 1701 1510 1730 nunc
1531 1684 1690 1730 dicitur
1716 1705 1725 1731 :

342 1781 362 1804 «
397 1761 540 1806 Nolite
556 1759 776 1819 judicare,
803 1773 857 1801 ne
875 1757 1097 1817 judicetur
1119 1755 1174 1799 de
1188 1756 1326 1800 vobis.
1350 1774 1369 1797 »

398 1833 536 1874 LXII.
565 1833 710 1872 Potest
731 1837 877 1870 autem
903 1841 1077 1869 movere
1110 1824 1230 1884 quod
1253 1825 1311 1868 ait
1334 1844 1342 1868 ε
1367 1844 1387 1867 «
1414 1828 1464 1869 In
1499 1841 1588 1885 quo
1610 1826 1727 1870 enim

340 1919 360 1942 »
391 1899 556 1959 judicio
588 1895 883 1957 judicaveritis
899 1930 912 1949 ,
947 1895 1217 1955 judicabitur
1240 1894 1294 1938 de
1326 1895 1448 1939 vobis
1469 1916 1479 1948 ς
1505 1905 1547 1940 et
1570 1896 1615 1939 in
1640 1912 1726 1956 qua

340 1990 360 2013 »
396 1985 597 2015 mensura
620 1967 757 2012 mensi
779 1965 960 2021 fueritis,
977 1967 1022 2010 in
1045 1981 1092 2009 ea
1109 1965 1360 2009 remetietur
1375 1967 1513 2010 vobis.
1543 1986 1562 2008 »
1586 1970 1725 2012 Num·-

337 2041 444 2102 quid
467 2041 582 2084 enim
605 2039 639 2083 si
661 2053 738 2082 nos
750 2036 917 2097 judicio
936 2036 1513 2095 temerariojudicaverimus
1528 2072 1539 2092 ‚
1563 2046 1726 2082 temere

336 2113 466 2157 etiam
490 2110 544 2154 de
567 2108 690 2154 nobis
723 2111 836 2152 Deus
867 2106 1108 2166 judicabit?
1130 2109 1218 2149 Aut
1239 2105 1455 2165 numquid
1472 2107 1504 2150 si
1530 2107 1574 2150 in
1597 2123 1724 2151 men-

335 2199 433 2228 sura
460 2182 609 2241 iniqua
627 2178 764 2223 mensi
786 2177 995 2221 fuerimus
1015 2211 1025 2230 ,
1051 2185 1094 2219 et
1124 2174 1241 2235 apud
1265 2179 1402 2219 Deum
1425 2176 1577 2236 iniqua
1599 2193 1723 2222 men-

335 2269 431 2298 sura
447 2262 510 2297 est
533 2251 651 2295 unde
673 2249 797 2293 nobis
813 2247 1097 2291 remetietur?
1119 2261 1220 2289 nam
1243 2255 1285 2289 et
1308 2260 1520 2290 mensurae
1547 2248 1722 2292 nomine

333 2325 475 2383 ipsum
507 2321 722 2382 judicium
754 2318 1041 2376 significatum
1079 2315 1279 2360 arbitror.
1302 2315 1434 2361 Nullo
1455 2318 1586 2362 modo
1609 2321 1722 2362 Deus

333 2394 402 2438 vel
426 2403 586 2437 temere
600 2389 782 2451 judicat,
802 2387 872 2433 vel
888 2387 1037 2446 iniqua
1051 2401 1253 2429 mensura
1272 2386 1476 2445 cuiquam
1492 2387 1690 2446 rependit
1708 2407 1718 2433 2

334 2466 409 2508 sed
429 2465 512 2508 hoc
534 2462 698 2506 dictum
722 2468 786 2503 est
807 2494 817 2514 ‚
843 2458 1052 2518 quoniam
1072 2457 1286 2501 temeritas
1305 2473 1391 2516 qua
1415 2458 1542 2516 punis
1566 2459 1714 2514 alium,

334 2534 483 2579 eadem
499 2534 590 2592 ipsa
611 2541 653 2576 te
671 2530 824 2591 puniat
846 2543 1017 2573 necesse
1041 2536 1118 2571 est.
1153 2526 1242 2573 Nisi
1273 2525 1385 2572 forte
1419 2527 1718 2573 arbitrandum

381 2625 391 2640 ¹
415 2629 428 2651 ι
443 2618 522 2650 Tim.
540 2627 573 2659 v,
591 2616 644 2649 25.
