1819 3301
322 273 406 311 390
761 284 791 309 s.
831 285 1059 310 AUGUSTIM
1094 285 1272 310 EPlsCOPI

322 367 342 389 »
379 356 422 392 et
443 351 557 392 Deus
589 357 680 392 erat
703 348 897 391 Verbum
918 382 928 400 ‚
958 365 977 387 »
1005 356 1047 390 et
1070 355 1224 390 caetera
1246 363 1346 406 quae
1366 346 1477 391 lecta
1501 356 1624 401 sunt,
1643 348 1708 391 in-

321 417 524 477 telligatis
545 434 620 462 vos
638 417 800 462 levasse
823 416 973 460 oculos
996 416 1051 460 ad
1071 426 1256 460 montes.
1283 417 1371 461 Nisi
1400 417 1515 461 enim
1543 427 1712 462 montes

320 489 400 532 ista
422 489 614 531 dicerent
635 523 645 537 ,
672 486 790 530 unde
809 487 988 531 omnino
1013 488 1255 544 cogitaretis
1276 523 1287 542 ,
1319 503 1408 531 non
1443 488 1708 531 inveniretis.

319 562 434 616 Ergo
452 574 501 601 ex
524 558 748 601 montibus
770 557 888 600 venit
911 558 1034 601 vobis
1063 557 1271 601 auxilium
1289 592 1300 611 ‚
1326 567 1376 601 ut
1398 558 1492 602 haec
1523 557 1592 601 vel
1631 574 1712 602 au-

319 629 468 673 diretis
493 647 502 673 t
532 628 607 671 sed
642 627 840 672 nondum
874 628 1050 687 potestis
1082 628 1326 687 intelligere
1364 629 1486 689 quod
1516 622 1708 673 audistis.

320 704 524 744 Invocate
547 698 755 743 auxilium
779 715 799 742 a
820 700 1004 743 Domino
1021 735 1031 753 ‚
1053 701 1130 760 qui
1153 699 1256 744 fecit
1279 699 1441 744 coelum
1461 709 1504 744 et
1518 710 1678 745 terram
1701 719 1711 746 :

318 771 420 829 quia
442 779 611 813 montes
633 770 690 813 sic
708 779 947 828 potuerunt
969 769 1113 829 loqui,
1138 779 1188 813 ut
1208 786 1297 814 non
1318 770 1485 828 possint
1506 771 1586 829 ipsi
1608 769 1714 813 illu-

317 841 507 897 minare3
531 840 632 899 quia
655 849 699 883 et
729 840 808 899 ipsi
842 839 1076 883 illuminati
1106 849 1209 883 sunt
1247 840 1480 884 audiendo.
1507 841 1616 883 Inde
1638 841 1714 900 qui

317 911 413 954 haec
435 909 565 964 dixit,
587 911 753 968 accepit
771 913 962 954 Joannes
984 909 1058 953 ille
1073 945 1085 965 ‚
1112 909 1264 954 fratres
1282 946 1292 965 ,
1311 911 1388 970 qui
1410 910 1715 954 discumbebat

317 995 448 1039 super
471 989 621 1039 pectus
636 980 810 1024 Domini
823 982 834 1005 1
847 1014 858 1033 ‚
882 989 924 1024 et
942 979 996 1023 de
1014 989 1189 1039 pectore
1210 980 1382 1024 Domini
1399 980 1578 1041 bibebat
1594 979 1715 1040 quod

317 1050 571 1110 propinaret
592 1049 733 1094 nobis.
762 1048 847 1094 Sed
880 1050 1127 1109 propinavit
1147 1051 1282 1094 verba
1307 1069 1315 1094 z
1342 1049 1616 1094 intellectum
1634 1066 1714 1093 au-
1776 1046 1785 1049 ’

321 1129 407 1163 tem
429 1120 532 1163 inde
554 1119 686 1163 debes
709 1134 883 1178 capere,
914 1120 1031 1163 unde
1053 1129 1097 1163 et
1118 1120 1209 1179 ipse
1232 1120 1401 1163 biberat
1422 1120 1499 1178 qui
1520 1120 1600 1163 tibi
1618 1135 1716 1179 pro-

320 1190 490 1250 pinavit
509 1208 517 1233 z
546 1199 595 1233 ut
611 1189 726 1233 leves
741 1189 890 1233 oculos
912 1189 968 1233 ad
989 1199 1175 1243 montes,
1196 1190 1315 1233 unde
1338 1190 1549 1233 auxilium
1569 1190 1716 1234 veniet

321 1260 425 1315 tibi,
451 1269 500 1303 ut
522 1259 624 1303 inde
658 1269 863 1319 tanquam
885 1259 1063 1304 calicem
1080 1295 1091 1313 ‚
1115 1260 1161 1303 id
1182 1269 1273 1314 est,
1298 1259 1480 1303 verbum
1504 1260 1712 1319 propina-

322 1340 416 1374 tum
439 1331 677 1389 acciperes3
697 1339 741 1374 et
762 1339 909 1374 tamen
942 1331 1045 1390 quia
1067 1329 1277 1373 auxilium
1306 1339 1433 1373 tuum
1457 1346 1480 1373 a
1503 1332 1710 1386 Domino,

321 1401 398 1460 qui
417 1400 519 1444 fecit
541 1400 705 1444 coelum
725 1410 766 1444 et
780 1409 961 1455 terram,
978 1399 1079 1443 inde
1092 1400 1295 1459 impleres
1310 1409 1477 1458 pectus,
1497 1399 1616 1444 unde
1637 1401 1715 1444 im-

320 1470 457 1530 plevit
474 1470 546 1513 ille
574 1491 582 1515 ;
604 1470 722 1514 unde
743 1470 902 1525 dixisti,
933 1470 1189 1514 «Auxilium
1211 1485 1358 1513 meum
1381 1486 1404 1514 a
1418 1471 1620 1526 Domino,
1639 1471 1715 1531 qui

323 1560 344 1583 »
379 1540 482 1586 fecit
498 1541 661 1585 coelum
684 1551 726 1585 et
742 1550 901 1585 terram
920 1560 928 1585 z
949 1559 968 1581 n
988 1541 1065 1600 qui
1086 1549 1229 1599 potest
1251 1554 1369 1598 ergo,
1390 1540 1582 1599 impleat.
1606 1545 1714 1585 Fra-

321 1621 430 1666 tres,
448 1613 531 1656 hoc
546 1612 634 1655 dixi
648 1648 658 1667 ⁷
677 1615 812 1656 Levet
833 1612 1018 1672 quisque
1045 1627 1122 1655 cor
1140 1626 1266 1655 suum
1285 1610 1508 1670 quomodo
1526 1611 1636 1656 illud
1649 1613 1714 1655 vi-

323 1681 399 1725 det
418 1681 625 1726 idoneum
645 1691 688 1725 et
710 1682 853 1741 capiat
874 1681 996 1740 quod
1018 1680 1192 1725 dicitur.
1212 1680 1427 1725 Sedforte
1442 1681 1525 1724 hoc
1545 1680 1712 1737 dicetis,

322 1752 426 1811 quia
446 1768 527 1811 ego
553 1753 677 1796 vobis
699 1768 794 1796 sum
813 1752 1068 1811 praesentior
1089 1767 1222 1811 quam
1242 1755 1372 1797 Deus.
1406 1751 1546 1796 Absit.
1572 1751 1714 1796 Multo

322 1832 386 1866 est
414 1822 487 1865 ille
521 1823 774 1881 praesentior
799 1841 808 1866 2
834 1837 934 1865 nam
968 1837 1047 1880 ego
1069 1821 1205 1866 oculis
1227 1822 1377 1866 vestris
1400 1837 1586 1881 appareo
1603 1857 1614 1877 ,
1641 1821 1714 1866 ille

322 1892 598 1937 conscientiis
615 1893 766 1936 vestris
793 1892 1010 1951 praesidet.
1038 1891 1106 1936 Ad
1129 1907 1198 1935 me
1219 1907 1343 1935 aures
1359 1927 1369 1946 ‚
1397 1892 1451 1936 ad
1473 1892 1599 1936 illurn
1620 1908 1710 1947 cor,

322 1971 373 2006 ut
394 1970 631 2020 utrumque
653 1961 880 2020 impleatis.
903 1964 1015 2005 Ecce
1037 1961 1186 2005 oculos
1199 1971 1362 2006 vestros
1384 1971 1428 2005 et
1446 1977 1594 2009 sensus
1611 1962 1714 2006 istos

323 2033 516 2092 corporis
539 2033 688 2075 levatis
710 2032 764 2076 ad
787 2048 891 2088 nos;
917 2048 995 2075 nec
1018 2033 1073 2076 ad
1091 2048 1185 2087 nos,
1212 2048 1302 2077 non
1318 2033 1435 2076 enim
1457 2048 1535 2076 nos
1559 2032 1614 2076 de
1631 2032 1714 2077 illis

323 2103 572 2157 montibus,
597 2101 673 2145 sed
695 2101 750 2145 ad
771 2102 911 2160 ipsum
937 2101 1220 2158 Evangelium
1237 2138 1247 2157 ,
1274 2102 1329 2146 ad
1351 2103 1492 2161 ipsum
1517 2106 1715 2162 Evange-

322 2172 465 2217 listam
490 2191 499 2216 :
525 2187 599 2215 cor
631 2180 777 2214 autem
812 2171 1084 2229 implendum
1123 2172 1177 2216 ad
1207 2173 1454 2216 Dominum.
1492 2175 1547 2216 Et
1575 2188 1714 2217 unus-

325 2244 509 2303 quisque
526 2243 586 2287 sic
608 2241 743 2297 levet,
766 2251 814 2285 ut
837 2241 981 2286 videat
1004 2242 1111 2302 quid
1127 2243 1256 2297 levet⁷
1278 2252 1320 2286 et
1342 2260 1430 2302 quo
1444 2243 1572 2287 levet.
1595 2243 1712 2297 Quid

323 2313 411 2357 dixi
430 2349 441 2369 ‚
463 2313 571 2374 quid
592 2313 732 2368 levet,
763 2322 805 2357 et
826 2329 914 2373 quo
936 2312 1084 2357 levet?
1110 2313 1248 2366 Quale
1276 2330 1350 2358 cor
1371 2314 1512 2369 levet,
1531 2314 1708 2374 videat3

322 2386 423 2443 quia
447 2385 501 2428 ad
533 2384 766 2428 Dominum
804 2384 920 2427 levat
945 2403 954 2428 :
983 2399 1037 2427 ne
1065 2387 1230 2428 sarcina
1259 2386 1494 2444 voluptatis
1529 2385 1711 2430 carnalis

320 2464 660 2514 praegravatum,
695 2464 795 2498 ante
818 2454 965 2510 cadat,
990 2470 1123 2515 quam
1146 2455 1278 2499 fuerit
1305 2455 1598 2500 sublevatum.
1625 2456 1712 2500 Sed

319 2524 439 2568 videt
456 2540 499 2568 se
515 2525 700 2585 quisque
722 2535 888 2583 gestare
910 2540 1020 2570 onus
1037 2525 1202 2569 carnis?
1215 2526 1290 2570 det
1313 2541 1490 2584 operam
1512 2541 1590 2585 per
1607 2540 1710 2570 con-

370 2613 379 2629 ¹
400 2609 490 2640 Joan.
510 2618 578 2646 xni,
596 2608 651 2640 25.
