1819 3301
361 268 444 308 460
760 278 793 307 s.
832 278 1064 306 Anausnm
1099 279 1279 306 EPIScom

360 346 616 407 adjunctum
639 354 702 389 est
724 364 733 390 2
758 345 995 397 «Quamvis
1012 344 1102 403 ipse
1125 359 1215 388 non
1236 343 1497 404 baptizaret,
1522 343 1597 389 sed
1617 344 1753 389 Disci-

361 436 382 460 »
418 417 510 478 puli
538 419 630 477 ejus
646 419 673 460 ¹.
695 435 713 456 »
748 419 859 474 Ipse,
886 425 929 459 et
951 431 1039 460 non
1062 416 1152 474 ipse
1176 435 1184 460 :
1210 417 1299 475 ipse
1320 425 1555 476 potestate,
1583 416 1647 459 illi
1669 417 1753 460 mi-

358 489 534 535 nisterio
571 507 578 530 :
614 485 866 530 servitutem
894 486 949 530 ad
988 486 1298 545 baptizandum
1333 486 1396 530 illi
1431 486 1751 541 admovebant,

358 568 546 619 potestas
569 555 817 616 baptizandi
839 557 884 600 in
906 556 1079 601 Christo
1094 557 1393 616 permanebat.
1423 559 1539 615 Ergo
1562 557 1756 616 baptiza-

360 631 464 673 bant
480 626 685 687 Discipuli
705 629 811 687 ejus,
831 627 946 672 etibi
965 628 1109 672 adhuc
1123 637 1215 672 erat
1237 628 1371 672 Judas
1386 628 1498 672 inter
1516 626 1756 687 Discipulos

359 702 451 760 ejus
478 719 485 743 :
514 714 625 759 quos
647 713 748 756 ergo
772 699 1009 757 baptizavit
1026 698 1177 752 Judas,
1201 714 1291 743 non
1309 708 1410 743 sunt
1428 700 1586 743 iterum
1610 699 1754 758 bapti-

359 772 441 814 zati
473 791 481 814 :
517 780 559 814 et
582 785 692 829 quos
715 769 953 828 baptizavit
974 772 1186 823 Joannes,
1212 770 1368 813 iterum
1395 770 1601 829 baptizati
1621 771 1755 813 sunt?

360 842 493 885 Plane
515 841 695 895 iterum,
721 840 797 884 sed
819 856 908 884 non
930 840 1084 884 iterato
1109 841 1341 900 baptismo.
1372 844 1487 894 Quos
1510 841 1625 884 enim
1647 840 1756 899 bap·
1818 874 1819 903 ἦ

359 913 504 957 tizavit
527 915 731 967 Joannes,
746 915 934 956 Joannes
951 912 1187 971 baptizavit
1206 931 1214 957 :
1234 928 1343 972 quos
1358 921 1502 956 autem
1523 912 1756 971 baptizavit
1818 915 1819 964 ἶ

358 984 510 1040 Judas,
529 985 724 1029 Christus
746 984 997 1043 baptizavit.
1021 984 1087 1029 Sic
1110 999 1213 1043 ergo
1237 1001 1346 1044 quos
1363 984 1599 1044 baptizavit
1617 984 1756 1028 ebrio·

357 1072 452 1110 sus,
487 1071 597 1116 quos
626 1055 863 1115 baptizavit
891 1054 1136 1108 homicida,
1162 1071 1271 1115 quos
1297 1055 1533 1114 baptizavit
1565 1054 1752 1110 adulter,

358 1128 392 1171 si
417 1128 656 1187 baptismus
686 1126 845 1171 Christi
876 1136 988 1181 erat,
1016 1127 1213 1171 Christus
1235 1127 1485 1186 baptizavit.
1511 1129 1608 1171 Non
1626 1126 1756 1170 timeo
1818 1172 1819 1176 ,

358 1197 624 1252 adulterum,
649 1191 737 1242 non
762 1198 981 1242 ebriosum
1000 1232 1010 1252 ,
1036 1213 1126 1241 non
1148 1197 1412 1241 homicidam
1435 1217 1443 1242 :
1464 1197 1566 1257 quia
1588 1196 1756 1241 colum-
1818 1188 1819 1218 3

357 1270 459 1313 bam
488 1269 689 1324 attendo,
716 1284 792 1329 per
814 1284 946 1329 quam
967 1269 1074 1312 mihi
1096 1269 1254 1313 dicitur
1284 1288 1293 1314 ι
1328 1288 1347 1310 α
1366 1269 1445 1313 Hic
1467 1278 1530 1313 est
1550 1269 1625 1329 qui
1648 1269 1757 1328 bap-

361 1358 381 1382 »
416 1349 533 1383 tizat.
558 1358 578 1381 »
1818 1385 1819 1389 Ἰ

415 1413 536 1455 XIX.
570 1413 812 1465 Caeterum,
842 1409 995 1454 tratres
1023 1410 1130 1465 mei,
1160 1409 1348 1454 delirum
1369 1419 1432 1454 est
1455 1409 1621 1465 dicere,
1655 1410 1755 1470 quia
1818 1408 1819 1464 ἶ

358 1483 548 1527 melioris
571 1482 713 1542 meriti
737 1481 820 1526 fuit
837 1518 848 1537 ,
879 1498 968 1526 non
990 1483 1087 1526 dieo
1111 1481 1270 1537 Judas,
1305 1482 1380 1526 sed
1402 1481 1588 1542 quilibet
1616 1481 1757 1525 homi-

358 1568 489 1607 num,
516 1568 649 1613 quam
678 1552 752 1595 ille
776 1551 830 1595 de
852 1567 941 1611 quo
965 1552 1129 1596 dictum
1155 1561 1219 1596 est
1245 1571 1253 1595 :
1284 1555 1366 1595 «In
1390 1552 1500 1596 natis
1522 1551 1757 1595 mulierum

361 1642 381 1665 »
417 1639 546 1667 nemo
578 1623 793 1666 exurrexit
823 1624 962 1682 major
987 1625 1156 1667 Joanne
1183 1623 1374 1681 Baptista
1392 1626 1424 1666 ².
1450 1640 1469 1663 »
1514 1625 1612 1667 Non
1654 1637 1757 1681 ergo

359 1695 460 1739 huic
481 1695 714 1755 quisquam
729 1709 892 1748 servus,
915 1694 991 1737 sed
1012 1693 1224 1752 baptisma
1246 1694 1419 1738 Domini
1434 1694 1562 1737 etiam
1576 1709 1654 1754 per
1668 1709 1757 1737 ser-

359 1781 464 1810 vum
487 1765 653 1808 malum
676 1764 845 1819 datum,
876 1765 1125 1823 baptismati
1148 1763 1278 1807 etiam
1301 1764 1426 1808 amici
1450 1765 1557 1809 servi
1583 1779 1757 1823 praepo-

359 1838 492 1881 nitur.
519 1836 634 1881 Audi
658 1835 806 1896 quales
829 1844 1143 1880 commemorat
1176 1835 1395 1894 apostolus
1427 1834 1588 1879 Paulus
1627 1834 1757 1879 falsos

358 1910 533 1962 fratres,
564 1907 725 1951 invidia
750 1907 1035 1966 praedicantes
1062 1907 1247 1952 verbum
1274 1907 1378 1961 Dei,
1405 1916 1448 1951 et
1469 1906 1578 1967 quid
1600 1905 1655 1950 de
1675 1906 1757 1950 illis
1818 1928 1819 1940 π

360 1978 465 2022 dicit
500 1997 509 2022 :
545 1980 637 2021 «Et
658 1978 704 2020 in
727 1978 809 2021 hoc
836 1977 1026 2034 gaudeo,
1052 1977 1127 2021 sed
1152 1986 1195 2021 et
1219 1976 1420 2036 gaudebo
1443 1979 1509 2020 ³.»
1537 1977 1757 2022 Christum

360 2049 476 2093 enim
509 2049 862 2102 annuntiabunt,
904 2063 980 2106 per
1017 2048 1226 2091 invidiam
1259 2047 1465 2107 quidem,
1501 2046 1577 2090 sed
1610 2056 1758 2090 tamen

362 2120 600 2165 Christum.
637 2121 734 2164 Non
764 2134 840 2177 per
866 2118 1000 2176 quid,
1033 2117 1107 2161 sed
1127 2133 1259 2177 quem
1281 2117 1381 2162 vide
1409 2137 1417 2162 ε
1444 2133 1520 2176 per
1549 2117 1756 2161 invidiam
1818 2110 1819 2134 ³

362 2191 442 2235 tibi
471 2189 731 2249 praedicatur
760 2188 982 2233 Christus?
1011 2186 1111 2232 vide
1141 2187 1386 2241 Christum,
1418 2188 1506 2232 vita
1528 2187 1753 2231 iuvidiam.

363 2261 460 2306 Noli
482 2260 640 2304 imitari
664 2260 828 2303 malum
846 2259 1196 2318 praedicatorem,
1218 2260 1290 2303 sed
1313 2259 1482 2302 imitare
1501 2258 1666 2302 bonum
1681 2259 1758 2318 qui

365 2334 443 2377 tibi
466 2332 741 2391 praedicatur.
775 2331 971 2375 Christus
992 2346 1094 2388 ergo
1117 2346 1138 2373 a
1165 2329 1428 2389 quibusdam
1450 2345 1527 2389 per
1549 2329 1757 2373 invidiam

365 2402 697 2462 praedicabatur.
727 2404 784 2445 Et
805 2401 913 2461 quid
939 2410 1003 2444 est
1032 2399 1249 2444 invidere?
1276 2400 1542 2444 horrendum
1573 2399 1754 2442 malum.

368 2479 467 2534 Ipso
491 2474 604 2518 malo
629 2472 814 2517 Zabolus
850 2472 1042 2533 dejectus
1078 2482 1166 2526 est,
1207 2473 1349 2531 ipsum
1383 2471 1539 2531 dejecit
1569 2470 1758 2514 multum

366 2545 557 2602 maligna
584 2545 712 2603 pestis
736 2564 743 2587 2
770 2553 812 2587 et
838 2544 1058 2587 habebant
1082 2541 1199 2586 illam
1221 2542 1401 2602 quidam
1424 2542 1582 2587 Christi
1601 2540 1759 2600 praedi-

422 2632 598 2667 ¹Joan.1v,
622 2640 651 2669 1,
671 2638 701 2661 2.
720 2645 761 2651 --
777 2635 788 2651 ²
808 2628 921 2660 Matth.
942 2639 985 2667 xi,
1011 2639 1059 2658 ιι.
1085 2643 1127 2649 ι-
1149 2625 1162 2648 3
1179 2625 1289 2667 Philip.
1307 2637 1330 2667 ι,
1361 2628 1410 2657 ι8.
