1819 3301
333 257 418 296 246
765 269 798 297 s.
836 269 1067 297 Aucusnm
1099 270 1281 298 nnscom

328 333 456 393 gendi
479 335 669 393 corporis
691 350 840 379 curam
863 333 1096 393 relinquite
1116 369 1127 388 ‚
1164 336 1286 394 cujus
1309 334 1463 380 videtis
1490 350 1594 381 cura
1622 336 1714 382 fac—

328 414 423 449 tum
447 421 557 459 esse,
583 415 631 448 ut
648 415 780 449 tantae
806 414 981 448 staturae
999 419 1155 462 corpus
1178 405 1386 449 habeatis.
1578 458 1583 465 Ι

389 479 483 519 LII.
513 476 711 519 Dandum
745 483 890 518 autem
912 483 1004 517 erat
1022 474 1152 517 etiam
1186 475 1501 519 documentum
1536 486 1714 536 propter

326 547 649 598 vestimentum,
675 545 784 587 sicut
806 542 957 587 datum
979 553 1042 588 est
1059 554 1235 603 propter
1263 544 1533 588 alimentum.
1562 549 1714 606 Itaque

329 617 540 675 sequitur,
567 626 609 658 et
631 614 736 658 dicit
759 633 767 658 :
799 613 1113 658 «Considerate
1136 614 1224 658 lilia
1241 616 1352 672 agri,
1374 614 1596 674 quomodo
1608 631 1715 661 cres—

334 704 353 726 »
389 694 511 738 cunt,
529 700 618 728 non
635 684 837 727 laborant
852 719 863 738 ,
882 700 1025 743 neque
1040 694 1146 728 nent
1167 703 1175 728 :
1198 685 1296 728 dico
1315 695 1458 728 autem
1473 686 1595 729 vobis
1613 687 1716 746 quia

332 775 351 796 n
388 770 467 798 nec
492 754 694 798 Salomon
713 755 756 796 in
776 755 893 797 omni
917 754 1053 812 gloria
1071 771 1145 798 sua
1167 756 1225 799 sic
1242 757 1422 800 vestitus
1435 765 1498 800 est
1515 766 1564 800 ut
1576 772 1715 801 unum

330 845 350 866 »
387 842 438 868 ex
456 826 534 867 his.
564 825 606 868 Si
630 833 774 867 autem
799 823 969 867 foenum
991 826 1080 883 agri
1103 825 1223 885 quod
1246 826 1376 869 hodie
1399 836 1462 870 est
1483 837 1527 870 et
1558 843 1650 871 cras
1670 827 1717 870 in

326 915 347 938 n
383 896 603 940 clibanum
627 895 838 949 mittitur,
865 899 977 938 Deus
1000 896 1058 939 sic
1081 896 1206 939 vestit
1226 917 1237 953 3
1261 906 1428 956 quanto
1450 898 1586 956 magis
1614 913 1716 956 ergo

330 988 348 1009 »
384 982 458 1010 vos
484 967 668 1010 modicae
691 967 815 1009 fidei¹
834 968 852 1009 Ξ)
873 985 891 1006 »
921 966 1004 1010 Sed
1027 967 1105 1010 ista
1124 967 1387 1012 documenta
1418 984 1508 1013 non
1529 969 1639 1012 sicut
1653 969 1718 1013 al-

325 1037 498 1094 legoriae
528 1035 796 1080 discutienda
829 1045 952 1090 sunt,
979 1046 1028 1080 ut
1050 1053 1296 1096 quaeramus
1331 1037 1438 1097 quid
1471 1039 1717 1097 significent

327 1123 424 1152 aves
445 1106 547 1156 coeli
567 1143 577 1161 ,
601 1117 676 1150 aut
697 1106 785 1150 lilia
809 1107 901 1165 agri
923 1127 931 1152 :
958 1108 1096 1166 posita
1134 1118 1235 1152 sunt
1258 1109 1371 1152 enim
1392 1144 1402 1163 ,
1432 1118 1478 1152 ut
1499 1109 1555 1152 de
1589 1110 1716 1154 rebus

327 1178 570 1222 minoribus
603 1179 763 1236 majora
787 1178 1151 1237 persuaderentur
1174 1199 1182 1223 :
1208 1180 1333 1223 sicuti
1355 1179 1466 1223 illud
1485 1189 1548 1224 est
1569 1179 1624 1223 de
1646 1181 1718 1240 ju—

328 1248 423 1292 dice
438 1283 448 1301 ,
477 1249 552 1306 qui
576 1264 655 1292 nec
678 1251 816 1291 Deum
841 1248 1045 1302 timebat,
1069 1264 1149 1292 nec
1171 1250 1392 1293 hominem
1417 1250 1713 1305 reverebatur,

326 1328 369 1363 et
393 1329 536 1362 tamen
560 1334 673 1377 saepe
694 1317 999 1378 interpellandi
1021 1319 1166 1363 viduae
1187 1321 1327 1375 cessit,
1354 1331 1402 1365 ut
1424 1323 1517 1381 ejus
1539 1336 1718 1365 causam

326 1389 617 1434 consideraret
635 1393 651 1415 '2
679 1408 687 1433 :
713 1405 801 1432 non
838 1398 1015 1448 propter
1031 1389 1233 1447 pictatem
1273 1401 1348 1434 aut
1376 1391 1713 1446 humanitatem,

325 1460 401 1504 sed
422 1475 475 1502 ne
504 1460 684 1503 taedium
708 1470 942 1518 pateretur.
966 1463 1063 1504 Non
1085 1461 1200 1504 enim
1218 1460 1310 1505 ullo
1332 1461 1463 1505 modo
1481 1460 1554 1504 ille
1575 1461 1715 1521 injus-

324 1540 393 1574 tus
422 1531 555 1589 judex
587 1546 811 1587 personam
849 1531 925 1573 Dei
964 1530 1191 1588 allegorice
1219 1533 1401 1576 sustinet
1427 1551 1435 1576 :
1469 1532 1545 1576 sed
1569 1524 1740 1576 tamen

323 1610 539 1660 quantum
567 1604 676 1643 Deus
697 1635 707 1655 ,
734 1601 809 1659 qui
832 1600 972 1644 bonus
989 1610 1052 1644 est
1074 1611 1116 1644 et
1134 1603 1293 1661 justus,
1315 1612 1438 1646 curet
1468 1601 1711 1661 deprecan-

324 1678 386 1713 tes
409 1686 477 1724 se,
506 1671 606 1713 hinc
642 1671 796 1728 conjici
822 1670 1030 1713 Dominus
1056 1670 1223 1726 voluit,
1254 1671 1375 1731 quod
1408 1687 1488 1715 nec
1525 1672 1713 1732 injustus

325 1740 458 1783 homo
481 1755 575 1793 eos,
598 1740 674 1798 qui
697 1739 819 1782 illum
843 1740 1022 1782 assiduis
1040 1741 1237 1798 precibus
1261 1740 1476 1796 tundunt,
1497 1742 1566 1785 vel
1582 1757 1716 1801 prop-

325 1818 391 1853 ter
421 1809 600 1853 taedium
622 1808 896 1853 divitandum
911 1844 922 1863 ,
946 1819 1088 1867 potest
1104 1819 1401 1854 contemnere.

327 2009 366 2024 m
373 2009 651 2023 uwvvvhmlvmu
655 2009 1147 2024 mnmmvmmxm
1151 2010 1716 2026 xmmwwwumxwvmwvvvm

828 2177 1044 2226 CAPUT
1084 2181 1219 2226 KH.

384 2356 502 2397 LIII.
533 2373 552 2395 «
576 2357 740 2399 Nom-m
768 2371 871 2414 ergo
889 2391 899 2410 ,
924 2356 1094 2415 inquit,
1121 2355 1294 2401 solliciti
1332 2373 1422 2402 esse
1442 2393 1452 2413 ‚
1479 2357 1670 2402 dicentes
1698 2378 1707 2403 :

326 2441 345 2463 »
379 2423 493 2474 Quid
514 2422 691 2467 edemus
713 2459 723 2477 ,
746 2434 821 2468 aut
844 2425 950 2484 quid
975 2426 1195 2479 bibemus,
1232 2437 1306 2471 aut
1330 2427 1435 2487 quid
1458 2428 1706 2472 vestiemur.

326 2510 345 2532 »
383 2494 484 2534 Ilaec
507 2493 622 2536 enim
644 2494 786 2537 omnia
810 2505 956 2551 gentes
979 2506 1196 2554 quaerunt.
1225 2498 1312 2541 Scit
1334 2498 1449 2541 enim
1472 2501 1595 2542 Pater
1617 2513 1711 2542 ves-

375 2596 383 2609 ¹
402 2589 518 2620 Malli]v
541 2601 585 2629 vi,
602 2599 657 2631 29,
676 2591 724 2622 30.
744 2608 785 2612 —
802 2597 813 2611 ²
835 2593 909 2624 Luc.
933 2603 1022 2631 xviii,
1043 2601 1075 2624 2.
