1819 3301
329 265 415 303 216
763 276 796 304 s.
834 276 1063 306 Aucus‘ruu
1097 277 1279 305 21³1scoi>1

334 464 861 482 MWWMMMMMMWMQUSQW
869 463 1501 481 m=wmwuwuwnmmtvw=ww=mm
1507 465 1573 481 *aas
1578 465 1714 481 wumm

844 598 1059 648 CAPUT
1098 600 1183 647 IV.

391 760 487 803 XV.
536 759 621 803 SED
665 759 755 818 jam
793 757 1159 803 considerandum
1205 766 1298 814 cst,
1331 766 1430 818 quae
1470 773 1548 804 nos
1590 774 1713 805 orare

321 830 395 875 ille
416 830 701 890 praeceperit,
727 844 803 889 per
835 844 965 889 quem
1000 838 1043 873 et
1063 829 1266 873 discimus
1302 829 1408 890 quid
1445 845 1616 875 oremus
1633 867 1643 887 ‚
1669 841 1713 877 et

323 902 631 962 consequimur
668 900 789 962 quod
817 916 1005 945 oramus.
1037 920 1056 942 «
1081 901 1149 945 Sic
1183 901 1331 962 itaque
1353 911 1472 946 orate
1507 918 1584 947 vos
1601 938 1619 958 ,
1643 903 1712 947 in-

325 993 345 1016 »
382 975 477 1035 quit
498 993 506 1019 :
534 977 661 1018 Pater
678 983 822 1018 noster
845 973 920 1034 qui
944 988 986 1017 es
1008 973 1052 1016 in
1070 972 1206 1028 coelis,
1235 974 1528 1018 sanctificetur
1549 990 1710 1020 nomen

323 1064 344 1088 »
380 1055 507 1090 tuum
534 1064 543 1089 ε
564 1043 766 1089 adveniat
787 1059 971 1104 regnum
989 1053 1115 1088 tuum
1138 1064 1146 1090 ε
1167 1046 1242 1089 fiat
1261 1044 1460 1090 voluntas
1492 1054 1564 1090 tua
1598 1047 1711 1092 sicut

325 1137 344 1159 »
379 1118 424 1162 in
447 1115 561 1162 coelo
584 1125 627 1160 et
658 1117 704 1160 in
726 1125 839 1160 terra
869 1136 877 1161 ;
912 1131 1069 1175 panem
1098 1126 1296 1161 nostrum
1319 1116 1624 1177 quotidianum
1654 1117 1710 1163 da

321 1206 342 1229 »
377 1187 502 1232 nobis
524 1187 655 1231 hodie
680 1206 688 1231 :
715 1195 758 1230 et
777 1185 947 1230 dimitte
975 1186 1099 1230 nobis
1137 1185 1284 1231 debita
1308 1196 1453 1231 nostra
1474 1222 1485 1242 ,
1527 1188 1639 1232 sicut
1666 1197 1710 1233 et

326 1280 342 1300 »
379 1274 456 1303 nos
489 1258 750 1301 dimittimus
771 1256 1042 1301 debitoribus
1071 1258 1226 1302 nostris
1251 1277 1259 1302 :
1288 1266 1330 1302 et
1353 1273 1407 1301 ne
1445 1273 1522 1303 nos
1550 1258 1709 1304 inferas

321 1348 341 1371 »
376 1330 422 1373 in
446 1329 759 1385 tentationem3
784 1327 858 1372 sed
873 1328 1009 1372 libera
1031 1343 1108 1372 nos
1131 1345 1153 1371 a
1176 1328 1332 1373 malo¹.
1355 1331 1504 1374 »Cum
1526 1329 1572 1373 in
1589 1330 1707 1374 omni

318 1400 624 1460 deprecatione
646 1397 949 1443 benevolentia
971 1398 1242 1443 concilianda
1257 1399 1311 1443 sit
1329 1400 1441 1459 ejus,
1476 1415 1607 1460 quem
1629 1401 1707 1444 de-

317 1485 570 1532 precamur,
607 1468 765 1513 deinde
803 1468 1040 1513 dicendum
1080 1468 1189 1528 quid
1227 1467 1540 1528 deprecemur3
1575 1469 1706 1515 laude

316 1542 431 1587 illius
457 1542 512 1586 ad
534 1556 665 1601 quem
687 1541 832 1585 oratio=
847 1539 1047 1598 dirigitur
1062 1575 1072 1594 ‚
1094 1539 1202 1584 solet
1234 1539 1537 1585 benevolentia
1559 1542 1709 1586 conci-

274 1633 276 1636 *
317 1614 412 1658 liari
430 1649 440 1668 ‚
467 1622 510 1657 et
531 1613 614 1656 hoc
636 1612 679 1655 in
703 1611 907 1655 orationis
932 1610 1143 1669 principio
1162 1610 1266 1669 poni
1285 1610 1418 1655 solet:
1444 1610 1489 1655 in
1512 1627 1601 1672 quo
1618 1615 1705 1657 Do-

318 1684 461 1728 minus
493 1691 638 1726 noster
667 1680 776 1724 nihil
804 1679 924 1724 aliud
951 1695 1030 1724 nos
1062 1680 1204 1724 dicere
1234 1680 1388 1739 jussit,
1421 1680 1499 1724 nisi
1535 1685 1706 1727 «Pater

317 1773 338 1797 »
374 1762 520 1798 noster
537 1752 614 1812 qui
636 1766 679 1795 es
701 1751 746 1794 in
767 1750 905 1795 coelis.
933 1768 952 1791 »
978 1749 1118 1795 Multa
1140 1750 1257 1794 enim
1279 1748 1394 1794 dicta
1416 1760 1518 1802 sunt
1538 1751 1584 1795 in
1609 1751 1705 1796 lau-

314 1826 414 1870 dem
433 1824 531 1879 Dei,
557 1839 655 1883 quae
679 1838 755 1881 per
777 1813 1108 1865 omnes'sanetas
1128 1821 1369 1881 Scripturas
1391 1823 1508 1866 varie
1529 1821 1704 1884 lateque

314 1895 473 1940 diffusa
496 1893 655 1953 poterit
676 1893 860 1952 quisque
883 1890 1179 1946 considerare,
1206 1907 1307 1935 cum
1323 1891 1427 1950 legit
1454 1911 1462 1937 :
1486 1908 1702 1954 nusquam

313 1976 460 2011 tamen
476 1964 697 2008 invenitur
709 1971 979 2021 praeceptum
997 1962 1161 2021 populo
1180 1962 1311 2006 Israel
1326 1971 1375 2006 ut
1385 1962 1548 2007 diceret
1567 1983 1574 2008 :
1591 1983 1610 2005 «
1624 1968 1701 2009 Pa-

315 2057 336 2080 »
371 2047 436 2081 ter
459 2044 620 2089 noster,
649 2052 668 2074 »
695 2043 770 2077 aut
788 2042 991 2078 utoraret
1013 2036 1183 2077 Patrem
1207 2036 1369 2091 Deum3
1393 2035 1468 2078 sed
1492 2035 1700 2080 Dominus

311 2110 370 2152 eis
390 2107 632 2151 insinuatus
651 2113 729 2159 est,
755 2113 963 2163 tanquam
986 2103 1288 2157 servientibus,
1304 2102 1440 2159 idest,
1456 2105 1698 2150 secundum

309 2193 484 2224 carnem
505 2175 648 2220 adhuc
669 2174 931 2220 viventibus.
959 2175 1052 2217 Hoc
1075 2182 1220 2217 autem
1236 2173 1354 2228 dico,
1380 2189 1480 2218 cum
1494 2175 1698 2220 mandata

311 2250 416 2309 legis
448 2248 714 2306 acciperent,
745 2261 845 2305 quae
873 2245 1101 2289 observare
1133 2245 1404 2304 jubebantur
1431 2264 1439 2290 ε
1465 2261 1565 2290 nam
1592 2250 1698 2292 Pro-

307 2322 452 2380 phetae
475 2333 588 2378 saepe
606 2315 845 2361 ostendunt
859 2314 1062 2359 eumdem
1081 2315 1315 2359 Dominum
1338 2324 1536 2360 nostrum
1565 2317 1695 2362 etiam

306 2396 478 2436 Patrem
499 2404 650 2434 eorum
673 2403 762 2431 esse
785 2387 989 2446 potuisse,
1010 2387 1042 2429 si
1059 2387 1113 2430 ab
1131 2387 1221 2446 ejus
1240 2387 1454 2431 mandatis
1473 2403 1560 2432 non
1574 2389 1694 2432 aber-

303 2470 446 2505 rarent
468 2479 477 2505 :
509 2459 634 2504 sicuti
657 2467 720 2502 est
742 2457 852 2502 illud
878 2473 886 2498 :
917 2476 936 2498 «
963 2455 1093 2501 Filios
1113 2457 1266 2515 genui,
1302 2466 1342 2501 et
1373 2457 1584 2513 exaltavi,
1613 2459 1694 2518 ipsi

304 2550 323 2572 »
359 2539 505 2575 autem
539 2537 794 2589 spreverunt
817 2531 912 2571 me²
933 2562 944 2583 ,
986 2545 1006 2568 »
1045 2536 1088 2571 et
1117 2526 1228 2572 illud
1255 2546 1264 2572 ;
1295 2547 1314 2570 «
1350 2530 1443 2587 Ego
1469 2528 1556 2573 dixi
1583 2548 1592 2574 ε
1624 2529 1691 2573 Dii

353 2625 552 2666 ¹Ma1t11.w,
570 2625 667 2667 q-i'J.
692 2642 731 2647 -
752 2631 764 2646 ²
787 2624 858 2656 lsai.
881 2635 905 2663 ι,
926 2633 956 2654 2.
