1819 3301
371 242 423 279 35
433 240 453 279 4
804 251 836 278 s.
882 253 894 276 x
906 251 1103 277 ocus‘rim
1139 250 1316 276 EPISCOPI

367 317 513 363 saeculi
541 318 634 362 sine
667 316 939 361 damnandus
965 335 974 360 :
1005 330 1136 375 quem
1174 314 1306 358 finem
1339 312 1443 374 justi
1475 328 1578 357 cum
1607 315 1756 359 venire

367 387 641 442 desiderant,
661 388 858 447 quamvis
883 401 962 445 pro
998 384 1182 429 inimicis
1199 385 1286 429 suis
1308 393 1455 441 orent,
1489 393 1636 429 tamen
1666 399 1756 430 non

368 459 554 504 absurde
575 458 812 504 vindictam
833 456 1077 501 desiderare
1095 455 1318 501 dicuntur.

856 596 1092 646 QUAEsrio
1123 596 1259 635 XLVI.

431 747 450 771 «
478 731 610 773 Homo
632 728 809 788 quidam
834 727 993 772 nobilis
1014 727 1121 772 abiit
1151 727 1198 771 in
1219 727 1443 786 regionem
1471 725 1756 786 longinquam

372 814 391 840 n
427 799 621 859 accipere
643 798 726 842 sibi
747 813 954 857 regnum,
979 807 1021 842 et
1043 798 1200 842 reverti
1214 800 1228 823 1
1243 832 1252 841 .
1276 816 1296 839 »
1318 797 1408 857 ipse
1430 797 1640 842 Dominus
1664 813 1758 841 nos-

367 881 432 914 ter
452 873 575 915 Jesus
600 870 797 915 Christus
818 869 1092 929 intelligitur.
1118 869 1257 928 Regio
1277 869 1516 929 longinqua
1530 904 1541 925 ,
1567 868 1757 913 Ecclesia

368 941 564 999 gentium
586 956 725 1000 usque
759 939 815 984 ad
836 940 943 984 fines
977 950 1117 984 terrae.
1158 940 1333 984 Reverti
1355 949 1503 984 tamen
1538 954 1582 983 se
1615 938 1719 984 dicit
1745 959 1754 984 :

368 1012 475 1056 abiit
496 1013 635 1066 enim,
661 1021 710 1056 ut
730 1011 958 1071 plenitudo
981 1013 1178 1071 gentium
1200 1012 1404 1063 intraret;
1424 1020 1687 1067 revertetur,
1707 1020 1758 1055 ut

367 1082 506 1127 omnis
528 1082 659 1126 Israel
676 1081 818 1127 salvus
849 1083 924 1126 fiat
938 1084 970 1126 ².
994 1086 1074 1126 Per
1095 1083 1247 1127 decem
1269 1098 1388 1127 mnas
1407 1118 1417 1138 ‚
1444 1085 1606 1141 Legem
1629 1082 1759 1140 signi-

371 1155 472 1198 ficat
485 1163 663 1213 propter
682 1154 962 1211 Decalogum.
987 1157 1144 1198 Decem
1161 1163 1305 1198 autem
1324 1169 1483 1209 servos,
1504 1153 1664 1214 quibus
1677 1152 1760 1196 sub

367 1223 441 1268 illa
469 1225 618 1283 positis
642 1225 777 1283 gratia
807 1225 1036 1281 praedicata
1065 1235 1142 1269 est.
1179 1225 1246 1270 Sic
1277 1225 1392 1268 enim
1419 1223 1755 1282 intelligendum

366 1304 431 1339 est
447 1296 506 1338 eis
524 1295 646 1339 datas
668 1310 789 1339 mnas
809 1295 866 1339 ad
888 1312 1013 1340 usum
1026 1332 1036 1351 ‚
1057 1311 1159 1340 cum
1184 1296 1492 1340 intellexerunt
1510 1310 1607 1339 eam
1624 1296 1760 1355 ipsam

365 1368 524 1424 Legem
563 1375 731 1410 remoto
751 1365 965 1410 velamine
985 1367 1040 1410 ad
1058 1366 1347 1425 Evangelium
1372 1367 1605 1425 pertinere.
1631 1367 1758 1412 Cives

363 1436 453 1495 ejus
476 1436 551 1495 qui
567 1445 663 1495 post
685 1451 785 1479 eum
806 1437 1014 1480 miserunt
1038 1437 1301 1494 legationem
1318 1471 1329 1491 ‚
1355 1437 1549 1481 dicentes
1570 1452 1614 1481 se
1636 1436 1754 1482 nolle

358 1515 410 1549 ut
428 1515 579 1565 regnet
601 1506 699 1560 sibi,
725 1506 869 1550 Judaei
887 1515 1002 1561 sunt,
1021 1507 1096 1567 qui
1119 1508 1249 1551 etiam
1272 1516 1369 1566 post
1391 1509 1756 1552 resurrectionem

365 1577 456 1635 ojus
493 1577 702 1620 miserunt
727 1587 1022 1635 persecutores
1048 1578 1266 1637 Apostolis
1285 1614 1295 1632 ‚
1327 1588 1370 1622 et
1404 1577 1761 1638 praedicationem

364 1647 589 1706 Evangelii
613 1657 886 1707 respuerunt.
917 1647 1064 1692 Rediit
1086 1658 1233 1692 autem
1257 1657 1435 1708 accepto
1465 1664 1599 1707 regno
1614 1684 1624 1704 ‚
1657 1650 1760 1710 qnia

364 1718 410 1760 in
428 1717 772 1762 manifestissima
794 1729 837 1762 et
863 1719 1201 1762 eminentissima
1222 1719 1418 1763 claritate
1439 1729 1652 1764 venturus
1673 1729 1753 1775 est,

361 1790 469 1849 ‘quia
490 1791 548 1834 eis
569 1791 746 1834 humilis
765 1791 981 1850 apparuit,
1007 1806 1105 1834 cum
1130 1792 1317 1835 diceret:
1339 1809 1359 1832 «
1384 1794 1584 1849 Regnum
1608 1807 1752 1836 meum

370 1878 390 1900 »
425 1875 516 1904 non
532 1870 594 1904 est
617 1860 671 1904 de
694 1862 777 1904 hoc
800 1860 969 1904 mundo
986 1862 1015 1903 3.
1039 1879 1058 1902 «
1078 1860 1207 1913 Quod
1229 1870 1375 1904 autem
1393 1861 1504 1906 servi
1526 1861 1759 1906 reddentes

368 1931 580 1975 rationem
603 1946 653 1974 ex
675 1946 726 1975 eo
753 1930 875 1990 quod
906 1940 1184 1990 acceperant,
1215 1930 1450 1975 laudantur
1487 1932 1565 1992 qui
1601 1931 1758 1976 lucrati

368 2010 470 2045 sunt
487 2037 497 2055 ‚
522 2001 736 2060 significat
758 2016 829 2045 eos
853 2001 1013 2045 bonam
1055 2000 1235 2044 reddere
1271 2002 1505 2056 rationem,
1541 2002 1618 2061 qui
1649 2002 1759 2046 bene

368 2073 434 2116 usi
462 2081 565 2117 sunt
591 2087 642 2116 eo
671 2072 790 2132 quod
826 2081 1114 2131 acceperunt,
1156 2072 1212 2115 ad
1236 2072 1454 2130 augendas
1477 2071 1647 2116 divitias
1671 2076 1758 2117 Do-

370 2143 477 2186 mini
499 2159 576 2203 per
597 2159 668 2187 eos
689 2143 763 2203 qui
785 2142 1030 2186 creduntin
1048 2158 1164 2186 eum.
1184 2143 1309 2195 Quod
1331 2142 1406 2201 qui
1422 2140 1563 2186 facere
1580 2143 1754 2199 nolunt,

369 2214 415 2257 in
431 2213 507 2258 illo
529 2214 760 2273 significati
780 2222 883 2257 sunt
899 2213 975 2273 qui
992 2228 1135 2256 mnam
1158 2228 1278 2256 suam
1300 2214 1345 2256 in
1360 2212 1534 2258 sudario
1556 2214 1758 2259 servavit.

374 2287 485 2329 Sunt
507 2285 621 2330 enim
643 2284 840 2328 homines
870 2284 951 2327 hac
981 2283 1064 2327 sibi
1092 2283 1370 2342 perversitate
1407 2283 1677 2329 blandientes
1713 2294 1764 2329 ut

372 2356 546 2399 dicant:
570 2355 738 2400 Sufficit
759 2363 808 2398 ut
829 2353 884 2397 de
916 2369 960 2398 se
990 2354 1291 2413 unusquisque
1329 2354 1541 2399 rationem
1575 2354 1758 2410 reddat,

371 2426 479 2486 quid
501 2440 609 2486 opus
626 2435 689 2470 cst
707 2425 798 2469 aliis
820 2424 1055 2484 praedicare
1082 2434 1157 2468 aut
1179 2424 1422 2469 ministrare
1441 2460 1453 2480 ,
1479 2434 1530 2469 ut
1551 2426 1680 2470 etiam
1703 2425 1758 2470 de

373 2497 473 2555 ipsis
495 2496 675 2540 reddere
698 2496 910 2541 rationem
931 2496 1115 2555 quisque
1132 2504 1330 2554 cogatur,
1353 2511 1454 2540 cum
1475 2497 1591 2556 apud
1611 2493 1761 2542 Domi-

425 2601 430 2614 ¹
455 2596 531 2626 Luc.
551 2604 617 2634 xix,
642 2602 692 2626 12.
713 2610 753 2616 —
770 2600 782 2616 ²
802 2595 895 2626 Rom.
912 2603 956 2634 xi,
975 2591 1028 2625 25.
1048 2609 1088 2615 -
1105 2590 1222 2626 3Joan.
1243 2603 1354 2634 xxvnr,
1374 2593 1428 2625 36.
