1819 3301
392 251 434 276 m·
470 247 645 277 mamus
678 248 990 287 EvANGELmM,
1024 248 1171 276 TRACT.
1208 251 1266 277 iv.
1422 240 1504 279 429

127 315 216 373 ipse
238 314 291 357 sit
318 315 545 373 praemium
582 323 722 358 tuum.
752 314 872 358 Dicat
894 314 1035 358 anima
1057 323 1152 369 tua,
1183 333 1202 356 «
1233 317 1371 358 Unam
1401 317 1507 375 petii

131 403 150 424 ι)
187 400 209 427 a
233 385 415 428 Domino
431 420 441 439 ,
468 386 578 428 lianc
603 385 838 444 requiram,
865 393 914 427 ut
940 384 1177 428 inhabitem
1199 384 1244 428 in
1267 384 1397 428 domo
1422 389 1508 430 Do-

132 473 151 495 »
180 455 284 498 mini
301 470 377 513 per
390 470 540 498 omnes
553 454 642 498 dies
658 455 756 498 vitae
771 470 894 510 meae,
912 464 961 499 ut
984 453 1251 514 contempler
1263 453 1508 500 delectatio-

131 543 150 565 »
187 539 286 567 nem
306 525 488 568 Domini.
507 543 525 565 n
543 523 639 569 Noli
655 525 821 579 timere,
843 540 897 567 ne
915 523 1086 568 fastidio
1104 523 1299 582 deficias,
1317 523 1412 568 talis
1430 526 1511 570 erit

127 593 200 637 illa
223 593 452 638 delectatio
474 593 834 653 pulchritudinis,
863 603 911 638 ut
937 609 1104 653 semper
1126 595 1204 638 tibi
1229 611 1414 654 praesens
1438 595 1506 651 sit,

128 675 171 709 et
186 681 411 725 nunquam
433 666 616 723 satieris,
637 666 724 709 imo
741 681 909 724 semper
933 666 1116 720 satieris,
1137 675 1180 709 et
1202 682 1425 726 nunquam
1440 682 1509 710 sa-

129 736 259 780 tieris.
290 738 332 781 Si
349 737 462 780 enim
485 736 653 791 dixero,
679 737 779 797 quia
802 752 892 781 non
913 737 1155 791 satiaberis,
1182 736 1317 782 fames
1351 738 1430 782 erit
1449 759 1459 795 3
1477 738 1512 782 si

129 805 295 860 dixero,
317 807 417 866 quia
433 807 669 862 satiaberis,
692 805 912 850 fastidium
930 808 1059 851 timeo
1076 826 1084 851 :
1101 808 1177 850 ubi
1190 823 1268 851 nec
1290 807 1511 851 fastidium

128 877 207 920 erit
227 911 237 931 ,
264 892 343 921 nec
369 875 503 921 fames
522 912 532 929 ‚
554 877 630 936 qui
648 877 790 921 dicam
812 877 956 921 nescio
977 897 985 921 :
1011 877 1087 922 sed
1105 881 1217 921 Deus
1240 878 1371 922 habet
1392 877 1512 938 quod

129 947 329 990 exhibeat
352 962 439 990 non
471 947 794 991 invenientibus
825 946 1046 1007 quomodo
1069 947 1237 1003 dicant,
1262 956 1305 992 et
1331 947 1513 993 creden-

129 1016 245 1061 tibus
263 1016 383 1076 quod
402 1016 629 1076 accipiant.
1143 1028 1148 1033 ’

134 1175 521 1191 ἋΑΝἉΜἋνἋΝἱΜΜΛΛΑΛ
526 1175 663 1190 §amm
669 1175 1016 1191 WBKUWMNWVWRAM
1022 1175 1512 1192 mmmmmmm

561 1293 968 1340 TRACTATUS
1004 1294 1082 1338 IV.

130 1444 200 1489 Ab
214 1459 264 1487 eo
278 1442 397 1504 quod
408 1444 615 1502 scriptum
628 1442 762 1487 est.E
766 1452 782 1487 t
797 1441 886 1487 1106
901 1452 970 1487 est
986 1440 1345 1486 testz'mom'ums
1341 1442 1513 1487 oannis

190 1512 386 1572 quando
408 1515 638 1558 miserunt
659 1512 697 1558 J
694 1512 819 1557 udoei
834 1512 896 1557 ab
915 1511 1226 1572 Jerosolymis
1241 1511 1514 1556 sacerdotes

190 1595 272 1630 etc.
304 1600 443 1645 usque
472 1585 527 1629 ad
555 1584 600 1628 id
620 1620 631 1640 ,
668 1584 699 1628 I
696 1600 783 1644 pse
806 1593 875 1628 est
902 1586 985 1642 qai
1016 1582 1231 1643 baptizat
1254 1584 1302 1627 in
1331 1582 1515 1642 Spiritu
1559 1605 1569 1612 -

190 1664 375 1700 sancto,

192 1795 227 1835 Ι.
257 1794 485 1836 SaemssmE
503 1790 666 1834 audivit
693 1789 904 1834 Sanctitas
918 1791 1089 1843 Vestra,
1115 1797 1158 1832 et
1180 1788 1340 1847 optime
1363 1788 1512 1843 nostis,

133 1862 339 1922 quoniam
356 1864 543 1905 Joannes
561 1861 750 1920 Baptista
775 1869 940 1921 quanto
963 1859 1209 1919 praeclarior
1231 1868 1323 1902 erat
1342 1859 1387 1902 in
1407 1859 1516 1902 natis

133 1932 364 1976 mulierum
386 1967 396 1986 ,
422 1941 464 1976 et
491 1940 656 1991 quanto
678 1931 884 1975 humilior
904 1930 958 1974 ad
988 1929 1339 1988 cognoscendum
1373 1928 1518 1972 Domi,

134 2018 263 2057 num,
289 2012 410 2047 tanto
432 2003 589 2046 meruit
607 2017 695 2046 esse
710 2003 872 2046 amicus
894 2001 1060 2060 sponsi,
1075 2016 1231 2059 sponso
1245 1999 1407 2054 zelans,
1429 2014 1517 2043 non

135 2073 238 2128 sibi,
263 2088 353 2117 non
375 2087 502 2116 suum
525 2073 735 2116 honorem
759 2087 983 2132 quaerens,
1007 2072 1081 2114 sed
1097 2069 1254 2130 judicis
1277 2069 1366 2123 sui,
1387 2083 1517 2128 quem

135 2153 343 2202 tanquam
374 2159 516 2202 praeco
538 2138 737 2202 praeibat.
765 2146 919 2203 ltaque
937 2142 1161 2200 Prophetis
1173 2139 1518 2200 praecedentibus

135 2215 429 2274 praenuntiare
447 2215 501 2258 de
515 2214 686 2259 Christo
707 2214 805 2258 futu
814 2230 855 2258 ra
874 2227 1124 2257 concessum
1140 2220 1204 2255 est
1225 2230 1234 2256 ι
1255 2211 1357 2255 huic
1373 2219 1520 2254 autem

136 2285 271 2343 digito
302 2285 543 2329 ostendere.
573 2286 693 2329 Sicut
714 2285 829 2328 enim
852 2283 1132 2342 ignorabatur
1154 2281 1349 2327 Christus
1371 2281 1426 2324 ab
1454 2279 1519 2323 his

135 2355 210 2415 qui
233 2354 459 2414 Prophetis
481 2370 570 2398 non
592 2354 872 2398 crediderunt
902 2362 1134 2412 antequam
1155 2351 1321 2395 veniret
1338 2385 1348 2400 ,
1383 2350 1442 2394 sic
1465 2349 1520 2392 ab

137 2425 197 2468 eis
219 2425 500 2483 ignorabatur
516 2433 558 2467 et
580 2440 781 2483 praesens.
811 2426 998 2466 Venerat
1017 2422 1131 2465 enim
1146 2420 1367 2465 humiliter
1382 2420 1520 2479 primo

137 2504 180 2539 et
203 2494 398 2539 occultus
416 2516 426 2552 3
467 2503 589 2540 tanto
622 2494 854 2548 occultior,
897 2502 1062 2553 quanto
1094 2491 1298 2536 humilior
1329 2510 1336 2534 :
1369 2488 1522 2549 populi

137 2575 283 2611 autem
305 2574 554 2625 spernentes
580 2580 656 2624 per
677 2564 922 2624 superbiam
942 2578 1065 2607 suam
1104 2560 1392 2606 humilitatem
1413 2560 1515 2615 Dei,
