1819 3301
363 266 445 304 298
784 275 816 305 s.
854 277 1083 305 Auensruu
1117 277 1298 304 nmscom

843 419 1081 468 QUAEsTm
1110 420 1250 458 xxxl.

420 554 548 605 Quon
576 551 785 595 Dominus
809 550 918 595 dixit
948 570 957 595 ε
993 570 1013 592 (ι
1051 550 1197 596 Simile
1233 560 1297 595 est
1325 566 1511 610 regnum
1533 550 1747 596 coelorum

364 642 383 664 »
419 623 585 666 homini
604 622 691 679 regi
709 622 785 681 qui
807 622 910 666 feeit
927 623 1100 681 nuptias
1123 623 1211 667 filio
1229 626 1336 667 suo¹
1369 642 1378 667 ε
1403 641 1422 664 »
1448 624 1621 682 nuptias
1643 624 1749 668 dixit

361 693 555 737 Verbum
583 694 856 736 incarnatum
873 729 882 747 ‚
915 695 1016 753 quia
1041 694 1083 737 in
1119 695 1211 752 ipso
1237 694 1413 738 homine
1437 704 1637 753 suscepto
1662 697 1748 738 Ee-

360 763 487 808 clesia
506 767 594 808 Deo
614 764 815 823 copulata
838 775 915 809 est.
945 766 1073 818 Quod
1093 766 1224 810 dixit:
1252 785 1269 806 «
1295 766 1422 809 Tauri
1445 767 1530 809 mei
1553 775 1597 808 et
1619 764 1751 808 altilia

364 853 384 875 »
420 835 556 879 occisa
580 844 681 878 sunt
698 836 713 859 ²
734 855 742 879 :
775 853 793 875 »
831 844 979 879 tauros
1002 835 1109 879 dixit
1133 836 1346 895 principes
1369 836 1591 894 plebium3
1616 834 1751 879 altilia

359 921 463 950 vero
483 905 628 949 omnia
651 906 859 963 saginata.
879 906 1008 959 Quod
1027 906 1137 950 dixit
1157 895 1366 950 Dominus
1384 926 1392 951 ε
1412 925 1432 948 «
1454 909 1518 950 Ite
1538 906 1592 950 ad
1615 907 1751 950 exitus

364 993 385 1016 »
419 976 586 1019 viarum
606 1011 616 1031 ‚
648 985 692 1019 et
724 991 1025 1036 quoscumque
1052 976 1328 1031 inveneritis,
1364 985 1515 1021 vocate
1553 976 1608 1020 ad
1635 991 1752 1035 nup-

365 1065 385 1088 »
419 1047 529 1091 tias3
551 1081 563 1101 ,
592 1066 610 1088 η
637 1047 717 1091 viae
751 1046 1058 1106 intelliguntur
1088 1048 1262 1092 domata
1291 1048 1498 1092 Gentium
1533 1067 1542 1092 t
1567 1047 1669 1107 quia
1702 1062 1753 1090 ex

362 1116 566 1161 omnibus
580 1116 670 1161 -illis
692 1117 748 1162 ad
778 1118 952 1177 nuptias
975 1127 1192 1163 venerunt
1208 1153 1219 1173 ,
1240 1117 1287 1162 id
1314 1127 1398 1173 est,
1420 1118 1593 1163 Christo
1610 1118 1753 1162 credi-

363 1187 539 1232 derunt.

844 1338 1081 1388 QUAESTIO
1112 1340 1270 1377 xxxii.

423 1472 549 1523 Quoi)
576 1468 804 1514 Sadducaei
833 1469 987 1513 dieunt
1019 1470 1205 1514 Domino
1232 1489 1240 1514 :
1267 1489 1286 1511 «
1312 1472 1508 1514 Fuerunt
1537 1468 1655 1529 apud
1677 1484 1755 1513 nos

369 1558 388 1582 »
425 1549 588 1599 septem
612 1540 764 1584 fratres
779 1576 789 1595 ,
817 1549 859 1584 et
881 1556 994 1584 unus
1017 1550 1194 1599 accepta
1224 1556 1358 1584 uxore
1380 1541 1511 1594 obiit,
1533 1549 1575 1583 et
1596 1555 1754 1584 seeun-

368 1630 389 1653 »
425 1611 529 1665 dus,
567 1621 609 1654 et
637 1612 838 1668 caeteri⁴3
873 1629 893 1652 η
928 1610 1235 1669 intelliguntur
1264 1612 1459 1655 homines
1491 1607 1642 1669 impii,
1681 1611 1756 1670 qui

366 1681 559 1725 fructum
577 1681 755 1740 justitiae
778 1697 867 1725 non
881 1691 1122 1740 potuerunt
1139 1681 1294 1724 afferre
1311 1682 1356 1724 in
1375 1690 1487 1724 terra
1506 1697 1583 1740 per
1606 1696 1756 1724 omnes

367 1761 529 1811 septem
554 1751 708 1795 mundi
730 1760 878 1795 aetates
895 1787 905 1806 ‚
932 1752 1092 1811 quibus
1116 1752 1193 1794 ista
1221 1766 1330 1795 zerra
1353 1751 1547 1795 consistit
1572 1770 1580 1796 :
1608 1760 1756 1810 postea

367 1823 482 1866 enirn
501 1832 543 1866 et
566 1823 655 1880 ipsa
674 1832 784 1866 terra
806 1823 997 1873 transiet,
1024 1838 1100 1882 per
1122 1838 1252 1882 quam
1278 1838 1426 1866 omnes
1440 1822 1499 1866 illi
1523 1822 1645 1882 quasi
1667 1837 1756 1881 sep·

368 1903 456 1937 tem
479 1893 620 1937 mariti
637 1892 838 1936 steriliter
855 1893 1132 1937 transierunt.

841 2044 1077 2091 QUAESTIO
1110 2044 1282 2081 XXXIII.

426 2178 553 2229 Quoi)
585 2175 796 2219 Dominus
824 2174 929 2218 dicit
955 2194 962 2218 ι
1000 2193 1020 2215 «
1049 2176 1099 2217 In
1120 2174 1185 2217 his
1215 2173 1389 2217 duobus
1412 2173 1640 2232 praeceptis
1664 2181 1756 2217 tota

371 2264 390 2287 »
426 2249 512 2289 Lex
537 2245 699 2304 pendet
726 2254 768 2288 et
790 2245 1018 2302 Prophetae
1037 2245 1049 2268 ⁵
1077 2264 1084 2287 2
1113 2244 1272 2302 pendet
1300 2262 1317 2284 »
1343 2242 1480 2298 dixit,
1502 2243 1545 2286 id
1563 2252 1651 2297 est,
1679 2242 1754 2286 illo

370 2315 554 2359 refertur
569 2351 579 2370 ‚
604 2315 665 2358 ibi
688 2315 818 2358 habet
840 2314 990 2357 finem.

416 2419 423 2434 ¹
442 2412 562 2444 Matth.
585 2423 656 2443 xxii.
675 2420 706 2443 ¹2.
731 2428 772 2433 -—-
793 2418 804 2432 ²
826 2410 905 2442 Ibid.
935 2409 964 2449 [3.
989 2427 1028 2431 ——-
1048 2408 1060 2432 3
1080 2410 1158 2440 Ibid.
1181 2421 1213 2449 ς),
1237 2407 1396 2440 —4lbid.
1420 2409 1471 2441 ¹25.
1495 2427 1536 2431 —
1558 2407 1571 2431 5
1591 2409 1673 2440 Ibid.
1693 2408 1749 2449 40.
