1819 3301
333 257 416 298 252
763 269 797 299 s.
833 269 1064 299 Auens-run
1096 271 1277 299 Errseom

332 335 520 380 cessariis
544 335 760 396 quidquid
778 351 887 395 opus
905 335 1054 379 fuisset
1077 336 1343 395 praeberetur
1363 355 1371 382 :
1393 353 1579 397 quorum
1591 338 1715 384 loeu-

333 407 475 452 lorum
493 417 636 452 custos
658 417 701 451 et
733 406 830 462 fur,
856 408 967 451 sicut
1000 408 1210 466 seriptum
1238 417 1323 463 est,
1350 410 1484 454 Judas
1508 409 1613 465 fuit,
1639 412 1715 471 qui

332 494 431 522 eum
462 478 638 522 tradidit
653 481 682 521 1.
704 478 824 522 Sicut
845 487 888 521 et
909 478 1129 537 apostolus
1151 479 1309 523 Paulus
1337 489 1478 539 potest
1504 481 1639 525 videri
1661 483 1716 526 de

333 551 519 595 crastino
533 550 761 607 cogitasse,
778 565 878 593 cum
897 550 1003 594 dixit
1022 570 1030 594 :
1050 569 1069 592 «
1089 553 1151 594 De
1168 550 1359 595 collectis
1376 561 1520 596 autem
1534 553 1579 596 in
1597 569 1717 598 sanc-

338 639 357 662 »
393 630 458 664 tos
474 655 484 674 ,
517 620 627 663 sieut
656 618 851 663 ordinavi
874 619 1076 664 Ecclesiis
1097 620 1293 675 Galatiae,
1319 621 1378 665 ita
1394 631 1436 666 et
1459 637 1533 667 vos
1553 622 1681 668 facite
1704 643 1713 668 ε

338 709 358 732 >›
393 691 634 734 secundum
649 705 781 733 unam
802 690 972 734 sabbati
994 691 1296 750 unusquisque
1321 701 1511 736 vestrum
1537 693 1654 752 apud
1673 709 1718 738 se

337 778 357 802 »
381 769 515 820 ponat
528 760 832 815 thesaurizans,
844 760 964 820 quod
975 762 1011 804 ei
1027 760 1253 820 placuerit,
1266 771 1315 806 ut
1327 778 1416 806 non
1429 778 1528 807 curn
1538 779 1714 819 venero,

337 850 357 873 »
394 841 499 875 tunc
535 830 728 874 collectae
765 832 884 874 fiant.
908 834 1019 876 Cum
1055 841 1199 876 autern
1223 833 1460 888 advenero,
1483 849 1719 894 quoscum-

339 922 357 943 »
393 917 479 961 que
513 901 798 960 probaveritis
836 917 912 960 per
946 901 1147 961 epistolas
1167 937 1177 957 ,
1210 902 1289 946 bos
1320 903 1491 947 mittam
1529 905 1718 963 perferre

338 990 358 1013 »
395 972 574 1030 gratiam
604 980 789 1015 vestram
818 971 861 1014 in
885 972 1125 1016 Jerusalem
1148 991 1156 1017 ε
1182 973 1301 1032 quod
1319 973 1352 1016 si
1374 972 1554 1031 dignum
1588 974 1718 1020 fuerit

337 1061 357 1084 »
393 1053 442 1087 ut
462 1053 503 1088 et
525 1059 604 1103 ego
626 1057 720 1087 eam
741 1080 750 1099 ,
776 1057 946 1088 mecum
969 1043 1111 1089 ibunt.
1137 1043 1319 1089 Veniam
1350 1056 1495 1090 autem
1526 1044 1579 1090 ad
1612 1061 1687 1091 vos
1705 1081 1716 1102 ,

338 1134 357 1156 »
394 1130 494 1159 cum
512 1115 812 1161 Macedoniam
830 1117 1060 1171 transiero,
1082 1132 1183 1160 nam
1200 1115 1501 1174 Macedoniam
1521 1127 1719 1177 pertran-

338 1206 358 1228 »
393 1187 486 1231 sibo
515 1206 523 1230 t
550 1188 666 1246 apud
701 1203 775 1231 vos
808 1197 952 1231 autem
993 1187 1173 1232 forsitan
1196 1189 1453 1244 remanebo,
1494 1189 1564 1233 vel
1588 1189 1719 1233 etiam

338 1276 358 1298 »
392 1258 610 1315 hyemabo
626 1293 636 1312 ,
668 1267 717 1301 ut
739 1274 813 1302 vos
837 1274 905 1302 me
924 1258 1148 1303 deducatis
1165 1275 1445 1319 quocumque
1469 1260 1574 1304 iero.
1608 1259 1719 1304 Nolo

338 1345 358 1368 »
394 1329 507 1371 enim
522 1343 596 1372 vos
611 1343 727 1372 nunc
744 1328 789 1371 in
804 1329 988 1373 transitu
1001 1328 1172 1373 videre:
1190 1344 1312 1388 spero
1325 1329 1441 1372 enim
1458 1345 1528 1373 me
1540 1329 1718 1390 aliquod

337 1416 358 1440 »
394 1399 599 1457 temporis
616 1413 789 1442 manere
813 1398 930 1458 apud
947 1415 1038 1454 vos,
1059 1400 1093 1444 si
1115 1400 1355 1459 permiserit
1372 1401 1595 1444 Dominus.
1620 1404 1719 1444 Per-

336 1488 357 1511 »
390 1470 578 1513 manebo
596 1478 740 1513 autem
757 1471 917 1530 Ephesi
934 1486 1070 1530 usque
1089 1471 1145 1515 ad
1159 1474 1488 1515 Pentecosten2.
1504 1490 1523 1512 »
1544 1473 1654 1515 Item
1673 1471 1719 1515 in

334 1540 515 1585 Actibus
557 1539 862 1599 Apostolorum
895 1542 1104 1601 scriptum
1135 1550 1220 1596 est,
1252 1557 1300 1585 ea
1329 1557 1427 1601 quae
1465 1540 1519 1585 ad
1554 1542 1719 1586 victum

334 1620 435 1655 sunt
457 1612 708 1666 necessaria,
729 1622 958 1671 procurata
981 1628 1070 1656 esse
1091 1613 1137 1655 in
1159 1610 1357 1656 futurum
1381 1621 1558 1672 propter
1577 1612 1720 1655 immi-

332 1690 509 1724 nentem
528 1680 704 1725 famem.
733 1682 801 1726 Sic
824 1682 938 1725 enim
957 1682 1140 1740 legimus
1162 1701 1207 1726 z«
1227 1682 1372 1726 Inillis
1396 1691 1541 1726 autem
1565 1682 1719 1726 diebus

335 1768 356 1793 »
391 1751 711 1796 descenderunt
748 1752 803 1796 ab
832 1753 1110 1811 Jerosolymis
1148 1753 1376 1811 Prophetae
1409 1753 1684 1796 Antiochiam
1704 1788 1715 1808 ,

336 1841 356 1864 »
393 1832 572 1882 eratque
614 1838 768 1880 magna
791 1822 1014 1866 exultatio.
1052 1823 1335 1881 Congregatis
1372 1832 1518 1866 autern
1558 1823 1683 1867 nobis
1704 1858 1715 1878 ,

336 1911 356 1934 »
392 1908 572 1951 surgens
595 1908 706 1936 unus
729 1908 779 1935 ex
811 1892 891 1936 illis
913 1893 1089 1936 nomine
1108 1893 1307 1951 Agabus,
1339 1893 1613 1951 significabat
1643 1908 1720 1952 per

337 1982 357 2004 »
395 1963 625 2022 Spiritum,
651 1962 810 2006 famem
827 1978 1026 2020 magnam
1050 1961 1243 2007 futuram
1258 1963 1301 2006 in
1315 1963 1515 2006 universo
1533 1963 1715 2018 mundo,

337 2054 357 2077 »
393 2046 491 2095 quae
515 2044 557 2079 et
579 2033 691 2079 facta
709 2044 770 2078 est
787 2035 868 2078 sub
888 2034 1071 2079 Claudio
1087 2036 1268 2079 Caesare.
1286 2035 1554 2078 Discentium
1574 2044 1720 2078 autem

337 2124 358 2148 »
392 2115 442 2150 ut
465 2106 648 2167 quisque
676 2104 954 2161 abundabat,
979 2114 1225 2149 statuerunt
1246 2105 1543 2165 unusquisque
1568 2120 1719 2149 eorum

336 2195 356 2218 »
392 2178 437 2221 in
461 2177 746 2220 ministerium
770 2177 940 2220 mittere
963 2175 1223 2235 presbyteris
1244 2174 1545 2219 habitantibus
1572 2176 1618 2218 in
1639 2177 1721 2219 Ju-

337 2266 357 2289 »
393 2248 486 2291 daea
510 2247 715 2291 fratribus
731 2282 741 2301 ,
768 2247 843 2305 qui
866 2255 908 2290 et
926 2246 1135 2289 miserunt
1156 2261 1234 2304 per
1251 2260 1430 2288 manum
1452 2245 1664 2289 Barnabae
1677 2254 1720 2289 ct

337 2337 357 2360 »
396 2317 553 2362 Sauli3.
575 2336 593 2358 »
617 2321 670 2361 Et
690 2317 809 2377 quod
828 2317 1042 2373 naviganti
1056 2315 1195 2359 cidem
1213 2316 1407 2375 apostolo
1427 2316 1562 2361 Paulo
1583 2317 1721 2375 impo-

336 2389 414 2432 sita
429 2398 530 2432 sunt
543 2387 758 2443 utensilia,
771 2403 868 2447 quse
883 2386 1215 2440 oss‘erebantur‘'¹,
1229 2402 1314 2429 non
1330 2386 1383 2429 ad
1399 2402 1536 2430 unum
1550 2395 1722 2430 tantum

336 2459 449 2502 diem
471 2458 791 2502 videturvictus
808 2473 897 2502 esse
912 2466 1181 2517 procuratus.
1204 2459 1259 2500 Et
1277 2456 1397 2517 quod
1414 2457 1530 2500 idem
1544 2456 1691 2500 scribit
1709 2475 1716 2500 :

341 2548 361 2570 «
396 2529 476 2581 Qui
497 2530 726 2573 furabatur
745 2530 859 2588 ,jam
882 2544 970 2573 non
988 2526 1157 2572 furetur
1184 2546 1192 2571 z
1216 2528 1347 2585 magis
1378 2536 1523 2571 autem
1551 2526 1722 2571 laboret

388 2619 396 2636 ¹
416 2616 507 2645 Joan.
527 2625 583 2655 xn,
597 2613 630 2645 6.
648 2631 688 2637 —-
710 2620 721 2637 ²
745 2615 844 2646 1C0r.
867 2624 932 2655 xvr,
956 2613 1024 2646 1-8.
1048 2630 1088 2636 —
1105 2611 1118 2636 3
1133 2614 1204 2645 Act.
1225 2623 1270 2654 xi,
1291 2612 1406 2654 27-30.
1427 2628 1467 2635 -
1482 2611 1621 2653 41d.1v,
1641 2613 1697 2643 28.
