1819 3301
359 245 440 284 258
792 260 824 286 s.
861 257 1092 286 Aucusnm
1124 258 1304 287 Emscom

357 430 980 447 §AMMQMMWMMWWMMMM
984 431 1747 449 mmmmmmmmswummmms

849 575 1066 624 CAPUT
1106 577 1243 622 xix.

409 732 570 774 LXIII.
597 732 662 775 ΕΤ
687 731 896 791 quoniam
920 732 975 776 de
991 733 1221 777 temerario
1244 742 1286 777 et
1311 734 1462 794 iniquo
1478 733 1645 793 judicio
1666 748 1746 778 nos

349 802 432 846 hoc
454 801 552 846 loco
582 802 791 846 Dominus
815 813 966 847 monet
992 823 1000 847 ;
1026 803 1123 848 vult
1139 803 1254 847 enim
1274 812 1323 848 ut
1345 803 1528 863 simplici
1549 804 1679 847 corde
1702 812 1746 847 et

348 874 393 918 in
414 889 553 917 unum
572 877 709 917 Deum
732 874 902 918 intento
919 872 1127 918 faciamus
1149 890 1442 935 quaecumque
1465 874 1646 919 facimus
1665 895 1676 931 3
1701 883 1746 919 et

349 953 391 988 et
415 944 552 988 multa
569 935 784 988 incertum
807 954 869 988 est
891 960 980 1004 quo
1002 944 1133 989 corde
1151 946 1274 999 fiant,
1299 944 1353 988 de
1375 945 1535 1005 quibus
1550 944 1744 1004 judicare

347 1015 627 1059 temerarium
644 1024 707 1059 est
725 1035 736 1073 3
761 1015 944 1058 maxime
967 1024 1113 1059 autem
1136 1015 1182 1058 hi
1202 1016 1575 1075 temerejudicant
1596 1014 1650 1058 de
1671 1015 1745 1058 in-

347 1086 495 1141 certis,
531 1096 574 1130 et
597 1085 722 1130 facile
746 1085 1100 1145 reprehendunt,
1126 1086 1202 1146 qui
1232 1086 1368 1145 magis
1399 1095 1547 1129 amant
1567 1085 1742 1145 vitupe-

347 1172 442 1200 rare
464 1165 508 1200 et
527 1155 734 1200 damnare
751 1191 762 1210 ‚
793 1172 922 1216 quam
947 1155 1181 1200 emendare
1204 1166 1335 1216 atque
1357 1156 1596 1214 corrigere3
1621 1154 1743 1216 quod

345 1228 502 1271 vitium
529 1226 599 1271 vel
626 1227 842 1286 superbiae
870 1236 956 1281 est,
991 1225 1062 1270 vel
1088 1225 1344 1270 invidentiae
1379 1245 1389 1272 z
1424 1235 1742 1286 consequenter

347 1298 554 1358 subjecit,
576 1307 619 1340 et
644 1296 749 1340 dicit
776 1317 784 1341 ι
815 1317 833 1337 «
859 1296 974 1350 Quid
998 1306 1142 1340 autem
1168 1297 1286 1340 vides
1311 1296 1522 1341 festucam
1543 1297 1588 1340 in
1614 1296 1742 1342 oculo

350 1388 369 1410 »
406 1367 548 1412 fratris
571 1368 633 1412 tui
649 1403 659 1421 ,
697 1368 865 1411 trabem
889 1377 1034 1411 autem
1058 1367 1101 1410 in
1135 1366 1264 1411 oculo
1291 1378 1365 1411 tuo
1400 1383 1490 1412 non
1514 1366 1632 1412 vides
1648 1368 1693 1408 1‘?
1718 1385 1737 1408 >›

348 1441 405 1484 Ut
436 1439 471 1482 si
493 1439 604 1483 forte
622 1474 633 1493 ‚
673 1438 795 1481 verbi
819 1437 977 1496 gratia,
1002 1437 1065 1481 ira
1095 1436 1170 1480 ille
1196 1438 1420 1496 peccavit,
1458 1446 1507 1481 tu
1530 1436 1632 1482 odio
1671 1452 1742 1481 re-

348 1509 622 1570 prehendas:
657 1519 874 1569 quantum
904 1518 1049 1552 autem
1084 1508 1198 1551 inter
1228 1508 1438 1552 festucam
1469 1516 1512 1551 ct
1544 1509 1738 1563 trabem,

345 1582 466 1641 quasi
490 1590 657 1625 tantum
680 1581 793 1622 inter
815 1580 922 1623 iram
946 1578 1075 1623 distat
1099 1588 1141 1622 et
1170 1578 1334 1622 odium.
1361 1578 1522 1622 Odium
1542 1579 1656 1622 enim
1680 1587 1743 1622 est

345 1653 408 1695 ira
443 1651 709 1704 inveterata,
746 1649 868 1709 quasi
897 1665 996 1709 quae
1028 1658 1243 1693 vetustate
1278 1649 1369 1706 ipsa
1402 1658 1573 1692 tantum
1609 1649 1743 1693 robur

347 1723 578 1782 acceperit,
597 1731 647 1765 ut
665 1722 818 1764 merito
841 1720 1085 1780 appelletur
1104 1720 1264 1764 trabes.
1280 1720 1395 1763 Fieri
1419 1735 1563 1764 autem
1584 1729 1738 1780 potest,

346 1804 396 1838 ut
418 1794 454 1838 si
476 1792 669 1836 irascaris
690 1791 878 1845 homini,
905 1789 1009 1834 velis
1038 1806 1139 1833 eum
1161 1790 1317 1847 corrigi
1345 1809 1353 1833 :
1380 1790 1414 1833 si
1438 1799 1583 1834 autem
1601 1789 1757 1834 oderis>

349 1863 592 1915 hominem,
619 1877 707 1904 non
730 1871 852 1918 potes
873 1875 976 1903 eum
999 1859 1110 1904 velle
1132 1860 1364 1918 corrigere.
1448 1866 1461 1873 ‘²

409 1935 565 1977 LXIV.
593 1952 612 1973 «
638 1929 866 1984 Quomodo
896 1931 1009 1973 enim
1034 1929 1139 1973 dicis
1169 1929 1291 1973 fratri
1314 1938 1390 1974 tuo
1413 1949 1421 1974 2
1448 1930 1546 1974 Sine
1575 1929 1742 1991 ejiciam

354 2022 373 2044 »
410 2002 620 2046 festucam
639 2002 693 2044 de
711 1999 839 2044 oculo
863 2009 961 2052 tuo,
993 2009 1036 2043 et
1056 2015 1155 2043 ecce
1177 2001 1320 2042 trabes
1343 2000 1467 2043 estin
1491 1998 1619 2044 oculo
1641 2002 1742 2043 tuo?

354 2092 373 2114 n
411 2073 666 2132 Hypocrsta,
695 2072 798 2131 ejice
822 2071 1007 2129 primum
1027 2070 1194 2113 trabem
1219 2068 1273 2112 de
1304 2069 1433 2113 oculo
1450 2078 1548 2124 tuo,
1571 2079 1614 2113 et
1636 2080 1742 2113 tunc

353 2135 375 2185 '»
410 2143 578 2187 videbis
600 2142 752 2202 ejicere
769 2140 980 2184 festucam
1005 2141 1059 2183 de
1082 2139 1210 2183 oculo
1240 2138 1380 2183 fratris
1403 2142 1466 2183 tui
1481 2144 1498 2166 ‘2
1518 2159 1526 2184 z
1556 2159 1574 2180 »
1597 2141 1643 2183 id
1660 2150 1739 2194 est,

354 2214 542 2273 primum
568 2213 643 2255 abs
666 2221 706 2255 te
729 2210 893 2269 expelle
916 2209 1063 2253 odium
1084 2230 1095 2263 ς
1116 2218 1158 2252 ct
1176 2209 1334 2252 deinde
1357 2210 1515 2268 poteris
1529 2211 1618 2269 jam
1641 2225 1739 2253 eum

355 2299 485 2343 quem
518 2283 688 2341 diligis,
724 2281 968 2324 emendare.
1005 2283 1061 2323 Et
1095 2279 1205 2322 bene
1239 2279 1296 2321 ait
1324 2298 1331 2322 :
1373 2298 1391 2320 «
1419 2279 1654 2338 Hypocrita
1684 2299 1691 2324 z
1719 2297 1738 2320 »

355 2357 570 2397 Accusare
602 2352 717 2395 enim
748 2350 847 2393 vitia
869 2385 879 2403 ‚
906 2349 1095 2393 osticium
1127 2357 1190 2391 est
1222 2348 1438 2392 bonorum
1475 2349 1666 2393 virorum
1700 2359 1744 2403 et

356 2422 686 2468 benevolorum:
699 2419 819 2481 quod
833 2435 931 2462 cum
948 2417 1047 2462 mali
1066 2417 1247 2471 faciunt,
1261 2419 1418 2463 alienas
1434 2428 1574 2478 partes
1590 2428 1740 2477 agunt3

359 2493 469 2535 sicut
494 2491 760 2551 liypocritse,
795 2489 871 2549 qui
903 2497 1055 2547 tegunt
1085 2488 1166 2531 sub
1190 2503 1371 2546 persona
1403 2488 1521 2548 quod
1546 2497 1647 2532 sunt
1664 2524 1674 2543 ,
1699 2497 1742 2532 et

410 2598 412 2600 '
440 2588 553 2619 Mattli.
577 2600 627 2628 ³11)
649 2588 676 2618 3⁴
705 2604 734 2608 —
756 2594 764 2607 Ἰ
793 2585 871 2616 ll)l1l.
895 2585 963 2625 ᾖξ’).
