1819 3301
317 276 399 312 :392
756 283 788 310 s.
827 285 1055 310 aucus'nm
1092 284 1268 309 eviscovi

314 360 457 395 certus
478 351 583 393 milii
602 349 882 408 responderes
904 347 1306 390 incommutabilem
1327 349 1491 390 Deum?
1509 347 1624 400 Quid
1642 357 1704 393 est

314 436 417 479 ergo
440 419 550 463 illud
574 421 615 462 in
639 419 768 462 corde
794 427 893 471 tuo,
928 416 1107 476 quando
1137 416 1297 473 cogitas
1319 417 1553 476 quamdam
1578 419 1705 462 subs-

313 491 495 535 tantiam
532 490 695 542 vivam,
736 496 1015 546 perpetuam,
1053 488 1399 545 omnipotentem
1420 522 1430 541 ,
1461 487 1701 545 infinitam,

313 562 479 619 ubique
510 567 791 618 praesentem,
830 557 998 616 ubique
1022 566 1179 611 totam,
1218 572 1433 617 nusquam
1460 556 1704 601 inclusam?

314 630 500 684 Quando
515 630 594 672 ista
620 628 804 685 cogitas,
825 627 909 671 hoc
931 636 994 670 est
1006 627 1201 671 Verbum
1221 626 1275 670 de
1292 630 1378 671 Deo
1395 628 1439 670 in
1452 627 1582 671 corde
1606 637 1698 673 tuo.

310 699 535 759 Numquid
568 708 715 742 autem
743 699 827 742 hoc
850 707 913 742 est
931 714 1061 742 sonus
1092 697 1186 753 ille,
1222 698 1299 757 qui
1327 706 1516 757 quatuor
1549 698 1702 742 litteris

309 778 501 823 constat,
531 778 575 812 et
606 768 780 812 duabus
811 767 1013 825 syllabis?
1036 771 1152 826 Ergo
1175 783 1465 828 quaecumque
1494 768 1702 812 dicuntur

309 852 352 885 et
373 849 624 894 transeunt,
649 839 743 883 soni
771 848 889 893 sunt,
915 838 1072 883 litterae
1094 848 1218 894 sunt,
1252 838 1430 896 syllabae
1460 848 1578 883 sunt.
1607 842 1701 885 Hoc

308 912 493 956 verbum
516 911 691 965 transit,
718 910 839 970 quod
861 920 984 954 sonat
1009 930 1018 955 :
1043 909 1165 970 quod
1183 919 1328 954 autem
1350 910 1607 969 significavit
1627 927 1700 956 so-

307 998 412 1036 nus,
439 991 481 1025 et
503 981 548 1024 in
570 981 789 1040 cogitante
808 990 872 1024 est
885 981 961 1040 qui
985 980 1109 1035 dixit,
1135 989 1178 1024 et
1194 981 1240 1024 in
1256 980 1524 1039 intelligente
1543 982 1700 1042 estqui

309 1051 497 1105 audivit,
522 1060 670 1094 manet
690 1050 1120 1094 hoc-transeuntibus
1142 1051 1272 1095 sonis.

366 1124 444 1165 IX.
472 1120 603 1164 Refer
623 1121 819 1164 animum
843 1120 898 1164 ad
916 1120 1026 1164 illud
1041 1121 1239 1164 verbum.
1263 1121 1303 1165 Si
1322 1129 1371 1164 tu
1393 1130 1516 1180 potes
1538 1121 1700 1166 habere

307 1193 489 1236 verbum
512 1192 557 1234 in
580 1191 710 1235 corde
729 1200 827 1246 tuo,
854 1201 1063 1252 tanquam
1081 1191 1308 1236 consilium
1325 1201 1477 1235 natum
1492 1192 1536 1236 in
1554 1202 1700 1237 mente

307 1273 402 1317 tua,
429 1271 479 1306 ut
501 1277 621 1306 mens
643 1271 717 1306 tua
734 1263 872 1321 pariat
887 1263 1132 1318 consilium,
1151 1273 1193 1308 et
1210 1264 1310 1307 insit
1328 1264 1554 1307 consilium
1574 1265 1699 1324 quasi

306 1334 448 1393 proles
467 1334 623 1377 mentis
645 1343 732 1377 tuae
748 1369 758 1388 ,
784 1335 906 1393 quasi
931 1334 1046 1378 filius
1069 1335 1210 1379 cordis
1233 1335 1311 1378 tui.
1340 1335 1462 1378 Prius
1486 1336 1601 1379 enim
1624 1351 1699 1380 cor

309 1414 486 1462 generat
508 1403 753 1457 consilium,
775 1412 825 1447 ut
838 1403 1028 1463 aliquam
1048 1404 1259 1449 fabricam
1278 1415 1515 1461 construas,
1533 1406 1700 1467 aliquid

308 1473 501 1533 amplum
525 1474 569 1516 in
602 1482 714 1517 terra
736 1473 952 1530 moliaris,
982 1476 1072 1533 jam
1095 1485 1245 1519 natum
1271 1485 1333 1519 est
1368 1476 1595 1521 consilium
1617 1513 1627 1533 ,
1657 1489 1700 1524 et

308 1560 416 1604 opus
451 1544 649 1588 nondum
683 1544 950 1604 completum
983 1555 1079 1589 est:
1112 1547 1231 1590 vides
1254 1556 1301 1590 tu
1322 1582 1332 1597 ‚
1365 1548 1471 1606 quid
1504 1548 1699 1596 facturus

307 1625 370 1660 est
390 1650 400 1670 ‚
425 1614 499 1659 sed
520 1614 628 1658 alius
650 1631 739 1659 non
756 1617 939 1659 miratur
957 1652 967 1670 ,
989 1617 1069 1660 nisi
1087 1633 1187 1661 cum
1210 1618 1360 1661 feceris
1383 1627 1425 1662 et
1446 1629 1700 1666 construxe-

307 1687 362 1729 ris
383 1684 565 1740 molem,
587 1694 629 1729 et
657 1685 867 1729 fabricam
885 1685 1004 1730 illam
1032 1686 1087 1730 ad
1115 1687 1437 1747 exculptionem
1461 1689 1698 1747 perfectio-

307 1770 498 1814 nemque
518 1755 768 1814 perduxeris
796 1776 805 1800 :
826 1757 1059 1801 attendunt
1077 1757 1275 1802 homines
1298 1759 1540 1804 mirabilem
1564 1761 1700 1806 fabri-

308 1841 403 1870 cam
436 1835 479 1870 et
525 1827 739 1870 mirantur
776 1826 1004 1871 consilium
1042 1828 1295 1873 fabricantis
1316 1852 1326 1887 3
1363 1840 1541 1891 stupent
1577 1833 1698 1893 quod

309 1896 460 1941 vident
479 1931 489 1950 ,
516 1906 558 1939 et
580 1907 727 1940 amant
757 1898 878 1957 quod
910 1898 999 1943 nod
1020 1900 1202 1945 vident:
1229 1903 1322 1960 quis
1352 1912 1414 1946 est
1448 1904 1523 1963 qui
1555 1914 1699 1963 potest

308 1967 455 2011 videre
473 1967 701 2011 consilium
724 1970 742 2011 P
766 1969 808 2012 Si
830 1984 930 2027 ergo
949 1985 998 2013 ex
1022 1986 1179 2029 magna
1201 1971 1345 2031 aliqua
1360 1973 1522 2018 fabrica
1542 1974 1698 2020 lauda-

309 2048 381 2082 tur
403 2032 646 2081 humanum
669 2038 898 2082 consilium
917 2074 927 2094 ,
962 2040 1024 2083 vis
1055 2041 1198 2085 videre
1215 2043 1344 2102 quale
1365 2044 1592 2089 consilium
1621 2048 1697 2090 Dei

309 2118 373 2153 est
395 2110 604 2152 Dominus
626 2111 748 2153 Jesus
764 2110 974 2165 Christus,
996 2110 1041 2155 id
1066 2121 1143 2166 est,
1161 2114 1355 2157 Verbum
1378 2117 1485 2160 Dei?
1507 2117 1698 2162 Attende

308 2179 518 2224 fabricam
536 2179 661 2223 istam
684 2179 839 2223 mundi
866 2200 874 2224 :
900 2180 999 2224 vide
1020 2198 1118 2239 quae
1140 2183 1225 2226 sint
1249 2184 1362 2229 facta
1386 2201 1462 2244 per
1481 2188 1693 2243 Verbum,

307 2258 350 2292 et
388 2259 490 2293 tunc
523 2265 753 2308 cognosces
783 2250 910 2309 quale
945 2251 997 2294 sit
1023 2252 1232 2296 Verbum.
1267 2256 1456 2299 Attendc
1484 2257 1577 2301 hcec
1607 2257 1696 2303 duo

306 2321 459 2363 mundi
498 2336 699 2379 corpora,
741 2320 904 2365 coelum
930 2330 972 2365 et
995 2331 1149 2366 terram
1180 2343 1187 2367 :
1214 2325 1310 2383 quis
1339 2326 1523 2385 explicat
1554 2328 1695 2373 verbis

309 2400 509 2434 ornatum
539 2392 637 2435 coeli
654 2395 672 2433 ⁶?
690 2393 785 2452 quis
809 2392 993 2451 explicat
1014 2394 1156 2437 verbis
1178 2394 1511 2441 foecunditatem
1538 2402 1696 2444 terrae?

307 2462 403 2519 quis
423 2460 553 2518 digne
571 2461 790 2505 collaudat
811 2473 1055 2521 temporum
1069 2465 1208 2509 vices?
1224 2467 1320 2526 quis
1332 2467 1462 2526 digne
1475 2469 1695 2514 collaudat

308 2531 519 2573 seminum
542 2533 657 2575 vim?
692 2531 856 2576 Videtis
880 2549 978 2592 quae
1002 2542 1165 2578 taceam
1187 2571 1197 2590 ,
1230 2552 1284 2580 nc
1320 2538 1396 2581 diu
1420 2554 1691 2585 commemo-

308 2601 441 2643 rando
476 2617 625 2658 parum
663 2601 801 2645 (licam
846 2606 974 2658 sorte,
1012 2621 1141 2663 quam
1179 2608 1352 2665 potestis
1391 2611 1581 2668 cogitare
1596 2644 1605 2656 .
1628 2614 1691 2654 Ex
