1819 3301
271 280 325 306 DE
356 274 565 306 cousnusu
597 271 1009 312 EVANGELISTARUM,
1044 275 1127 301 Lm.
1163 276 1228 301 111.
1383 267 1432 303 81

59 346 149 402 tris,
176 344 298 406 quod
312 343 415 389 dicit
431 345 602 389 Marcus
623 361 631 386 :
656 341 814 386 deinde
830 341 947 385 intus
968 340 1022 384 ab
1043 341 1101 385 eis
1125 341 1230 385 dum
1253 341 1441 401 inspice-

60 426 157 461 rent
177 416 322 461 locum
342 415 389 458 in
410 429 499 475 quo
516 413 688 473 jacebat
702 427 858 472 corpus
878 412 1066 466 Domini,
1081 413 1192 457 visos
1212 411 1316 456 alios
1333 412 1443 457 duos

60 487 248 546 Angelos
280 494 461 540 stantes,
502 484 612 528 sicut
649 483 754 527 dicit
795 486 933 527 Lucas
948 517 959 537 ,
994 481 1146 526 similia
1187 482 1356 528 locutos
1391 482 1447 528 ad

61 572 210 602 earum
233 553 550 600 exhortandum
575 553 768 597 animum
797 562 840 597 et
856 551 1160 597 aedificandam
1174 553 1322 598 fidem.

119 627 320 670 LXVIII.
340 625 425 669 Sed
441 623 663 669 videamus
680 632 723 667 et
735 621 808 666 illa
823 639 921 682 quae
939 625 1126 667 Joannes
1143 623 1248 667 dicit
1267 642 1275 668 :
1296 632 1445 668 utrum

61 695 131 742 vel
153 694 525 756 quemadmodum
552 694 617 738 his
641 702 897 751 congruant.
926 693 993 737 Sic
1015 708 1116 751 ergo
1144 703 1290 738 narrat
1311 697 1447 739 Joan-

63 782 137 811 nes
174 784 181 810 :
212 785 232 808 ι(
267 768 362 810 Una
386 774 531 813 autern
551 763 719 808 sabbati
740 763 875 808 Maria
892 762 1148 821 Magdalene
1161 768 1280 811 venit
1302 779 1445 819 mane,

66 855 87 879 ))

0 909 5 950 ἶ
67 924 89 948 ))

3 1021 5 1029 ,
69 995 90 1018 ))

70 1065 89 1088 ))

3 1135 91 1170 ⁴¹i)

71 1205 92 1229 ))

72 1275 93 1299 ))

74 1345 95 1369 ὶ)

75 1415 95 1439 ))

7 1499 11 1502 -
76 1485 96 1509 ))

77 1555 97 1579 ))

78 1625 98 1649 ))

78 1696 98 1720 ))

79 1765 100 1789 ))

82 1837 100 1859 ))

81 1906 101 1929 ))

82 1977 102 2000 ))

82 2047 102 2071 ))

84 2117 103 2141 ))

83 2188 103 2211 ))

84 2258 105 2282 ))

85 2329 106 2353 ))

85 2400 106 2424 ))

87 2470 108 2494 ))

91 2541 110 2566 ))

92 2614 112 2637 ))

123 851 223 880 cum
247 835 391 880 adhuc
413 834 606 879 tenebrae
628 842 785 888 essent,
812 833 867 877 ad
894 842 1252 889 monumentum,
1278 844 1321 878 et
1341 835 1451 878 vidit

123 905 315 965 lapidem
351 904 573 949 sublatum
609 919 632 947 a
667 911 969 948 monumento.
1006 904 1209 947 Cucurrit
1242 919 1344 963 ergo
1361 939 1371 958 ,
1409 913 1453 948 et

125 977 244 1021 venit
276 974 330 1020 ad
367 976 586 1020 Simonem
622 977 821 1028 Petrum,
862 983 905 1018 et
937 973 991 1018 ad
1013 973 1145 1018 alium
1182 974 1452 1034 Discipulum

126 1061 256 1105 quem
285 1045 458 1090 amabat
481 1047 604 1088 Jesus
621 1079 631 1097 ,
657 1052 701 1087 et
728 1044 833 1087 dicit
855 1044 913 1087 eis
941 1063 949 1089 ε
980 1043 1191 1088 Tulerunt
1219 1046 1454 1089 Dominum

127 1116 181 1161 de
203 1124 509 1168 monumento,
531 1124 573 1158 et
595 1115 808 1158 nescimus
835 1115 909 1157 ubi
932 1124 1173 1173 posuerunt
1194 1131 1309 1159 eum.
1339 1116 1454 1160 Exiit

128 1202 228 1245 ergo
254 1190 405 1230 Petrus
429 1194 472 1228 et
491 1184 565 1228 ille
583 1184 692 1228 alius
717 1184 960 1243 Discipulus
977 1193 1020 1228 et
1042 1194 1257 1229 venerunt
1281 1186 1336 1229 ad
1359 1201 1455 1230 mo-

129 1265 405 1301 numentum.
438 1255 682 1300 Currebant
709 1263 854 1298 autem
878 1255 967 1298 duo
994 1253 1149 1312 simul,
1183 1264 1226 1298 et
1254 1254 1326 1299 ille
1349 1254 1457 1300 alius

130 1325 373 1386 Discipulus
401 1325 625 1385 praecurrit
652 1324 775 1369 citius
798 1328 949 1379 Petro,
986 1334 1029 1369 et
1060 1326 1180 1369 venit
1202 1326 1367 1384 primus
1402 1325 1458 1370 ad

130 1405 480 1441 monumentum.
510 1398 688 1439 Etcum
719 1410 762 1438 se
779 1394 1047 1450 inclinasset,
1073 1394 1182 1439 vidit
1218 1396 1459 1455 positalin·

132 1467 319 1511 teamina
334 1501 344 1521 ,
385 1482 474 1510 non
502 1475 646 1510 tamen
683 1464 863 1509 introiit.
901 1465 1029 1508 Venit
1062 1479 1162 1523 ergo
1204 1467 1352 1510 Simon
1383 1470 1459 1510 Pe-

132 1547 224 1582 trus
246 1551 428 1595 sequens
451 1551 567 1590 eum,
588 1544 632 1579 et
648 1535 813 1579 introiit
832 1535 878 1578 in
900 1544 1235 1579 monumentum
1256 1556 1266 1592 3
1287 1545 1330 1579 et
1350 1535 1460 1580 vidit

132 1607 383 1651 linteamina
402 1607 555 1665 posita,
581 1615 624 1649 et
640 1604 862 1649 sudarium
885 1604 1004 1664 quod
1020 1604 1161 1648 fuerat
1182 1621 1311 1664 super
1328 1616 1460 1666 caput

134 1679 224 1737 ejus
246 1692 334 1721 non
351 1691 451 1720 cum
473 1675 799 1719 linteaminibus
820 1675 1024 1733 positum,
1045 1675 1120 1718 sed
1141 1676 1369 1733 separatim
1392 1677 1462 1719 in-

135 1746 333 1792 volutum
366 1747 410 1789 in
446 1760 583 1789 unum
615 1744 777 1788 locum.
820 1747 941 1787 Tunc
974 1759 1074 1801 ergo
1111 1743 1276 1788 introiit
1313 1755 1356 1789 et
1387 1746 1460 1790 ille

135 1817 381 1876 Discipulus
398 1851 408 1870 ,
434 1815 510 1875 qui
547 1823 724 1859 venerat
758 1813 922 1872 primus
959 1812 1013 1857 ad
1035 1822 1394 1870 monumentum,
1420 1825 1463 1860 et

137 1887 264 1941 vidit,
290 1896 333 1930 et
355 1885 552 1930 credidit.
578 1884 785 1930 Nondum
808 1883 925 1927 enim
948 1883 1142 1927 sciebant
1165 1886 1429 1943 Scripturam
1447 1921 1458 1942 ,

137 1959 238 2019 quia
261 1966 479 2018 oporteret
501 1972 601 2000 eum
620 1972 643 2000 a
667 1954 846 1999 mortuis
863 1970 1100 2013 resurgere.
1122 1955 1339 2000 Abierunt
1362 1972 1463 2015 ergo

136 2029 294 2074 iterum
309 2028 363 2072 ad
384 2027 632 2085 semetipsos
650 2024 857 2084 Discipuli
884 2044 893 2069 ε
919 2024 1053 2069 Maria
1076 2034 1222 2068 autem
1241 2027 1382 2070 stabat
1407 2026 1462 2071 ad

138 2107 472 2144 monumentum
502 2096 606 2141 foris
628 2095 803 2154 plorans
829 2114 838 2139 ε
864 2094 968 2138 dum
994 2109 1094 2152 ergo
1117 2095 1255 2150 fleret,
1282 2096 1460 2141 inclina-

138 2171 200 2215 vit
221 2185 287 2224 se,
307 2178 351 2212 et
371 2167 587 2227 prospexit
602 2167 648 2209 in
671 2175 1003 2209 monumentum
1027 2184 1033 2208 :
1061 2173 1104 2208 et
1120 2164 1226 2210 vidit
1244 2165 1351 2210 duos
1371 2170 1464 2210 An-

141 2239 258 2299 gelos
278 2239 324 2282 in
346 2238 454 2282 albis
476 2239 688 2291 sedentes,
709 2251 847 2280 unum
870 2235 924 2279 ad
948 2244 1138 2293 caputet
1157 2251 1294 2279 unum
1317 2236 1372 2281 ad
1394 2253 1467 2297 pe-

141 2310 231 2365 des,
267 2309 345 2353 ubi
374 2309 562 2368 positum
598 2307 740 2350 fuerat
772 2321 928 2364 corpus
961 2308 1077 2348 Jesu.
1112 2306 1271 2349 Dicunt
1301 2307 1340 2350 ei
1372 2306 1462 2353 illi:

141 2381 314 2436 Mulier,
333 2381 438 2441 quid
459 2379 630 2439 ploras?
647 2377 757 2422 Dicit
777 2378 834 2420 eis
854 2396 862 2421 ε
888 2376 998 2429 Quia
1020 2376 1214 2420 tulerunt
1231 2378 1466 2424 Dominum

143 2467 306 2507 meum,
325 2460 369 2495 et
387 2451 530 2495 nescio
552 2449 630 2493 ubi
645 2457 884 2508 posuerunt
902 2463 1017 2490 eum,
1038 2451 1140 2491 Haec
1157 2463 1257 2491 cum
1275 2447 1462 2507 dixisset,

145 2538 347 2569 conversa
369 2531 432 2566 est
449 2531 698 2574 retrorsum,
724 2529 765 2564 et
790 2518 895 2564 vidit
917 2521 1062 2561 Jesum
1088 2528 1289 2575 stantem,
1316 2530 1359 2565 et
1377 2538 1468 2568 non

147 2595 309 2640 sciebat
330 2594 431 2653 quia
452 2596 573 2637 Jesus
585 2601 663 2636 est.
689 2590 796 2635 Dicit
819 2590 856 2634 ei
877 2592 998 2634 jesu-s
1024 2608 1032 2633 ι
1055 2589 1225 2644 Mulier,
1245 2592 1352 2650 quid
1370 2593 1468 2653 plo..

250 2675 371 2705 oxm.
1257 2661 1281 2699 6
