1819 3301
341 292 422 329 262
775 306 805 329 s.
846 304 1072 330 ,recusum
1109 304 1286 331 εΡιεεοΡι

339 378 470 428 atque
488 367 738 411 inviolabile
764 386 772 411 :
795 366 855 410 illi
881 377 1023 410 tamen
1046 366 1152 426 quid
1171 368 1306 413 velint
1327 369 1610 428 cogitandum
1632 378 1696 414 est
1712 405 1724 426 ‚

338 440 413 500 qui
446 439 601 483 acriter
623 435 759 497 *atque
787 438 1077 482 inimicissime
1111 439 1344 495 resistunt,
1371 449 1414 484 et
1446 441 1728 501 quantumin

337 511 438 570 ipsis
469 519 558 563 cst,
596 509 629 552 si
657 509 749 551 fieri
789 508 946 567 possit,
991 519 1206 553 conantur
1237 511 1448 570 perimere
1483 511 1723 556 veritatem.

339 581 461 625 Porci
498 595 599 623 vero
631 579 829 638 quamvis
864 595 954 623 non
985 579 1044 623 ita
1072 589 1123 624 ut
1149 596 1276 624 canes
1305 596 1453 625 morsu
1490 590 1725 640 appetant3

335 651 489 711 passim
511 659 655 692 tamen
678 648 888 693 calcando
909 650 1210 709 coinquinant.
1234 671 1253 693 «
1269 654 1366 696 Non
1384 666 1488 710 ergo
1510 651 1724 706 miseritis,

339 740 358 762 »
395 720 642 777 margaritas
664 729 823 764 vestras
846 729 945 764 ante
968 736 1143 779 porcos,
1170 736 1224 764 ne
1247 720 1360 765 forte
1376 721 1637 766 conculcent
1656 737 1727 766 eas

338 809 359 833 »
394 791 578 850 pedibus
596 790 703 844 suis,
729 799 770 833 et
788 790 984 834 conversi
1007 790 1281 850 disrumpant
1302 807 1394 837 voS.
1426 813 1442 832 »
1463 794 1602 837 Canes
1624 806 1726 850 ergo

334 878 414 922 pro
439 861 818 921 oppugnatoribus
839 861 1047 916 veritatis,
1071 877 1225 921 porcos
1248 878 1327 923 pro
1350 858 1726 922 contemptoribus

334 935 496 994 positos
519 949 607 978 non
628 933 871 992 incongrue
894 933 1148 993 accipimus.

394 1006 553 1048 LXIX.
579 1003 705 1057 Quod
728 1012 874 1048 autem
890 1004 949 1047 ait
972 1023 980 1049 ε
1009 1023 1030 1046 «
1055 1005 1264 1049 Conversi
1282 1004 1557 1064 disrumpant
1577 1019 1680 1060 vos,
1700 1022 1722 1046 »

334 1092 424 1120 non
446 1075 520 1129 ait,
553 1075 673 1134 ipsas
692 1074 941 1132 margaritas
963 1074 1251 1134 disrumpant.
1284 1074 1383 1119 Illas
1406 1075 1520 1118 enim
1545 1074 1727 1120 concul-

335 1147 492 1201 cando,
509 1147 638 1190 etiam
656 1161 755 1190 cum
779 1155 1097 1190 convertuntur
1115 1156 1162 1191 ut
1179 1146 1322 1191 adhuc
1346 1146 1511 1207 aliquid
1527 1145 1722 1202 audiant,

337 1218 618 1276 disrumpunt
640 1226 785 1260 tamen
801 1231 901 1259 eum
925 1232 947 1258 a
969 1233 1058 1276 quo
1074 1218 1165 1278 jam
1180 1217 1328 1261 missas
1347 1217 1598 1275 margaritas
1620 1232 1727 1262 con-

336 1288 634 1334 culcaverunt.
649 1290 746 1331 Non
761 1286 875 1330 enim
894 1285 1019 1330 facile
1038 1288 1252 1331 inveneris
1268 1287 1374 1348 quid
1393 1296 1564 1346 gratum
1584 1287 1623 1330 ei
1637 1302 1726 1332 esse

335 1360 494 1420 possit,
516 1359 593 1418 qui
623 1359 873 1416 margaritas
896 1357 1152 1413 calcaverit,
1178 1358 1222 1402 id
1240 1367 1302 1402 est
1321 1393 1331 1413 ‚
1355 1374 1456 1402 cum
1477 1373 1637 1417 magno
1659 1358 1726 1402 la-

332 1431 438 1474 bore
455 1429 599 1473 divina
620 1429 797 1472 inventa
819 1429 1142 1488 contempserit.
1166 1429 1247 1481 Qui
1271 1437 1415 1472 autem
1439 1427 1545 1472 tales
1568 1429 1722 1484 docet‘,

332 1499 555 1562 quomodo
578 1516 667 1544 non
696 1500 992 1559 disrumpatur
1020 1499 1292 1558 indignando
1319 1509 1362 1543 et
1380 1498 1693 1545 stomachando
1711 1535 1722 1555 ,

332 1588 421 1617 non
443 1572 584 1616 video.
618 1573 863 1630 Utrumque
893 1579 1038 1614 autem
1069 1570 1227 1614 animal
1260 1570 1537 1616 immundum
1562 1580 1656 1625 est,
1683 1579 1727 1615 et

332 1642 449 1687 canis
472 1651 514 1686 et
537 1657 708 1700 porcus.
736 1641 991 1686 Cavendum
1015 1650 1078 1685 est
1100 1656 1203 1699 ergo
1233 1656 1288 1684 ne
1309 1640 1417 1701 quid
1446 1641 1664 1700 aperiatur
1686 1641 1725 1685 ei

331 1714 407 1773 qui
435 1728 525 1756 non
548 1711 694 1771 capit:
726 1710 881 1754 melius
914 1711 1029 1754 enim
1067 1711 1225 1771 quaerit
1245 1710 1366 1770 quod
1399 1710 1594 1755 clausurn
1629 1720 1720 1766 est,

334 1799 466 1843 quam
492 1783 535 1825 id
558 1782 679 1842 quod
703 1790 900 1840 apertum
933 1790 996 1825 est
1018 1791 1094 1825 aut
1115 1779 1292 1824 infestat
1319 1790 1394 1825 aut
1411 1777 1611 1839 negligit.
1638 1783 1726 1825 Ne-

331 1870 417 1913 que
440 1867 541 1895 vcro
564 1851 645 1894 alia
675 1866 803 1894 causa
831 1851 1071 1909 reperitur,
1106 1867 1183 1895 cur
1216 1867 1264 1894 ea
1295 1868 1394 1911 quae
1426 1850 1652 1896 manifesta
1681 1861 1724 1896 et

330 1939 483 1980 magna
506 1931 622 1975 sunt,
640 1937 727 1965 non
750 1921 964 1980 accipiant
983 1931 1140 1981 praeter
1160 1922 1308 1967 odium
1333 1932 1374 1966 et
1398 1932 1720 1982 contemptum,

329 2008 515 2053 quorum
540 2001 717 2050 propter
740 2006 878 2034 unum
911 2007 1037 2035 canes
1052 2027 1062 2046 ‚
1090 2002 1267 2051 propter
1290 1992 1474 2036 alterum
1501 1993 1619 2051 porci
1641 2008 1723 2037 no·

327 2064 479 2108 minati
502 2072 617 2106 sunt.
644 2065 752 2115 Quae
786 2071 931 2106 tamen
962 2064 1101 2107 omnis
1135 2063 1413 2107 immunditia
1445 2079 1588 2107 rerum
1611 2073 1722 2108 tem—

327 2134 541 2195 poralium
566 2133 800 2177 dilectione
830 2134 1102 2193 concipitur⁷
1141 2135 1183 2177 id
1217 2144 1301 2188 est,
1335 2134 1566 2178 dilectione
1590 2136 1720 2195 hujus

327 2205 502 2260 saeculi,
529 2205 597 2248 cui
617 2205 827 2263 jubemur
852 2205 1100 2248 renuntiare
1124 2214 1173 2248 ut
1200 2204 1353 2248 mundi
1376 2220 1464 2247 esse
1488 2206 1715 2264 possimus.

327 2278 412 2330 Qui
432 2292 535 2334 ergo
553 2274 768 2318 mundum
787 2284 830 2319 et
852 2275 1032 2334 simplex
1050 2291 1124 2320 cor
1146 2276 1307 2319 habere
1331 2275 1511 2334 appetit,
1535 2292 1623 2320 non
1646 2275 1720 2320 de-

325 2347 401 2390 bet
431 2347 510 2390 sibi
545 2361 642 2389 reus
671 2345 837 2400 videri,
872 2345 906 2389 si
940 2345 1105 2405 aliquid
1145 2344 1356 2399 occultat,
1395 2345 1517 2405 quod
1552 2345 1625 2389 ille
1647 2346 1718 2390 cui

327 2416 532 2471 occultat,
555 2431 708 2475 capere
730 2431 818 2459 non
836 2424 991 2475 potest.
1007 2417 1095 2459 Nec
1117 2431 1168 2458 ex
1188 2431 1238 2459 co
1256 2416 1558 2460 arbitrandum
1581 2425 1644 2460 est
1662 2415 1718 2460 li-

320 2502 415 2530 cere
443 2488 612 2530 mentiri
643 2506 651 2531 :
679 2502 767 2529 non
798 2486 913 2529 enim
938 2495 1002 2529 est
1022 2501 1292 2545 consequens
1311 2522 1321 2540 a
1346 2496 1395 2530 ut
1430 2502 1531 2530 cum
1561 2502 1716 2530 verum

318 2556 587 2609 occultatur,
621 2555 778 2600 falsum
802 2555 986 2599 dicatur.
1014 2555 1246 2614 Agendum
1279 2572 1381 2614 ergo
1407 2557 1597 2615 primum
1619 2565 1711 2612 est,

318 2635 367 2668 ut
391 2625 697 2683 impedimenta
719 2626 1004 2669 detrahantur
1021 2660 1030 2678 ,
1053 2625 1214 2685 quibus
1237 2626 1426 2670 efficitur
1448 2635 1497 2670 ut
1520 2642 1609 2671 nou
1633 2642 1709 2670 ca-
