1819 3301
336 279 420 318 274
769 295 801 319 s.
837 293 1068 320 AUGUSTINI
1103 294 1285 320 EPISCOPI

325 356 534 415 gaudium
552 373 642 402 non
663 358 822 402 dicitur
846 358 926 402 nisi
948 359 994 401 in
1013 358 1137 401 bonis
1151 393 1162 412 ‚
1188 358 1317 401 etiam
1338 359 1553 417 Propheta
1576 358 1726 418 loqui-

327 430 400 471 tur
421 462 432 482 ‚
458 426 604 472 dicens
625 447 633 472 :
657 446 676 469 «
694 429 790 472 Non
809 436 872 471 est
895 426 1085 485 gaudere
1107 428 1249 487 impiis
1265 463 1276 482 ‚
1294 427 1399 472 dicit
1428 428 1679 472 Dominus1.
1701 448 1721 469 n

325 500 392 542 Ita
414 513 591 558 quoque
615 498 752 557 posita
769 507 833 541 est
856 496 962 541 fides
981 533 992 551 ‚
1018 513 1109 542 non
1131 514 1427 559 quaecumque
1451 500 1628 560 utique,
1649 500 1729 543 sed

327 583 428 612 vera
450 567 557 612 fides
585 587 594 612 :
619 576 662 612 et
681 577 836 611 caetera
855 584 955 628 quae
976 567 1047 613 hic
1070 569 1207 628 posita
1227 579 1329 613 sunt
1348 604 1359 624 ‚
1398 569 1568 613 habent
1595 585 1727 629 quas-

323 638 424 682 dam
446 638 653 696 imagines
676 653 774 682 suas
797 638 843 682 in
866 637 991 682 malis
1025 639 1275 683 hominibus
1308 648 1352 683 et
1385 639 1692 699 deceptoribus
1716 660 1728 697 '⁷

325 717 376 751 ut
397 709 577 751 omnino
596 706 773 763 fallant,
800 708 884 752 nisi
902 709 1090 769 quisque
1109 710 1198 769 jam
1236 709 1454 753 mundum
1475 710 1653 754 oculum
1686 719 1730 754 et

325 776 566 836 simplicem
590 777 795 822 habuerit
814 813 826 833 ,
851 778 973 839 quod
990 779 1073 822 ista
1098 788 1347 836 cognoscat.
1372 780 1552 839 Optimo
1582 780 1730 839 itaque

326 846 478 891 ordine
499 847 641 907 primo
660 857 809 892 actum
830 858 894 892 est
915 848 971 892 de
1003 848 1263 894 mundando
1300 849 1430 895 oculo
1445 885 1456 906 ,
1497 859 1541 895 et
1571 848 1730 894 deinde

288 955 289 958 ,
327 916 445 963 dicta
468 927 571 963 sunt
592 934 694 979 quae
715 928 993 964 caverentur.

334 1099 750 1117 mmmmm
755 1101 894 1117 mm
898 1100 1727 1118 umwmvwwmmwmmmmwwmmmwwvw

830 1249 1045 1296 CAPUT
1082 1250 1238 1297 XXV.

400 1403 627 1445 LXXXII.
659 1402 743 1446 Sed
764 1404 971 1462 quoniam
990 1404 1188 1464 quamvis
1210 1405 1394 1464 quisque
1411 1403 1543 1448 oculo
1567 1403 1736 1449 mundo

343 1472 398 1515 sit
415 1507 426 1526 ,
446 1471 489 1514 id
512 1481 591 1526 est⁷
617 1471 801 1531 simplici
824 1483 866 1515 et
888 1474 1054 1518 sincero
1072 1475 1204 1518 eorde
1224 1476 1356 1529 vivat,
1383 1491 1469 1519 non
1495 1484 1638 1533 potest
1670 1484 1737 1518 ta-

346 1557 447 1585 men
467 1558 541 1586 cor
565 1541 742 1586 alterius
768 1542 929 1585 intueri
951 1562 959 1587 :
985 1559 1277 1603 quaecumque
1299 1546 1345 1587 in
1367 1544 1490 1587 factis
1513 1545 1582 1588 vel
1614 1544 1739 1589 dictis

345 1627 552 1671 apparere
570 1628 659 1656 non
682 1613 927 1671 potuerint,
946 1613 1262 1657 tentationibus
1278 1614 1549 1672 aperiuntur.
1577 1617 1739 1659 Tenta-

346 1682 406 1726 tio
443 1691 591 1726 autem
626 1681 787 1741 duplex
823 1692 916 1740 est3
942 1692 1018 1726 aut
1066 1683 1112 1726 in
1147 1699 1223 1742 spe
1255 1682 1519 1742 adipiscendi
1559 1683 1740 1744 aliquod

343 1753 625 1796 commodum
644 1752 884 1811 temporale
900 1788 910 1807 ,
941 1762 1016 1796 aut
1048 1753 1094 1796 in
1112 1762 1276 1797 terrore
1300 1753 1546 1797 amittendi.
1573 1757 1631 1799 Et
1651 1770 1740 1799 ma-

344 1823 460 1867 xime
482 1822 727 1867 cavendum
746 1833 836 1877 est,
862 1839 917 1866 ne
934 1823 1162 1867 tendentes
1183 1823 1237 1867 ad
1258 1824 1512 1882 sapientiam
1533 1859 1544 1878 ‚
1573 1840 1672 1883 quae
1694 1824 1740 1867 in

347 1892 439 1938 solo
460 1894 633 1938 Christo
656 1893 840 1937 inveniri
873 1902 1011 1950 potest
1028 1928 1039 1947 ‚
1059 1894 1105 1936 in
1126 1909 1215 1953 quo
1237 1903 1340 1937 sunt
1365 1909 1514 1937 omnes
1550 1894 1742 1937 thesauri

347 1966 569 2024 sapientiae
592 1974 635 2008 et
657 1964 848 2008 scientiae
867 1963 1107 2008 absconditi
1121 1968 1138 1990 ‘²
1166 1984 1174 2008 :
1197 1964 1440 2008 cavendum
1455 1980 1558 2022 ergo
1580 1974 1658 2019 est,
1685 1979 1745 2008 ne⁴

346 2038 439 2095 ipso
477 2036 639 2081 Christi
672 2036 849 2079 nomine
883 2035 938 2078 ab
978 2035 1190 2078 haereticis
1227 2034 1297 2078 vel
1333 2035 1606 2094 quibuslibet
1629 2035 1740 2080 male

347 2106 692 2166 intelligentibus
713 2115 756 2149 et
795 2104 941 2148 saeculi
981 2105 1109 2165 hujus
1143 2105 1412 2149 amatoribus
1451 2104 1735 2165 decipiamur.

312 2230 313 2234 Ἰ
346 2180 454 2222 Nam
476 2176 576 2221 ideo
600 2175 796 2236 sequitur
812 2210 823 2229 ,
844 2183 887 2218 et
904 2184 1053 2218 monet
1068 2210 1078 2229 ‚
1106 2174 1254 2218 dicens
1280 2194 1289 2219 :
1321 2194 1340 2216 «
1360 2178 1458 2219 Non
1489 2176 1630 2220 omnis
1662 2176 1740 2236 qui

348 2266 367 2289 »
389 2247 495 2291 dieit
507 2246 628 2300 mihi,
642 2246 841 2298 Domine,
853 2245 1054 2298 Domine,
1066 2244 1245 2288 intrabit
1257 2245 1302 2287 in
1316 2260 1496 2303 regnum
1505 2245 1737 2302 coelorum3

350 2336 370 2359 η
404 2316 481 2361 sed
503 2317 536 2361 is
571 2317 647 2376 qui
677 2315 781 2359 facit
806 2314 1078 2359 voluntatem
1118 2315 1255 2359 Patris
1292 2316 1405 2370 mei,
1442 2316 1586 2376 quiin
1619 2316 1740 2361 coelis

347 2407 365 2428 »
401 2397 480 2440 est,
505 2388 595 2446 ipse
622 2386 802 2429 intrabit
819 2385 864 2428 in
888 2399 1071 2443 regnum
1100 2384 1339 2428 coelorum³
1364 2402 1372 2426 ε
1404 2404 1422 2427 »
1449 2402 1503 2429 ne
1529 2397 1734 2445 putemus

346 2456 400 2502 ad
422 2457 518 2501 illos
533 2457 698 2500 fructus
712 2457 801 2515 jam
818 2455 1049 2514 pertinere,
1067 2455 1099 2498 si
1118 2455 1215 2513 quis
1231 2457 1417 2499 Domino
1436 2466 1583 2501 nostro
1601 2456 1734 2511 dicat,

349 2546 369 2567 «
408 2528 614 2581 Domine,
646 2526 850 2581 Domine3
880 2544 896 2565 »
923 2535 965 2568 et
987 2541 1037 2568 ex
1060 2540 1111 2568 eo
1136 2525 1260 2568 nobis
1296 2527 1426 2574 arbor
1449 2527 1563 2570 bona
1586 2526 1736 2570 videa-

398 2634 401 2646 ¹
426 2628 435 2655 1
464 2628 491 2656 ιῑ.
517 2637 589 2658 ivi,
617 2636 634 2656 Ἀ
663 2651 669 2663 ,
688 2626 775 2664 juxta
795 2637 862 2655 t«.
908 2642 926 2646 -
949 2632 959 2645 >⁵
981 2624 1083 2655 Colos.
1109 2635 1141 2663 ¹¹3
1165 2624 1192 2653 3.
1218 2643 1253 2646 ψ
1279 2624 1419 2656 *lauh
1444 2634 1579 2665 v11‚21.
