1819 3301
397 314 535 342 sEnMo
567 314 721 341 noth
757 314 816 339 nv·
834 312 980 339 morsm:
996 328 1006 348 ,
1043 311 1124 336 Lm.
1161 311 1190 335 ῐ.
1399 297 1482 336 203

101 379 294 424 haeredes
316 379 474 424 Christi
496 393 585 422 esse
606 377 857 436 possimus¹.
886 375 984 419 Filii
1003 388 1103 431 ergo
1127 373 1340 417 efficimur
1363 387 1484 430 rege-

102 450 325 497 neratione
354 447 559 506 spiritali,
585 457 626 490 et
659 447 918 505 adoptamur
950 445 995 488 in
1029 459 1208 501 regnum
1249 443 1353 495 Dei,
1395 457 1485 485 non

103 530 307 579 tanquam
333 517 482 570 alieni,
507 516 580 560 sed
605 526 811 575 tanquam
844 517 898 558 ab
930 515 1005 559 illo
1042 515 1146 559 facti
1181 522 1224 556 et
1245 512 1377 555 creati
1404 530 1412 555 :
1438 520 1487 555 ut

103 605 240 634 unum
264 589 317 633 sit
339 588 621 640 beneficium,
642 603 734 646 quo
757 602 833 630 nos
862 585 965 629 fecit
987 601 1076 629 esse
1104 600 1181 643 per
1209 583 1486 641 omnipoten-

104 662 206 706 tiam
235 674 353 702 suam
372 693 383 712 ,
408 673 506 701 cum
542 665 641 700 aute
672 656 780 699 nihil
801 671 1008 709 essemus,
1036 655 1218 698 alterum
1243 668 1330 713 quo
1354 652 1489 708 adop-

105 730 242 783 tavit,
277 737 328 772 ut
356 743 451 771 cum
480 742 531 770 eo
560 735 767 785 tanquam
801 725 877 769 filii
912 726 998 769 vita
1032 733 1194 768 aeterna
1231 739 1309 782 pro
1343 732 1489 767 nostra

104 798 432 859 participatione
456 797 881 855 frueremur.ltaque
902 811 989 839 non
1011 796 1092 839 ait:
1115 794 1262 838 Facite
1279 794 1489 853 ista,quia

107 869 205 913 estis
228 868 303 912 filii
327 889 337 924 3
362 867 460 921 sed,
490 868 635 910 Facite
658 867 737 910 ista
756 901 765 919 ‚
787 875 835 910 ut
856 866 945 909 sitis
965 865 1057 908 filii.

165 940 363 981 LXXIX.
391 940 503 982 Cum
526 946 669 980 autem
699 934 753 979 ad
775 936 859 979 hoc
877 950 953 979 nos
976 943 1100 978 vocat
1123 948 1199 992 per
1215 933 1357 991 ipsum
1381 933 1490 977 Uni·
1533 984 1538 989 ,

107 1008 326 1067 genitum,
363 1007 417 1050 ad
450 1005 778 1050 similitudinem
807 1020 927 1049 suam
961 1019 1042 1048 nos
1072 1012 1212 1047 vocat,
1241 1003 1318 1046 Ille
1344 1003 1458 1046 enim
1476 1037 1486 1057 ‚

106 1079 216 1122 sicut
241 1087 555 1137 consequenter
582 1076 687 1120 dicit
716 1095 723 1120 ε
752 1095 772 1118 (ι
793 1075 935 1120 Solem
960 1090 1086 1118 suum
1111 1074 1213 1118 oriri
1238 1072 1339 1117 facit
1363 1088 1491 1132 super

112 1168 131 1190 »
168 1151 303 1194 bonos
317 1158 359 1192 et
377 1148 510 1192 malos
524 1184 534 1202 ,
554 1157 596 1190 et
614 1147 726 1206 pluit
741 1162 868 1205 super
885 1147 1024 1205 justos
1046 1154 1088 1188 et
1108 1146 1288 1203 injustos
1306 1146 1338 1187 ‘².
1357 1162 1376 1185 n
1396 1144 1492 1188 Sive

106 1219 238 1264 solem
260 1234 384 1262 suum
417 1233 506 1262 non
530 1218 659 1261 istum
687 1217 852 1260 carneis
878 1214 1015 1259 oculis
1038 1213 1252 1258 visibilem
1276 1214 1460 1271 accipias
1478 1248 1488 1268 ‚

107 1288 182 1333 sed
211 1288 326 1333 illam
349 1287 625 1348 sapientiam,
648 1285 702 1329 de
729 1302 813 1345 qua
835 1285 995 1348 dicitur
1017 1304 1025 1328 z
1053 1284 1264 1328 «Candor
1288 1292 1351 1327 est
1375 1283 1491 1326 enim

112 1378 131 1400 »
167 1358 273 1402 lucis
296 1359 521 1402 aeternae³z
545 1375 562 1397 η
585 1356 639 1400 de
664 1372 748 1416 qua
768 1356 869 1399 item
903 1354 1061 1399 dicitur
1080 1373 1088 1398 :
1108 1355 1273 1399 «Ortus
1298 1363 1360 1397 est
1386 1353 1492 1397 mihi

110 1447 130 1469 »
162 1428 340 1488 justitiae
366 1426 438 1472 Sol
464 1446 471 1471 ε
506 1445 524 1467 »
556 1436 599 1471 et
623 1426 802 1479 iterum,
832 1444 851 1467 «
885 1425 1016 1468 Vobis
1053 1433 1196 1468 autem
1231 1425 1307 1482 qui
1335 1423 1492 1467 timetis

111 1517 130 1539 »
166 1514 325 1542 nomen
347 1497 530 1552 Domini,
547 1497 709 1540 orietur
725 1495 982 1555 Soljustitiae
997 1496 1012 1521 4
1032 1514 1039 1538 ;
1056 1512 1074 1534 n
1092 1502 1141 1537 ut
1155 1493 1284 1537 etiam
1298 1493 1492 1552 pluviam

109 1569 290 1627 accipias
326 1568 617 1625 irrigationem
660 1563 871 1610 doctrinae
901 1566 1118 1619 veritatis,
1159 1565 1261 1623 quia
1298 1564 1424 1607 bonis
1451 1573 1494 1608 et

109 1639 232 1683 malis
253 1639 477 1698 apparuit,
505 1648 548 1681 et
568 1638 693 1681 honis
715 1648 757 1681 et
778 1637 898 1680 malis
927 1636 1243 1694 evangelizatus
1268 1635 1493 1679 estChris-

110 1719 194 1753 tus.
217 1711 310 1754 Sive
325 1710 454 1753 istum
474 1708 606 1752 solem
624 1708 757 1751 mavis
773 1708 964 1767 accipere
981 1722 1069 1750 non
1084 1705 1225 1749 solum
1244 1705 1492 1759 hominum,

111 1780 185 1823 sed
204 1780 331 1823 etiam
360 1794 565 1838 pecorum
590 1778 805 1836 corporeis
827 1776 960 1821 oculis
980 1776 1252 1835 propalatum
1272 1796 1283 1832 3
1306 1784 1349 1819 et
1369 1776 1495 1819 istam

111 1850 303 1910 pluviam
327 1866 410 1909 qua
434 1849 602 1893 fructus
625 1849 886 1907 gignuntur,
909 1848 984 1907 qui
1008 1847 1062 1891 ad
1091 1845 1372 1890 refectionem
1396 1861 1494 1890 cor-

111 1920 226 1980 poris
243 1919 331 1963 dati
353 1929 454 1963 sunt
473 1939 481 1964 :
502 1918 621 1978 quod
636 1917 899 1977 probabilius
915 1916 1099 1975 intelligi
1118 1917 1311 1960 existimo
1331 1935 1339 1960 :
1358 1925 1408 1960 ut
1424 1915 1497 1960 ille

112 1990 176 2036 sol
200 1990 398 2050 spiritalis
431 2006 520 2035 non
545 1990 729 2042 oriatur,
758 1988 837 2032 nisi
863 1989 985 2032 bonis
1016 1997 1057 2031 et
1082 1987 1265 2044 sanctis,
1287 1987 1388 2046 quia
1414 1988 1496 2031 hoc

114 2061 253 2120 ipsum
273 2070 358 2113 est,
383 2059 502 2119 quod
519 2059 734 2119 plangunt
750 2057 887 2118 iniqui
904 2058 949 2101 in
968 2057 1043 2101 illo
1058 2057 1170 2101 libro
1186 2092 1196 2111 ,
1220 2058 1296 2116 qui
1317 2057 1498 2115 Sapien-

114 2133 172 2175 tia
195 2131 433 2174 Salomonis
453 2130 727 2173 inscribitur:
751 2148 769 2170 «
792 2132 847 2172 Et
861 2128 924 2172 sol
941 2144 1024 2172 non
1054 2137 1173 2171 ortus
1191 2138 1254 2171 est
1273 2128 1423 2171 nobis⁵
1446 2146 1454 2172 z
1475 2145 1495 2168 »

116 2210 158 2244 et
180 2200 253 2243 illa
276 2199 420 2258 pluvia
447 2199 644 2257 spiritalis
671 2214 758 2242 non
782 2198 927 2256 irriget
954 2198 1034 2240 nisi
1056 2198 1219 2253 bonos,
1241 2197 1342 2256 quia
1366 2196 1501 2240 malos

116 2270 372 2329 significavit
396 2270 541 2323 vinea,
576 2268 629 2312 de
654 2286 738 2328 qua
778 2268 944 2312 dictum
979 2278 1040 2311 cst
1063 2288 1070 2311 :
1095 2287 1113 2308 «
1130 2266 1349 2311 Mandabo
1373 2267 1504 2310 nubi-

120 2359 139 2381 »
176 2341 255 2382 bus
271 2340 375 2382 meis
394 2336 621 2397 n‘e'pluant
636 2354 764 2397 super
777 2354 870 2381 eam
886 2341 948 2381 ⁶.»
969 2337 1051 2381 Sed
1068 2338 1153 2380 sive
1167 2338 1265 2390 hoc,
1287 2338 1373 2380 sive
1392 2336 1504 2380 illud

118 2408 357 2465 intelligas,
390 2423 543 2465 magna
574 2410 647 2451 Dei
680 2408 872 2452 bonitate
900 2409 975 2461 fit,
1013 2423 1111 2466 quae
1147 2407 1269 2449 nobis
1296 2405 1506 2449 imitanda

117 2479 388 2537 praecipitur,
425 2478 458 2521 si
500 2477 575 2521 filii
612 2478 686 2521 Dei
737 2493 825 2521 esse
861 2476 1079 2521 volumus.
1126 2479 1350 2528 Quantum
1384 2475 1500 2518 enim

164 2581 172 2596 ¹
196 2576 286 2606 Rom.
313 2585 390 2614 viu,
414 2585 465 2615 17,
492 2578 524 2604 et
541 2573 609 2605 Gal.
630 2584 674 2613 tv,
699 2573 729 2604 5.
751 2589 792 2594 -
812 2580 823 2594 ¹
846 2572 966 2604 Matth.
988 2583 1020 2610 v,
1041 2571 1096 2613 45.
1118 2588 1160 2595 --
1180 2569 1192 2593 3
1215 2573 1290 2613 Sap.
1314 2581 1366 2611 vn,
1387 2570 1443 2603 26.
1464 2585 1505 2593 -

116 2627 130 2656 4
145 2629 373 2665 Malac.1v‚‘2.
396 2645 436 2649 —
452 2626 549 2669 5Sap.
572 2638 602 2666 v,
624 2629 656 2658 6.
678 2625 748 2649 -6
767 2629 837 2658 lsai.
856 2638 892 2666 v,
912 2627 945 2657 6.
