1819 3301
426 292 565 331 sumno
597 291 754 320 nomm
786 292 832 318 m
864 291 1039 328 MONTE,
1075 291 1157 317 Lm.
1194 291 1240 316 11.
1431 280 1514 318 235

133 362 291 414 potus,
334 369 433 398 cum
468 354 591 400 nullo
631 354 781 400 labore
817 353 1065 414 disputandi
1103 361 1145 396 et
1177 353 1514 408 sermocinandi,

134 424 256 484 quasi
290 423 520 482 frangendi
556 434 686 484 atque
721 424 991 478 mandendi,
1030 439 1139 482 opus
1171 424 1276 477 erit,
1318 422 1393 465 sed
1427 424 1518 468 solo

134 495 293 538 haustu
320 492 496 538 sincerae
526 503 568 539 et
601 495 841 553 perspicuae
868 494 1074 538 veritatis.
1103 496 1158 537 Et
1190 502 1367 552 peccata
1401 508 1518 538 nunc

133 564 259 608 nobis
282 564 586 619 dimittuntur,
612 574 655 608 et
673 581 790 609 nunc
815 564 1073 608 dimittimus
1090 584 1100 620 3
1117 580 1214 623 quae
1238 564 1392 606 harum
1415 579 1518 623 ‹tnta-

133 644 234 679 tuor
262 635 524 695 reliquarum
554 635 742 679 secunda
772 636 923 694 petitio
955 645 1016 679 est
1049 655 1056 679 :
1084 645 1188 679 tunc
1220 643 1365 678 autem
1399 633 1517 679 nulla

133 706 212 749 erit
234 706 356 749 venia
379 715 683 765 peccatorum3
709 706 808 765 quia
832 705 952 749 nulla
975 714 1163 764 peccata.
1186 709 1241 749 Et
1259 704 1518 749 tentationes

133 776 414 834 temporalem
431 776 555 820 istam
578 777 708 820 vitam
731 776 962 820 infestant:
982 791 1070 819 non
1088 787 1233 818 autem
1255 784 1398 830 erunt,
1416 791 1517 819 curn

131 844 373 905 perfectum
397 846 476 890 erit
494 845 613 906 quod
633 845 798 890 dictum
821 855 884 889 est
907 865 914 890 :
945 865 963 887 «
990 844 1241 890 Abscondes
1263 861 1334 889 eos
1356 845 1401 888 in
1424 845 1516 889 abs-

135 934 154 957 »
190 917 367 961 condito
390 917 536 962 vultus
561 918 666 961 tui1.
697 935 716 958 n
742 920 799 960 Et
822 916 984 960 malurn
1006 952 1017 972 ‚
1048 933 1070 960 a
1094 933 1181 975 quo
1202 916 1372 960 liberari
1391 926 1516 973 opta-

132 1000 248 1041 mus,
273 996 315 1031 et
332 987 422 1046 ipsa
445 987 643 1031 liberatio
661 1004 684 1032 a
707 987 823 1031 malo
845 986 897 1030 ad
922 988 1034 1030 hane
1051 987 1203 1046 utique
1225 987 1356 1031 vitam
1380 986 1515 1045 perti—

132 1065 233 1112 net,
259 1073 390 1118 quam
414 1067 458 1102 et
486 1058 650 1118 justitia
681 1057 758 1102 Dei
789 1058 1016 1102 mortalem
1045 1058 1308 1112 meruimus,
1333 1065 1376 1101 et
1398 1057 1516 1101 unde

132 1128 264 1186 ipsius
281 1127 574 1174 misericordia
595 1129 845 1173 liberamur.
1547 1121 1550 1124 ⁴

131 1306 1514 1323 ΜΜΜΜΜΜΜΜΝΝΜΜΜΜΛΛΜΛΑΜΜΜΜΜΜΛΝΜᾸΜΜΜΛΛΜ

654 1450 870 1502 CAPUT
907 1455 994 1501 XI.

188 1618 439 1660 XXXVIII.
466 1619 667 1662 Vmwrun
690 1618 818 1661 etiam
842 1618 945 1661 mihi
963 1617 1229 1677 septenarius
1250 1617 1330 1660 iste
1354 1632 1511 1660 nume-

130 1701 202 1730 rus
224 1686 376 1730 harum
403 1687 663 1744 petitionum
691 1703 931 1745 congruere
956 1687 1017 1730 illi
1034 1687 1275 1745 septenario
1298 1702 1481 1730 numero
1497 1721 1507 1741 ,

130 1771 181 1798 ex
210 1771 298 1816 quo
320 1764 436 1800 totus
454 1756 533 1800 iste
560 1772 699 1800 sermo
720 1757 926 1801 manavit.
955 1757 997 1801 Si
1020 1757 1134 1799 enim
1158 1757 1287 1799 timor
1310 1756 1386 1799 Dei
1419 1765 1508 1810 est,

128 1841 218 1885 quo
251 1827 362 1869 beati
393 1835 495 1869 sunt
524 1841 734 1885 pauperes
772 1826 948 1882 spiritu,
989 1826 1195 1885 quoniam
1218 1827 1410 1884 ipsorum
1448 1835 1512 1869 est

129 1911 308 1954 regnum
324 1896 562 1941 coelorum²
583 1906 803 1956 :petamus
820 1907 867 1940 ut
881 1898 1172 1941 sanctificetur
1194 1898 1238 1939 in
1262 1896 1511 1940 hominibus

129 1983 288 2011 nomen
317 1968 417 2023 Dei,
447 1969 601 2011 timore
635 1977 752 2011 casto
783 1977 1064 2026 permanente
1084 1968 1128 2011 in
1151 1967 1306 2011 saecula
1328 1967 1511 2011 saeculo-

128 2052 225 2080 rum
241 2039 272 2079 3.
301 2037 342 2082 Si
362 2038 496 2096 pietas
526 2046 614 2092 est,
641 2054 727 2097 qua
751 2038 867 2081 beati
894 2047 995 2081 sunt
1022 2038 1176 2091 mites,
1203 2038 1410 2096 quoniam
1430 2038 1510 2096 ipsi

127 2107 380 2151 haereditate
402 2108 688 2167 possidebunt
719 2117 905 2153 terram:
933 2118 1128 2168 petamus
1150 2118 1199 2151 ut
1231 2109 1374 2151 veniat
1411 2123 1508 2165 reg-

128 2192 234 2220 num
257 2178 346 2235 ejus
362 2212 373 2232 ‚
402 2178 549 2222 sivein
572 2193 650 2222 nos
672 2178 809 2237 ipsos,
835 2187 884 2222 ut
906 2179 1195 2232 mitescamus,
1223 2193 1301 2221 nec
1323 2178 1360 2220 ei
1384 2178 1510 2221 resis-

131 2255 297 2304 tamus3
330 2247 419 2291 sive
447 2246 501 2290 de
528 2247 640 2292 coelo
662 2249 707 2291 in
735 2258 869 2292 terras
890 2250 934 2292 in
972 2248 1166 2292 claritate
1188 2248 1398 2292 adventus
1422 2251 1510 2292 Do-

127 2317 259 2369 mini,
279 2333 368 2376 quo
390 2333 479 2362 non
500 2318 803 2375 gaudebimus,
824 2330 866 2363 ct
888 2319 1166 2362 laudabimur
1181 2354 1191 2372 ‚
1217 2317 1390 2362 dicente
1408 2318 1506 2363 illo:

132 2407 151 2429 «
186 2388 365 2442 Venite,
402 2388 620 2432 benedicti
649 2391 784 2434 Patris
805 2390 919 2443 mei,
946 2390 1126 2448 accipite
1152 2403 1335 2446 regnum
1354 2423 1364 2442 ‚
1390 2387 1511 2448 quod

129 2475 149 2498 »
184 2457 305 2501 vobis
328 2467 526 2516 paratum
544 2468 608 2503 est
629 2459 684 2503 ab
702 2460 867 2519 origine
889 2459 1042 2502 mundi
1059 2460 1089 2501 4.
1119 2462 1167 2502 In
1187 2459 1372 2502 Domino
1395 2459 1509 2502 enim

174 2558 183 2574 ¹
212 2551 292 2583 Psat.
321 2563 396 2592 xxx,
429 2560 481 2584 21.
509 2570 551 2575 ——-
579 2561 591 2575 ²
617 2554 735 2585 Mauh.
762 2565 793 2590 v,
817 2554 847 2586 3.
872 2569 911 2575 —-
943 2552 956 2575 3
975 2553 1054 2584 Psal.
1090 2564 1183 2593 xvm,
1207 2563 1256 2584 ιο,
1278 2570 1314 2575 -
1337 2551 1353 2577 A
1385 2554 1507 2585 Matth.

126 2617 203 2647 xxv,
225 2606 281 2648 34.
