1819 3301
328 277 613 314 QUAEsTIONUM
645 274 1012 313 EvANGELmRUM,
1048 275 1130 301 Lm.
1167 277 1197 301 1.
1367 265 1451 304 285

151 344 355 386 XXXIV.

178 483 357 526 XXXV.

153 553 359 594 XXXVI.

134 693 361 736 XXXVII.

103 835 354 878 XXXVIII.

154 977 362 1019 XXXIX.

268 1118 361 1160 XL.

243 1189 362 1230 XLI.

226 1259 364 1300 XLII.

196 1329 359 1371 XLIII.

205 1400 362 1442 XLIV.

228 1542 360 1583 XLV.

206 1611 364 1653 XLVI.

186 1751 367 1792 XLVII.

170 1821 372 1864 XLVIII.

210 1961 368 2003 XLIX.

323 2033 373 2074 L.

295 2173 367 2214 LI.

420 343 549 395 Quod
571 342 652 385 ait:
669 340 721 385 F
719 340 842 384 abite
862 338 996 384 vobis
1014 339 1196 384 amicos
1219 337 1278 383 cle
1300 356 1453 384 mam-

484 427 628 455 mona
660 410 941 469 iniquitatis.

422 481 550 534 Quod
568 482 626 524 ait
644 500 652 525 :
669 481 724 526 Si
738 482 786 524 in
808 479 967 525 alieno
969 478 1145 541 fideles
1167 478 1262 524 non
1264 479 1452 542 fuistis.

424 549 551 604 Quod
578 551 636 594 ait
657 569 666 595 ε
691 550 852 597 Nemo
870 560 1027 610 potest
1050 548 1231 595 (luobus
1254 549 1457 595 dominis

486 621 676 666 servire.

426 691 556 745 Quod
587 691 646 736 ait
672 711 680 736 :
706 691 927 754 Regnum
957 690 1186 736 coeloram
1206 691 1302 735 vim
1325 693 1458 752 pati-

489 772 578 806 tur.
623 810 628 814 ,

421 834 481 877 De
509 833 642 877 divite
664 833 719 877 ad
741 834 864 893 cujus
880 833 1058 893 januam
1075 833 1247 893 jacebat
1275 835 1460 876 Lazarus

486 903 721 949 ulcerosus.
1016 959 1019 961 .

427 976 555 1029 Quod
572 975 777 1019 dixerunt
793 974 997 1035 Discipuli
1020 974 1206 1020 Domino
1228 972 1461 1035 :Aclccuge

488 1043 802 1106 nobisfidem.

426 1119 488 1160 De
505 1115 656 1160 decem
679 1115 872 1175 leprosis.

428 1189 489 1230 De
504 1186 579 1230 illo
596 1186 672 1246 qui
690 1186 735 1229 in
753 1195 867 1230 tecto
885 1194 964 1241 est,
977 1195 1019 1229 et
1031 1201 1130 1230 vasa
1144 1189 1235 1246 ejus
1252 1185 1297 1229 in
1314 1185 1459 1229 domo.

429 1259 490 1300 De
507 1256 582 1300 illo
600 1258 675 1316 qui
696 1256 742 1299 in
765 1272 867 1315 agro
887 1265 965 1312 est,
984 1265 1032 1300 ut
1050 1272 1139 1300 non
1161 1255 1309 1300 redeat
1330 1264 1460 1299 retro.

425 1330 487 1371 De
509 1344 642 1372 uxore
664 1328 792 1371 Loth.

428 1401 489 1442 De
521 1398 693 1442 duobus
728 1398 772 1441 in
794 1397 907 1442 lecto
931 1406 973 1441 et
1001 1397 1170 1441 duabus
1202 1396 1464 1441 molentibus

492 1478 535 1513 et
552 1470 724 1513 duobus
746 1470 790 1512 in
814 1485 932 1528 agro.

427 1543 488 1583 De
505 1539 652 1599 judice
674 1541 825 1599 iniquo
841 1554 973 1599 quem
987 1538 1119 1582 vidua
1141 1538 1460 1598 interpellabat.

429 1612 492 1654 De
506 1609 682 1653 homine
696 1608 833 1653 nobili
853 1609 929 1668 qui
947 1609 1053 1653 abiit
1069 1610 1112 1652 in
1125 1609 1346 1667 regionem
1365 1608 1465 1653 lon-

493 1679 698 1739 ginquam
723 1679 912 1738 accipere
930 1679 1010 1722 sibi
1033 1695 1227 1736 regnum.

433 1751 495 1792 De
520 1748 684 1793 camelo
706 1765 782 1809 per
805 1748 999 1793 foramen
1023 1765 1138 1793 acus.

438 1823 499 1863 De
521 1836 636 1864 caeco
658 1819 904 1864 illuminato
930 1836 1030 1864 cum
1054 1819 1365 1879 propinquaret
1391 1821 1466 1863 Je-

498 1890 633 1934 richo.

432 1962 495 2004 De
516 1960 604 2004 vita
630 1963 885 2005 Sanctorum
907 1975 1004 2003 cum
1023 1959 1346 2003 resurrexerint.

438 2031 567 2084 Quod
597 2031 655 2074 ait
681 2050 690 2075 :
727 2030 876 2076 Orate
883 2067 899 2086 ,
925 2047 984 2075 ne
1013 2030 1196 2074 intretis
1234 2031 1282 2074 in
1311 2038 1467 2073 tenta-

500 2102 688 2145 tionem.

434 2172 563 2224 Quod
591 2171 800 2231 scriptum
823 2180 886 2216 est
908 2171 962 2215 de
979 2171 1165 2216 Domino
1192 2189 1201 2216 ι
1229 2169 1281 2214 F
1279 2170 1403 2214 inxit
1423 2184 1472 2214 se

504 2241 687 2303 longius
710 2243 793 2287 ire.
