1819 3301
391 270 473 308 136
822 281 854 309 s.
894 283 1121 312 AUGUSTINJ
1159 285 1336 311 zmscorl

386 346 600 392 habentes
630 348 856 392 inflantem
880 349 1094 408 spiritum.
1121 351 1209 394 Nec
1231 349 1407 394 aliunde
1427 351 1619 411 incipere
1641 369 1773 414 opor-

385 417 470 462 tuit
493 417 809 462 beatitudinem
830 439 841 475 3
865 418 1078 478 siquidem
1102 430 1363 478 perventura
1396 431 1459 466 est
1482 422 1536 466 ad
1559 439 1774 471 summam

384 489 638 548 sapientiam
665 508 672 532 ε
703 507 722 530 «
749 488 928 532 Initium
948 499 1092 533 autem
1112 491 1330 550 sapientiae
1349 493 1477 537 timor
1500 495 1672 538 Domini
1691 498 1702 520 ¹
1725 515 1768 541 :»

382 559 590 619 quoniam
610 568 651 602 ct
675 574 697 602 e
720 560 936 604 contrario
951 595 961 615 3
983 561 1194 605 «Initium
1219 563 1358 607 omnis
1380 565 1545 622 peccati
1569 566 1771 624 superbia

385 649 406 672 »
442 630 692 674 inscribitur
705 633 738 673 ².
768 648 787 670 υ
817 630 1001 690 Superbi
1024 647 1127 691 ergo
1151 642 1359 692 appetant
1376 643 1420 678 et
1436 633 1617 692 diligant
1639 652 1771 695 regna

380 711 593 745 terrarum
616 720 624 745 :
646 720 666 743 «
690 702 808 746 Beati
827 711 971 746 autem
994 719 1203 763 pauperes
1225 705 1378 765 spiritu
1395 727 1406 764 3
1426 707 1635 766 quoniam
1656 708 1770 768 ipso-

384 790 404 813 »
440 787 538 816 rum
555 782 620 818 est
642 787 824 832 regnum
847 773 1077 820 coelorum.
1109 794 1129 817 »

381 952 1766 975 {mmmmufflwmvwwwwmmwwmwvvmmmmmmmm

913 1095 1127 1147 CAPUT
1162 1101 1225 1146 H.

442 1283 462 1306 t(
486 1265 620 1307 Bam
651 1259 803 1314 mites3
835 1256 1043 1315 quoniam
1078 1256 1157 1314 ipsi
1189 1255 1443 1301 haereditate
1484 1257 1768 1316 possidebunt

383 1356 402 1378 »
438 1332 624 1379 terram3
652 1349 661 1373 t
690 1347 709 1369 »
731 1327 848 1371 illam
872 1325 1002 1370 credo
1026 1335 1206 1381 terram,
1225 1327 1279 1369 de
1300 1326 1449 1386 quain
1472 1327 1641 1372 Psalmo
1658 1328 1767 1372 diei-

336 1430 338 1432 >
376 1417 447 1451 tur
467 1424 476 1449 :
506 1422 526 1445 «
549 1404 652 1460 Spes
673 1414 769 1443 mea
792 1413 835 1441 es
859 1406 928 1449 tu,
950 1397 1091 1456 portio
1115 1412 1209 1439 mea
1231 1397 1275 1439 in
1298 1406 1411 1441 terra
1432 1397 1714 1442 viventium4.
1743 1417 1763 1440 »
1818 1426 1819 1430 =

382 1474 605 1534 Significat
627 1471 743 1515 enim
766 1467 1001 1528 quamdam
1023 1466 1283 1512 soliditatem
1306 1477 1348 1511 et
1371 1469 1649 1514 stabilitatem
1673 1471 1767 1514 hae-

378 1546 571 1592 reditatis
594 1550 816 1603 perpetuae
831 1576 846 1595 ,
864 1539 941 1583 ubi
959 1539 1101 1583 anima
1123 1554 1200 1598 per
1222 1540 1389 1583 bonum
1408 1540 1615 1585 affectum
1634 1577 1644 1597 9
1670 1550 1768 1600 tan,

378 1633 511 1680 quam
532 1616 629 1659 loco
658 1628 736 1656 suo
759 1611 1014 1670 requiescit,
1052 1609 1164 1653 sicut
1186 1624 1342 1669 corpus
1365 1610 1411 1653 in
1432 1619 1546 1655 terra
1566 1632 1576 1668 3
1600 1621 1644 1656 et
1664 1612 1767 1657 inde

377 1691 474 1737 cibo
495 1702 572 1731 suo
606 1684 756 1737 alitur,
781 1683 892 1726 sicut
913 1695 1068 1739 corpus
1088 1695 1139 1723 ex
1160 1689 1273 1724 terra
1301 1700 1310 1725 :
1340 1681 1432 1740 ipsa
1454 1691 1517 1726 est
1533 1682 1703 1742 requies
1725 1692 1769 1728 et

375 1763 464 1808 vita
488 1765 753 1803 sanctorum.
778 1753 905 1796 Mites
933 1760 1080 1794 autem
1108 1762 1206 1794 sunt
1228 1751 1303 1811 qui
1326 1751 1489 1796 cedunt
1510 1753 1768 1812 improbita-
1817 1802 1819 1815 ἑ

373 1833 516 1886 tibus,
543 1839 586 1872 et
617 1841 708 1874 non
740 1823 946 1867 resistunt
973 1821 1110 1876 ma10‚
1144 1822 1220 1865 sed
1246 1821 1430 1866 vincunt
1461 1823 1507 1866 in
1529 1823 1647 1868 bono
1669 1839 1765 1869 rna-
1817 1867 1819 1872 ,

375 1905 470 1949 lum
485 1904 514 1945 ⁵.
542 1900 757 1944 Rixentur
779 1910 881 1953 ergo
899 1893 1085 1937 immites
1101 1927 1111 1947 ,
1133 1901 1176 1936 et
1197 1891 1406 1943 dimicent
1423 1909 1502 1952 pro
1524 1895 1704 1939 terrenis
1723 1906 1766 1941 et
1818 1953 1819 1957 Ἰ

374 1971 687 2034 temporalibus
709 1968 836 2012 rebus
863 1986 871 2011 ε
902 1985 922 2007 «
948 1965 1068 2008 Beati
1101 1973 1246 2008 autem
1269 1965 1394 2008 mites
1415 1987 1425 2023 3
1450 1967 1659 2026 quoniam
1681 1967 1763 2026 ipsi

374 2067 395 2090 »
431 2043 684 2090 haereditate
720 2036 1007 2099 possidebunt
1039 2044 1198 2079 terram
1217 2070 1227 2090 ‚
1266 2053 1286 2076 »
1324 2035 1378 2079 de
1414 2052 1500 2096 qua
1533 2035 1637 2095 pelli
1674 2053 1764 2083 non

373 2118 553 2180 possint.

431 2193 484 2233 V.
523 2207 544 2230 «
576 2185 695 2230 Beati
721 2184 918 2242 lugentes
939 2202 950 2239 3
975 2179 1180 2240 quoniam
1211 2179 1289 2237 ipsi
1318 2177 1710 2224 consolabunturss.
1735 2198 1757 2223 »

368 2266 533 2306 Luctus
549 2266 611 2302 est
628 2254 795 2300 tristitia
813 2253 867 2297 de
886 2251 1111 2296 amissione
1129 2250 1359 2293 charorum
1379 2250 1592 2294 :conversi
1611 2259 1759 2296 autem

367 2331 424 2376 ad
445 2334 607 2382 Deum,
633 2342 681 2369 ea
704 2340 802 2385 quae
826 2324 871 2366 in
903 2323 987 2365 hoc
1014 2318 1180 2364 mundo
1198 2320 1326 2363 chara
1348 2319 1726 2378 amplectebantur
1744 2357 1755 2377 ‚

367 2402 575 2445 amittunt
595 2417 604 2442 z
635 2411 723 2440 non
746 2395 859 2438 enim
885 2391 1077 2451 gaudent
1099 2391 1162 2433 his
1186 2389 1314 2433 rebus
1340 2390 1499 2449 quibus
1527 2399 1628 2434 ante
1652 2407 1757 2450 gau-

363 2471 528 2515 debant
550 2490 558 2514 ε
579 2478 621 2512 ct
644 2468 783 2511 donec
807 2466 881 2508 fiat
911 2462 1055 2507 inillis
1077 2477 1196 2506 amor
1218 2470 1482 2505 mter-norum
1498 2496 1508 2516 ,
1535 2462 1750 2507 nonnulla

411 2578 533 2610 ¹11cwtli.
555 2588 621 2618 xxi,
651 2576 700 2607 10.
723 2591 763 2596 -
784 2573 859 2604 21‹l.
880 2583 912 2613 x,
935 2572 984 2603 15.
1005 2589 1045 2593 —
1068 2569 1080 2593 3
1102 2571 1217 2601 Mzittli.
1241 2568 1329 2612 v,‘5‘?!4.
1359 2568 1433 2600 ——4
1458 2570 1539 2603 Psal.
1560 2581 1641 2612 cui,
1657 2570 1690 2602 6.
1713 2587 1754 2594 ·—

370 2631 385 2656 5
400 2635 489 2664 Rom.
507 2644 561 2671 xii,
582 2642 634 2664 Ἅι.
656 2649 696 2652 -
713 2628 727 2649 ‘³
743 2628 861 2659 Manli.
882 2639 914 2668 v,
941 2630 970 2657 Γ).
