1819 3301
412 276 550 305 SERMO
582 277 739 304 nomm
771 277 817 303 m
849 276 1025 313 MONTE,
1062 276 1143 301 Lm.
1182 277 1211 301 1.
1416 265 1497 305 175

116 356 248 401 quem
279 350 407 401 cogat
431 357 539 386 uxor
567 342 805 386 sacrificare
838 339 963 385 idolis
979 375 989 395 ,
1025 332 1109 399 qui
1136 336 1267 383 talem
1289 339 1468 386 dimittit
1485 376 1496 397 ‚

115 427 242 456 causa
255 411 551 456 fornicationis
565 412 761 467 dimittit,
778 427 867 456 non
885 419 1057 455 tantum
1077 408 1207 464 illius,
1227 409 1304 452 sed
1321 419 1366 453 et
1386 426 1495 456 suae:

115 481 258 537 illius,
293 482 394 542 quia
416 481 682 539 fornicatur,
711 497 821 537 suae,
852 496 907 525 ne
929 479 1185 524 fornicetur.
1213 478 1332 524 Nihil
1355 489 1497 524 autem

115 552 306 612 iniquius
321 587 332 607 ,
363 568 495 611 quam
517 551 811 596 fornicationis
840 567 967 596 causa
989 550 1207 594 dimittere
1236 565 1412 593 uxorem
1430 585 1441 604 ,
1468 551 1502 594 si

116 631 160 666 et
186 623 275 682 ipse
311 622 585 667 convincitur
610 620 828 666 fornicari.
866 621 1066 665 Occurrit
1091 620 1206 663 enim
1242 619 1352 663 illud
1368 654 1379 673 ‚
1408 639 1427 661 «
1450 623 1502 664 ln

121 710 141 732 »
175 708 264 751 quo
296 692 413 735 enim
445 691 630 736 alterum
656 690 847 750 judicas,
887 691 1160 749 temetipsum
1193 689 1456 734 condemnas
1489 709 1498 733 :

121 780 141 803 »
176 762 327 805 eadem
350 763 466 805 enim
494 763 582 820 agis
607 778 707 821 quae
724 760 935 821 judicas¹.
965 779 983 801 n
1011 763 1284 818 Quapropter
1307 759 1501 819 quisquis

115 830 411 876 fornicationis
432 847 559 875 causa
578 831 674 875 vult
693 831 879 890 abjicere
902 845 1099 884 uxorem,
1121 830 1235 888 prior
1257 830 1388 873 debet
1413 845 1502 873 esse

118 917 141 944 a
164 900 681 960 fornicationebspurgatus
703 920 713 945 ι
738 900 859 960 quod
879 899 1074 944 similiter
1092 899 1223 943 etiam
1244 899 1299 943 de
1321 899 1502 942 foemina

117 971 312 1014 dixerim.

174 1043 377 1084 XLVIII.
406 1039 533 1093 Quod
552 1049 698 1083 autem
726 1039 832 1084 dicit
859 1059 867 1083 :
892 1059 912 1081 «
936 1039 1138 1099 Quisquis
1160 1038 1346 1083 solutam
1364 1053 1387 1082 a
1410 1038 1502 1082 viro

120 1129 140 1152 »
175 1111 347 1155 duxerit
365 1130 375 1155 :
394 1112 641 1155 moechatur
655 1115 672 1136 ²
688 1146 700 1165 ,
729 1130 747 1152 »
768 1111 903 1170 quaeri
926 1120 1083 1169 potest,
1109 1119 1257 1153 utrum
1279 1109 1502 1169 quomodo

117 1183 360 1226 moechatur
377 1181 450 1225 ille
479 1183 555 1242 qui
575 1181 718 1236 ducit,
750 1183 808 1225 sic
837 1190 879 1225 et
901 1181 973 1224 illa
995 1197 1125 1239 quam
1150 1180 1287 1224 ducit.
1314 1180 1503 1223 Jubetur

117 1253 232 1296 enim
249 1261 293 1296 et
314 1252 387 1296 illa
412 1267 586 1295 manere
607 1252 792 1310 innupta
811 1286 821 1305 ,
847 1260 923 1294 aut
943 1251 1036 1294 viro
1055 1250 1322 1294 reconciliari
1344 1268 1353 1293 2
1377 1249 1453 1292 sed
1469 1249 1503 1293 si

117 1323 381 1376 discesserit,
402 1322 562 1382 inquit,
589 1339 612 1366 a
644 1323 750 1366 viro.
777 1321 968 1365 Multum
990 1330 1133 1364 autem
1153 1320 1331 1363 interest
1353 1328 1503 1362 utrum

117 1392 307 1437 dimittat
323 1427 333 1447 ,
355 1409 409 1436 an
434 1393 694 1436 dimittatur.
722 1392 765 1437 Si
786 1392 902 1435 enim
925 1392 1014 1450 ipsa
1036 1391 1175 1434 virum
1197 1389 1433 1443 dimiserit,
1460 1398 1504 1432 et

116 1462 239 1506 alteri
267 1463 488 1521 nupserit3
506 1483 517 1519 ε,
542 1462 715 1506 videtur
736 1462 974 1521 cupiditate
996 1459 1196 1504 mutandi
1218 1459 1410 1519 conjugii
1432 1459 1503 1503 vi-

116 1547 214 1575 rum
238 1533 424 1590 priorem
447 1531 667 1591 reliquisse
687 1567 698 1586 ,
726 1547 824 1590 quae
854 1531 944 1574 sine
965 1531 1102 1574 dubio
1120 1529 1363 1573 adulterina
1386 1529 1504 1586 cogi-

118 1602 223 1646 tatio
251 1610 328 1645 est.
369 1601 412 1646 Si
435 1610 580 1645 autem
602 1601 847 1644 dimittatur
870 1617 892 1644 a
922 1601 1015 1644 viro
1036 1634 1047 1655 ,
1064 1602 1170 1643 ‘cum
1192 1615 1281 1658 quo
1307 1614 1397 1642 esse
1421 1615 1502 1642 cu-

116 1672 291 1730 piebat,
318 1671 562 1715 moechatur
597 1671 777 1729 quidem
813 1671 888 1730 qui
927 1685 1021 1713 eam
1058 1669 1230 1712 duxerit
1260 1667 1503 1711 secundum

116 1741 289 1785 Domini
306 1741 581 1794 sententiam,
607 1741 684 1784 scd
704 1750 850 1784 utrum
875 1749 918 1782 et
940 1740 1029 1797 ipsa
1053 1739 1126 1782 tali
1148 1738 1328 1782 crimine
1353 1747 1501 1781 tenea-

116 1821 209 1866 tur,
234 1812 447 1856 incertum
478 1821 555 1855 est.
584 1810 787 1864 Quamvis
813 1808 952 1853 multo
976 1809 1117 1851 minus
1136 1808 1320 1851 inveniri
1340 1808 1500 1866 possit,

117 1883 339 1942 quomodo
365 1897 465 1926 cum
494 1881 559 1925 vir
578 1891 621 1924 et
646 1881 801 1923 mulier
835 1879 926 1938 pari
953 1894 1166 1923 consensu
1197 1878 1277 1921 sibi
1301 1878 1503 1920 miscean-

117 1961 189 1996 tur
205 1987 215 2006 ,
241 1968 352 1995 unus
370 1967 520 1995 eorum
546 1951 743 1994 moechus
763 1950 816 1993 sit
833 1983 844 2003 ,
870 1959 913 1992 et
933 1965 1020 1992 non
1044 1949 1096 1991 sit
1119 1948 1241 1991 alter.
1270 1951 1366 1991 Huc
1389 1962 1504 1990 acce-

117 2022 207 2077 dit,
232 2023 333 2082 quia
351 2023 385 2066 si
407 2022 651 2066 moechatur
674 2020 746 2063 ille
768 2020 972 2064 ducendo
994 2035 1088 2062 eam
1111 2035 1210 2078 quae
1233 2018 1372 2061 soluta
1396 2027 1459 2061 est
1482 2033 1504 2060 a

117 2093 210 2137 viro
227 2128 238 2147 ,
264 2108 514 2152 quanquam
531 2108 619 2135 non
641 2091 877 2143 dimiserit,
902 2090 977 2133 sed
999 2090 1168 2132 dimissa
1191 2089 1268 2142 sit,
1295 2089 1383 2147 ipsa
1403 2103 1503 2131 eum

119 2162 220 2207 facit
239 2163 466 2217 moechari,
487 2161 606 2221 quod
628 2161 765 2204 nihilo
787 2160 929 2203 minus
948 2160 1156 2203 Dominus
1175 2168 1305 2202 vetat.
1327 2161 1390 2201 Ex
1416 2172 1504 2216 quo

118 2233 363 2291 colligitur,
403 2234 488 2276 sive
521 2231 694 2275 dimissa
731 2230 890 2284 fuerit,
926 2230 1013 2273 sive
1042 2229 1280 2281 dimiserit,
1305 2236 1505 2286 oportere

117 2303 236 2347 illam
261 2319 433 2347 manere
450 2303 680 2361 innuptam
701 2337 711 2355 ,
733 2311 808 2344 aut
824 2301 917 2345 viro
941 2298 1219 2342 reconciliari.

175 2376 332 2417 XLIX.
366 2377 557 2417 Rursum
589 2372 800 2432 quaeritur
821 2406 832 2425 ,
865 2379 1013 2413 utrum
1037 2370 1070 2412 si
1095 2368 1237 2412 uxoris
1261 2366 1472 2426 permissu
1491 2401 1502 2420 ,

118 2444 205 2488 sive
241 2443 422 2497 sterilis,
455 2443 543 2487 sive
572 2458 670 2502 quae
691 2441 974 2486 concubitum
1006 2440 1092 2498 pati
1117 2455 1205 2482 non
1228 2437 1350 2489 vult,
1387 2436 1507 2480 adhi-

118 2514 263 2558 buerit
281 2513 363 2556 sibi
385 2512 564 2557 alteram
583 2512 663 2567 vir,
679 2527 768 2556 non
787 2510 969 2554 alienam
987 2545 997 2564 ,
1022 2525 1165 2568 neque
1188 2523 1210 2552 a
1232 2507 1325 2551 viro
1342 2507 1506 2566 sejunc=

169 2605 175 2620 ¹
196 2601 272 2629 Rom
306 2608 341 2635 n„
360 2608 408 2628 11.
430 2613 470 2618 —
489 2603 500 2618 ²
520 2598 638 2628 Matth.
662 2608 694 2634 v,
717 2596 769 2626 32.
785 2612 831 2635 Α-
851 2594 863 2616 3
882 2606 892 2625 1
917 2597 988 2626 Cor.
1012 2605 1066 2633 vn,
1087 2605 1135 2623 11.
