<?xml version="1.0" encoding="UTF-8"?>
<!DOCTYPE html PUBLIC "-//W3C//DTD XHTML 1.0 Transitional//EN"
    "http://www.w3.org/TR/xhtml1/DTD/xhtml1-transitional.dtd">
<html xmlns="http://www.w3.org/1999/xhtml" xml:lang="en" lang="en">
 <head>
  <title>
</title>
<meta http-equiv="Content-Type" content="text/html;charset=utf-8" />
  <meta name='ocr-system' content='tesseract 3.04.00' />
  <meta name='ocr-capabilities' content='ocr_page ocr_carea ocr_par ocr_line ocrx_word'/>
</head>
<body>
  <div class='ocr_page' id='page_1' title='image "./operaomniaaccura14auguuoft_0280.png"; bbox 0 0 1819 3301; ppageno 0'>
   <div class='ocr_carea' id='block_1_1' title="bbox 341 264 1297 304">
    <p class='ocr_par' dir='ltr' id='par_1_1' title="bbox 341 264 1297 304">
     <span class='ocr_line' id='line_1_1' title="bbox 341 264 1297 304; baseline -0.002 -1"><span class='ocrx_word' id='word_1_1' title='bbox 341 264 424 304; x_wconf 77' lang='lat'>254</span> <span class='ocrx_word' id='word_1_2' title='bbox 780 275 813 303; x_wconf 89' lang='lat' dir='ltr'>s.</span> <span class='ocrx_word' id='word_1_3' title='bbox 850 275 1081 303; x_wconf 72' lang='lat' dir='ltr'><strong>AUGUSTINI</strong></span> <span class='ocrx_word' id='word_1_4' title='bbox 1114 275 1297 302; x_wconf 78' lang='lat' dir='ltr'><strong>EPISCOPI</strong></span> 
     </span>
    </p>
   </div>
   <div class='ocr_carea' id='block_1_2' title="bbox 337 336 1732 1383">
    <p class='ocr_par' dir='ltr' id='par_1_2' title="bbox 337 336 1732 1383">
     <span class='ocr_line' id='line_1_2' title="bbox 339 336 1729 395; baseline -0.001 -12"><span class='ocrx_word' id='word_1_5' title='bbox 339 338 487 384; x_wconf 87' lang='lat' dir='ltr'>multis</span> <span class='ocrx_word' id='word_1_6' title='bbox 509 339 713 384; x_wconf 89' lang='lat' dir='ltr'>molestiis</span> <span class='ocrx_word' id='word_1_7' title='bbox 729 374 739 393; x_wconf 87' lang='lat'>‚</span> <span class='ocrx_word' id='word_1_8' title='bbox 774 341 849 383; x_wconf 83' lang='lat' dir='ltr'>sed</span> <span class='ocrx_word' id='word_1_9' title='bbox 877 339 1004 382; x_wconf 79' lang='lat' dir='ltr'>etiam</span> <span class='ocrx_word' id='word_1_10' title='bbox 1030 339 1076 381; x_wconf 88' lang='lat' dir='ltr'>in</span> <span class='ocrx_word' id='word_1_11' title='bbox 1098 338 1212 382; x_wconf 81' lang='lat' dir='ltr'>fame</span> <span class='ocrx_word' id='word_1_12' title='bbox 1233 347 1277 382; x_wconf 84' lang='lat' dir='ltr'>et</span> <span class='ocrx_word' id='word_1_13' title='bbox 1298 337 1394 390; x_wconf 87' lang='lat' dir='ltr'>siti,</span> <span class='ocrx_word' id='word_1_14' title='bbox 1418 338 1465 381; x_wconf 90' lang='lat' dir='ltr'>in</span> <span class='ocrx_word' id='word_1_15' title='bbox 1499 336 1656 395; x_wconf 82' lang='lat' dir='ltr'>frigore</span> <span class='ocrx_word' id='word_1_16' title='bbox 1685 346 1729 382; x_wconf 89' lang='lat' dir='ltr'>et</span> 
     </span>
     <span class='ocr_line' id='line_1_3' title="bbox 338 406 1725 466; baseline -0.003 -12"><span class='ocrx_word' id='word_1_17' title='bbox 338 411 536 454; x_wconf 78' lang='lat' dir='ltr'>nuditate</span> <span class='ocrx_word' id='word_1_18' title='bbox 559 426 602 454; x_wconf 86' lang='lat' dir='ltr'>se</span> <span class='ocrx_word' id='word_1_19' title='bbox 624 410 840 455; x_wconf 83' lang='lat' dir='ltr'>laborasse</span> <span class='ocrx_word' id='word_1_20' title='bbox 861 417 1174 453; x_wconf 79' lang='lat' dir='ltr'>commemorat</span> <span class='ocrx_word' id='word_1_21' title='bbox 1190 411 1220 452; x_wconf 85' lang='lat'>¹.</span> <span class='ocrx_word' id='word_1_22' title='bbox 1247 407 1377 461; x_wconf 87' lang='lat' dir='ltr'>Quod</span> <span class='ocrx_word' id='word_1_23' title='bbox 1397 423 1499 451; x_wconf 91' lang='lat' dir='ltr'>cum</span> <span class='ocrx_word' id='word_1_24' title='bbox 1522 406 1725 466; x_wconf 86' lang='lat' dir='ltr'>legimus,</span> 
     </span>
     <span class='ocr_line' id='line_1_4' title="bbox 338 476 1729 537; baseline -0.001 -14"><span class='ocrx_word' id='word_1_25' title='bbox 338 495 427 523; x_wconf 92' lang='lat' dir='ltr'>non</span> <span class='ocrx_word' id='word_1_26' title='bbox 451 480 713 524; x_wconf 74' lang='lat' dir='ltr'>aestimemus</span> <span class='ocrx_word' id='word_1_27' title='bbox 731 479 902 524; x_wconf 88' lang='lat' dir='ltr'>Domini</span> <span class='ocrx_word' id='word_1_28' title='bbox 928 479 1134 537; x_wconf 90' lang='lat' dir='ltr'>promissa</span> <span class='ocrx_word' id='word_1_29' title='bbox 1156 477 1363 522; x_wconf 84' lang='lat' dir='ltr'>titubasse</span> <span class='ocrx_word' id='word_1_30' title='bbox 1380 512 1391 532; x_wconf 79' lang='lat'>,</span> <span class='ocrx_word' id='word_1_31' title='bbox 1412 487 1463 521; x_wconf 92' lang='lat' dir='ltr'>ut</span> <span class='ocrx_word' id='word_1_32' title='bbox 1495 476 1656 521; x_wconf 86' lang='lat' dir='ltr'>famem</span> <span class='ocrx_word' id='word_1_33' title='bbox 1678 492 1729 522; x_wconf 89' lang='lat' dir='ltr'>ac</span> 
     </span>
     <span class='ocr_line' id='line_1_5' title="bbox 339 547 1729 608; baseline -0.001 -16"><span class='ocrx_word' id='word_1_34' title='bbox 339 549 453 593; x_wconf 83' lang='lat' dir='ltr'>sitim</span> <span class='ocrx_word' id='word_1_35' title='bbox 485 559 528 593; x_wconf 89' lang='lat' dir='ltr'>et</span> <span class='ocrx_word' id='word_1_36' title='bbox 549 549 790 593; x_wconf 83' lang='lat' dir='ltr'>nuditatem</span> <span class='ocrx_word' id='word_1_37' title='bbox 816 558 1035 607; x_wconf 82' lang='lat' dir='ltr'>pateretur</span> <span class='ocrx_word' id='word_1_38' title='bbox 1056 547 1291 608; x_wconf 85' lang='lat' dir='ltr'>Apostolus</span> <span class='ocrx_word' id='word_1_39' title='bbox 1321 563 1521 608; x_wconf 87' lang='lat' dir='ltr'>quaerens</span> <span class='ocrx_word' id='word_1_40' title='bbox 1543 562 1729 606; x_wconf 85' lang='lat' dir='ltr'>regnum</span> 
     </span>
     <span class='ocr_line' id='line_1_6' title="bbox 339 617 1729 678; baseline -0.001 -16"><span class='ocrx_word' id='word_1_41' title='bbox 339 619 611 678; x_wconf 81' lang='lat' dir='ltr'>etjustitiam</span> <span class='ocrx_word' id='word_1_42' title='bbox 637 621 744 673; x_wconf 82' lang='lat' dir='ltr'>Dei,</span> <span class='ocrx_word' id='word_1_43' title='bbox 777 634 878 662; x_wconf 90' lang='lat' dir='ltr'>cum</span> <span class='ocrx_word' id='word_1_44' title='bbox 905 618 1072 662; x_wconf 88' lang='lat' dir='ltr'>dictum</span> <span class='ocrx_word' id='word_1_45' title='bbox 1094 619 1148 662; x_wconf 90' lang='lat' dir='ltr'>sit</span> <span class='ocrx_word' id='word_1_46' title='bbox 1181 618 1308 661; x_wconf 87' lang='lat' dir='ltr'>nobis</span> <span class='ocrx_word' id='word_1_47' title='bbox 1330 637 1338 662; x_wconf 90' lang='grc'>;</span> <span class='ocrx_word' id='word_1_48' title='bbox 1375 637 1395 659; x_wconf 88' lang='lat'>«</span> <span class='ocrx_word' id='word_1_49' title='bbox 1422 617 1614 670; x_wconf 86' lang='lat' dir='ltr'>Quaerite</span> <span class='ocrx_word' id='word_1_50' title='bbox 1636 617 1729 676; x_wconf 90' lang='lat' dir='ltr'>pri-</span> 
     </span>
     <span class='ocr_line' id='line_1_7' title="bbox 342 688 1727 749; baseline 0.001 -19"><span class='ocrx_word' id='word_1_51' title='bbox 342 709 361 731; x_wconf 87' lang='lat'>»</span> <span class='ocrx_word' id='word_1_52' title='bbox 396 705 517 732; x_wconf 90' lang='lat' dir='ltr'>mum</span> <span class='ocrx_word' id='word_1_53' title='bbox 555 704 736 747; x_wconf 84' lang='lat' dir='ltr'>regnum</span> <span class='ocrx_word' id='word_1_54' title='bbox 761 691 838 734; x_wconf 83' lang='lat' dir='ltr'>Dei</span> <span class='ocrx_word' id='word_1_55' title='bbox 859 699 901 733; x_wconf 87' lang='lat' dir='ltr'>et</span> <span class='ocrx_word' id='word_1_56' title='bbox 918 690 1132 749; x_wconf 86' lang='lat' dir='ltr'>justitiam</span> <span class='ocrx_word' id='word_1_57' title='bbox 1154 690 1244 748; x_wconf 86' lang='lat' dir='ltr'>ejus</span> <span class='ocrx_word' id='word_1_58' title='bbox 1265 724 1275 742; x_wconf 88' lang='lat'><strong>‚</strong></span> <span class='ocrx_word' id='word_1_59' title='bbox 1301 698 1345 732; x_wconf 88' lang='lat' dir='ltr'>et</span> <span class='ocrx_word' id='word_1_60' title='bbox 1361 689 1456 733; x_wconf 83' lang='lat' dir='ltr'>haec</span> <span class='ocrx_word' id='word_1_61' title='bbox 1478 688 1625 733; x_wconf 85' lang='lat' dir='ltr'>omnia</span> <span class='ocrx_word' id='word_1_62' title='bbox 1647 704 1727 748; x_wconf 86' lang='lat' dir='ltr'>ap-</span> 
     </span>
     <span class='ocr_line' id='line_1_8' title="bbox 342 759 1729 820; baseline 0.004 -21"><span class='ocrx_word' id='word_1_63' title='bbox 342 778 361 800; x_wconf 83' lang='lat'>»</span> <span class='ocrx_word' id='word_1_64' title='bbox 396 769 617 818; x_wconf 89' lang='lat' dir='ltr'>ponentur</span> <span class='ocrx_word' id='word_1_65' title='bbox 649 760 771 804; x_wconf 87' lang='lat' dir='ltr'>vobis</span> <span class='ocrx_word' id='word_1_66' title='bbox 797 780 806 804; x_wconf 86' lang='lat'>:</span> <span class='ocrx_word' id='word_1_67' title='bbox 835 780 853 801; x_wconf 89' lang='lat'>»</span> <span class='ocrx_word' id='word_1_68' title='bbox 880 760 1242 820; x_wconf 80' lang='lat' dir='ltr'>quandoquidem</span> <span class='ocrx_word' id='word_1_69' title='bbox 1264 761 1344 804; x_wconf 86' lang='lat' dir='ltr'>ista</span> <span class='ocrx_word' id='word_1_70' title='bbox 1365 761 1478 804; x_wconf 89' lang='lat' dir='ltr'>sicut</span> <span class='ocrx_word' id='word_1_71' title='bbox 1514 759 1729 819; x_wconf 83' lang='lat' dir='ltr'>adjutoria</span> 
     </span>
     <span class='ocr_line' id='line_1_9' title="bbox 337 829 1731 884; baseline 0.001 -11"><span class='ocrx_word' id='word_1_72' title='bbox 337 830 460 873; x_wconf 89' lang='lat' dir='ltr'>novit</span> <span class='ocrx_word' id='word_1_73' title='bbox 489 829 562 873; x_wconf 84' lang='lat' dir='ltr'>ille</span> <span class='ocrx_word' id='word_1_74' title='bbox 594 829 809 884; x_wconf 80' lang='lat' dir='ltr'>medicus⁷</span> <span class='ocrx_word' id='word_1_75' title='bbox 835 831 905 873; x_wconf 90' lang='lat' dir='ltr'>cui</span> <span class='ocrx_word' id='word_1_76' title='bbox 928 830 1061 874; x_wconf 84' lang='lat' dir='ltr'>semel</span> <span class='ocrx_word' id='word_1_77' title='bbox 1083 846 1161 874; x_wconf 90' lang='lat' dir='ltr'>nos</span> <span class='ocrx_word' id='word_1_78' title='bbox 1194 840 1308 874; x_wconf 85' lang='lat' dir='ltr'>totos</span> <span class='ocrx_word' id='word_1_79' title='bbox 1336 831 1630 875; x_wconf 84' lang='lat' dir='ltr'>commisimus</span> <span class='ocrx_word' id='word_1_80' title='bbox 1650 865 1662 884; x_wconf 86' lang='lat'>‚</span> <span class='ocrx_word' id='word_1_81' title='bbox 1686 839 1731 875; x_wconf 89' lang='lat' dir='ltr'>et</span> 
     </span>
     <span class='ocr_line' id='line_1_10' title="bbox 339 900 1726 959; baseline 0 -16"><span class='ocrx_word' id='word_1_82' title='bbox 339 916 361 943; x_wconf 85' lang='lat' dir='ltr'>a</span> <span class='ocrx_word' id='word_1_83' title='bbox 385 915 473 959; x_wconf 82' lang='lat' dir='ltr'>quo</span> <span class='ocrx_word' id='word_1_84' title='bbox 494 900 706 943; x_wconf 82' lang='lat' dir='ltr'>habemus</span> <span class='ocrx_word' id='word_1_85' title='bbox 739 900 1069 959; x_wconf 81' lang='lat' dir='ltr'>promissionem</span> <span class='ocrx_word' id='word_1_86' title='bbox 1101 902 1201 944; x_wconf 72' lang='lat' dir='ltr'>vitae</span> <span class='ocrx_word' id='word_1_87' title='bbox 1224 901 1446 959; x_wconf 74' lang='lat' dir='ltr'>praesentis</span> <span class='ocrx_word' id='word_1_88' title='bbox 1469 910 1514 944; x_wconf 86' lang='lat' dir='ltr'>et</span> <span class='ocrx_word' id='word_1_89' title='bbox 1533 900 1698 944; x_wconf 79' lang='lat' dir='ltr'>futurae</span> <span class='ocrx_word' id='word_1_90' title='bbox 1714 935 1726 955; x_wconf 80' lang='lat'><strong><em>,</em></strong></span> 
     </span>
     <span class='ocr_line' id='line_1_11' title="bbox 338 969 1732 1030; baseline 0.001 -18"><span class='ocrx_word' id='word_1_91' title='bbox 338 969 515 1029; x_wconf 83' lang='lat' dir='ltr'>quando</span> <span class='ocrx_word' id='word_1_92' title='bbox 539 979 751 1029; x_wconf 82' lang='lat' dir='ltr'>apponat,</span> <span class='ocrx_word' id='word_1_93' title='bbox 785 970 965 1029; x_wconf 82' lang='lat' dir='ltr'>quando</span> <span class='ocrx_word' id='word_1_94' title='bbox 1000 970 1229 1024; x_wconf 80' lang='lat' dir='ltr'>detrahat,</span> <span class='ocrx_word' id='word_1_95' title='bbox 1267 971 1380 1015; x_wconf 88' lang='lat' dir='ltr'>sicut</span> <span class='ocrx_word' id='word_1_96' title='bbox 1416 971 1541 1014; x_wconf 86' lang='lat' dir='ltr'>nohis</span> <span class='ocrx_word' id='word_1_97' title='bbox 1562 970 1732 1030; x_wconf 86' lang='lat' dir='ltr'>judicat</span> 
     </span>
     <span class='ocr_line' id='line_1_12' title="bbox 338 1039 1732 1099; baseline 0.002 -17"><span class='ocrx_word' id='word_1_98' title='bbox 338 1039 561 1098; x_wconf 77' lang='lat' dir='ltr'>expedire,</span> <span class='ocrx_word' id='word_1_99' title='bbox 588 1055 698 1099; x_wconf 88' lang='lat' dir='ltr'>quos</span> <span class='ocrx_word' id='word_1_100' title='bbox 719 1049 762 1083; x_wconf 83' lang='lat' dir='ltr'>et</span> <span class='ocrx_word' id='word_1_101' title='bbox 779 1039 1067 1084; x_wconf 84' lang='lat' dir='ltr'>consolandos</span> <span class='ocrx_word' id='word_1_102' title='bbox 1085 1050 1125 1083; x_wconf 91' lang='lat' dir='ltr'>et</span> <span class='ocrx_word' id='word_1_103' title='bbox 1144 1041 1408 1085; x_wconf 80' lang='lat' dir='ltr'>exercendos</span> <span class='ocrx_word' id='word_1_104' title='bbox 1422 1042 1466 1084; x_wconf 87' lang='grc'>111</span> <span class='ocrx_word' id='word_1_105' title='bbox 1481 1041 1563 1084; x_wconf 83' lang='lat' dir='ltr'>hac</span> <span class='ocrx_word' id='word_1_106' title='bbox 1579 1041 1667 1084; x_wconf 84' lang='lat' dir='ltr'>vita</span> <span class='ocrx_word' id='word_1_107' title='bbox 1686 1050 1732 1085; x_wconf 84' lang='lat' dir='ltr'>et</span> 
     </span>
     <span class='ocr_line' id='line_1_13' title="bbox 338 1111 1730 1171; baseline 0.001 -18"><span class='ocrx_word' id='word_1_108' title='bbox 338 1119 435 1168; x_wconf 88' lang='lat' dir='ltr'>post</span> <span class='ocrx_word' id='word_1_109' title='bbox 453 1111 564 1154; x_wconf 87' lang='lat' dir='ltr'>hanc</span> <span class='ocrx_word' id='word_1_110' title='bbox 581 1111 714 1154; x_wconf 82' lang='lat' dir='ltr'>vitam</span> <span class='ocrx_word' id='word_1_111' title='bbox 737 1111 781 1153; x_wconf 91' lang='lat' dir='ltr'>in</span> <span class='ocrx_word' id='word_1_112' title='bbox 805 1121 1014 1170; x_wconf 84' lang='lat' dir='ltr'>perpetua</span> <span class='ocrx_word' id='word_1_113' title='bbox 1037 1112 1184 1171; x_wconf 81' lang='lat' dir='ltr'>requie</span> <span class='ocrx_word' id='word_1_114' title='bbox 1202 1111 1482 1155; x_wconf 82' lang='lat' dir='ltr'>stabiliendos</span> <span class='ocrx_word' id='word_1_115' title='bbox 1499 1120 1631 1170; x_wconf 87' lang='lat' dir='ltr'>atque</span> <span class='ocrx_word' id='word_1_116' title='bbox 1652 1111 1730 1154; x_wconf 88' lang='lat' dir='ltr'>fir-</span> 
     </span>
     <span class='ocr_line' id='line_1_14' title="bbox 338 1181 1731 1240; baseline 0.001 -16"><span class='ocrx_word' id='word_1_117' title='bbox 338 1181 521 1225; x_wconf 86' lang='lat' dir='ltr'>mandos</span> <span class='ocrx_word' id='word_1_118' title='bbox 540 1183 757 1239; x_wconf 80' lang='lat' dir='ltr'>gubernat</span> <span class='ocrx_word' id='word_1_119' title='bbox 777 1198 825 1225; x_wconf 80' lang='lat' dir='ltr'>ac</span> <span class='ocrx_word' id='word_1_120' title='bbox 847 1182 1007 1240; x_wconf 76' lang='lat' dir='ltr'>dirigit.</span> <span class='ocrx_word' id='word_1_121' title='bbox 1032 1185 1128 1226; x_wconf 91' lang='lat' dir='ltr'>Non</span> <span class='ocrx_word' id='word_1_122' title='bbox 1152 1183 1266 1226; x_wconf 81' lang='lat' dir='ltr'>enim</span> <span class='ocrx_word' id='word_1_123' title='bbox 1289 1192 1331 1226; x_wconf 84' lang='lat' dir='ltr'>et</span> <span class='ocrx_word' id='word_1_124' title='bbox 1354 1184 1502 1235; x_wconf 84' lang='lat' dir='ltr'>homo,</span> <span class='ocrx_word' id='word_1_125' title='bbox 1521 1197 1622 1225; x_wconf 90' lang='lat' dir='ltr'>cum</span> <span class='ocrx_word' id='word_1_126' title='bbox 1639 1181 1731 1240; x_wconf 90' lang='lat' dir='ltr'>ple-</span> 
     </span>
     <span class='ocr_line' id='line_1_15' title="bbox 339 1251 1731 1311; baseline 0.001 -18"><span class='ocrx_word' id='word_1_127' title='bbox 339 1266 526 1310; x_wconf 85' lang='lat' dir='ltr'>rumque</span> <span class='ocrx_word' id='word_1_128' title='bbox 545 1252 748 1311; x_wconf 82' lang='lat' dir='ltr'>jumento</span> <span class='ocrx_word' id='word_1_129' title='bbox 781 1267 860 1295; x_wconf 89' lang='lat' dir='ltr'>suo</span> <span class='ocrx_word' id='word_1_130' title='bbox 882 1252 1040 1296; x_wconf 83' lang='lat' dir='ltr'>cibaria</span> <span class='ocrx_word' id='word_1_131' title='bbox 1060 1251 1274 1306; x_wconf 81' lang='lat' dir='ltr'>detrahit,</span> <span class='ocrx_word' id='word_1_132' title='bbox 1299 1252 1453 1296; x_wconf 83' lang='lat' dir='ltr'>deserit</span> <span class='ocrx_word' id='word_1_133' title='bbox 1482 1251 1594 1296; x_wconf 84' lang='lat' dir='ltr'>illud.</span> <span class='ocrx_word' id='word_1_134' title='bbox 1625 1267 1731 1296; x_wconf 86' lang='lat' dir='ltr'>cura</span> 
     </span>
     <span class='ocr_line' id='line_1_16' title="bbox 338 1322 1263 1383; baseline 0.002 -18"><span class='ocrx_word' id='word_1_135' title='bbox 338 1338 414 1366; x_wconf 86' lang='lat' dir='ltr'>sua</span> <span class='ocrx_word' id='word_1_136' title='bbox 430 1357 441 1378; x_wconf 94' lang='lat'>‚</span> <span class='ocrx_word' id='word_1_137' title='bbox 463 1338 512 1366; x_wconf 87' lang='lat' dir='ltr'>ac</span> <span class='ocrx_word' id='word_1_138' title='bbox 536 1338 625 1366; x_wconf 91' lang='lat' dir='ltr'>non</span> <span class='ocrx_word' id='word_1_139' title='bbox 643 1324 785 1382; x_wconf 88' lang='lat' dir='ltr'>potius</span> <span class='ocrx_word' id='word_1_140' title='bbox 808 1323 1004 1368; x_wconf 86' lang='lat' dir='ltr'>curando</span> <span class='ocrx_word' id='word_1_141' title='bbox 1030 1324 1122 1383; x_wconf 71' lang='lat' dir='ltr'>haec</span> <span class='ocrx_word' id='word_1_142' title='bbox 1144 1322 1263 1367; x_wconf 81' lang='lat' dir='ltr'>facit.</span> 
     </span>
    </p>
   </div>
   <div class='ocr_carea' id='block_1_3' title="bbox 342 1500 1724 1516">
    <p class='ocr_par' dir='ltr' id='par_1_3' title="bbox 342 1500 1724 1516">
     <span class='ocr_line' id='line_1_17' title="bbox 342 1500 1724 1516; baseline 0.001 -2"><span class='ocrx_word' id='word_1_143' title='bbox 342 1500 766 1515; x_wconf 56' lang='lat' dir='ltr'>mmzwmtvmm</span> <span class='ocrx_word' id='word_1_144' title='bbox 770 1500 1623 1515; x_wconf 59' lang='lat' dir='ltr'>mmmmmmmmmmmvummwvxmm</span> <span class='ocrx_word' id='word_1_145' title='bbox 1627 1500 1724 1516; x_wconf 64' lang='grc' dir='ltr'>ΊΛΜἏ</span> 
     </span>
    </p>
   </div>
   <div class='ocr_carea' id='block_1_4' title="bbox 739 1645 1238 1693">
    <p class='ocr_par' dir='ltr' id='par_1_4' title="bbox 739 1645 1238 1693">
     <span class='ocr_line' id='line_1_18' title="bbox 739 1645 1238 1693; baseline -0.004 -1"><span class='ocrx_word' id='word_1_146' title='bbox 739 1664 742 1665; x_wconf 64' lang='grc'>’</span> <span class='ocrx_word' id='word_1_147' title='bbox 807 1645 1023 1693; x_wconf 66' lang='lat' dir='ltr'>CAPUT</span> <span class='ocrx_word' id='word_1_148' title='bbox 1060 1647 1238 1691; x_wconf 46' lang='lat' dir='ltr'>xxm.</span> 
     </span>
    </p>
   </div>
   <div class='ocr_carea' id='block_1_5' title="bbox 338 1797 1726 2560">
    <p class='ocr_par' dir='ltr' id='par_1_5' title="bbox 338 1797 1726 2560">
     <span class='ocr_line' id='line_1_19' title="bbox 399 1797 1726 1858; baseline 0.002 -17"><span class='ocrx_word' id='word_1_149' title='bbox 399 1800 514 1841; x_wconf 82' lang='lat' dir='ltr'><strong>LIX.</strong></span> <span class='ocrx_word' id='word_1_150' title='bbox 541 1801 597 1842; x_wconf 90' lang='lat' dir='ltr'>Et</span> <span class='ocrx_word' id='word_1_151' title='bbox 618 1799 826 1858; x_wconf 86' lang='lat' dir='ltr'>quoniam</span> <span class='ocrx_word' id='word_1_152' title='bbox 846 1815 945 1842; x_wconf 88' lang='lat' dir='ltr'>cum</span> <span class='ocrx_word' id='word_1_153' title='bbox 963 1800 1040 1842; x_wconf 84' lang='lat' dir='ltr'>ista</span> <span class='ocrx_word' id='word_1_154' title='bbox 1060 1798 1430 1857; x_wconf 80' lang='lat' dir='ltr'>velprocurantur</span> <span class='ocrx_word' id='word_1_155' title='bbox 1446 1799 1492 1842; x_wconf 91' lang='lat' dir='ltr'>in</span> <span class='ocrx_word' id='word_1_156' title='bbox 1509 1797 1726 1856; x_wconf 84' lang='lat' dir='ltr'>futurum,</span> 
     </span>
     <span class='ocr_line' id='line_1_20' title="bbox 338 1867 1724 1928; baseline 0.003 -18"><span class='ocrx_word' id='word_1_157' title='bbox 338 1867 407 1911; x_wconf 81' lang='lat' dir='ltr'>vel</span> <span class='ocrx_word' id='word_1_158' title='bbox 428 1868 461 1910; x_wconf 91' lang='lat' dir='ltr'>si</span> <span class='ocrx_word' id='word_1_159' title='bbox 501 1883 628 1911; x_wconf 85' lang='lat' dir='ltr'>causa</span> <span class='ocrx_word' id='word_1_160' title='bbox 653 1884 741 1912; x_wconf 90' lang='lat' dir='ltr'>non</span> <span class='ocrx_word' id='word_1_161' title='bbox 765 1877 828 1911; x_wconf 78' lang='lat' dir='ltr'>est</span> <span class='ocrx_word' id='word_1_162' title='bbox 860 1885 994 1927; x_wconf 82' lang='lat' dir='ltr'>quare</span> <span class='ocrx_word' id='word_1_163' title='bbox 1032 1868 1104 1911; x_wconf 82' lang='lat' dir='ltr'>illa</span> <span class='ocrx_word' id='word_1_164' title='bbox 1136 1869 1361 1928; x_wconf 74' lang='lat' dir='ltr'>impendas</span> <span class='ocrx_word' id='word_1_165' title='bbox 1382 1905 1393 1924; x_wconf 86' lang='lat'>,</span> <span class='ocrx_word' id='word_1_166' title='bbox 1419 1880 1692 1914; x_wconf 84' lang='lat' dir='ltr'>reservantur</span> <span class='ocrx_word' id='word_1_167' title='bbox 1712 1905 1724 1925; x_wconf 91' lang='lat'>‚</span> 
     </span>
     <span class='ocr_line' id='line_1_21' title="bbox 339 1937 1726 1999; baseline 0.003 -19"><span class='ocrx_word' id='word_1_168' title='bbox 339 1937 553 1981; x_wconf 85' lang='lat' dir='ltr'>incertum</span> <span class='ocrx_word' id='word_1_169' title='bbox 587 1947 651 1981; x_wconf 85' lang='lat' dir='ltr'>est</span> <span class='ocrx_word' id='word_1_170' title='bbox 683 1953 771 1998; x_wconf 88' lang='lat' dir='ltr'>quo</span> <span class='ocrx_word' id='word_1_171' title='bbox 793 1938 938 1982; x_wconf 83' lang='lat' dir='ltr'>animo</span> <span class='ocrx_word' id='word_1_172' title='bbox 960 1938 1036 1982; x_wconf 77' lang='lat' dir='ltr'>fiat</span> <span class='ocrx_word' id='word_1_173' title='bbox 1055 1973 1066 1992; x_wconf 85' lang='lat'>‚</span> <span class='ocrx_word' id='word_1_174' title='bbox 1103 1954 1201 1981; x_wconf 88' lang='lat' dir='ltr'>cum</span> <span class='ocrx_word' id='word_1_175' title='bbox 1228 1940 1358 1997; x_wconf 88' lang='lat' dir='ltr'>possit</span> <span class='ocrx_word' id='word_1_176' title='bbox 1388 1939 1572 1999; x_wconf 86' lang='lat' dir='ltr'>simplici</span> <span class='ocrx_word' id='word_1_177' title='bbox 1595 1941 1726 1984; x_wconf 87' lang='lat' dir='ltr'>corde</span> 
     </span>
     <span class='ocr_line' id='line_1_22' title="bbox 339 2006 1722 2069; baseline 0.002 -19"><span class='ocrx_word' id='word_1_178' title='bbox 339 2007 460 2061; x_wconf 76' lang='lat' dir='ltr'>fieri,</span> <span class='ocrx_word' id='word_1_179' title='bbox 500 2008 633 2066; x_wconf 87' lang='lat' dir='ltr'>possit</span> <span class='ocrx_word' id='word_1_180' title='bbox 672 2017 715 2051; x_wconf 87' lang='lat' dir='ltr'>ct</span> <span class='ocrx_word' id='word_1_181' title='bbox 749 2006 940 2066; x_wconf 82' lang='lat' dir='ltr'>duplici,</span> <span class='ocrx_word' id='word_1_182' title='bbox 978 2019 1224 2067; x_wconf 87' lang='lat' dir='ltr'>opportune</span> <span class='ocrx_word' id='word_1_183' title='bbox 1258 2010 1340 2053; x_wconf 92' lang='lat' dir='ltr'>hoc</span> <span class='ocrx_word' id='word_1_184' title='bbox 1373 2009 1469 2053; x_wconf 88' lang='lat' dir='ltr'>loco</span> <span class='ocrx_word' id='word_1_185' title='bbox 1501 2009 1722 2069; x_wconf 82' lang='lat' dir='ltr'>subjecit:</span> 
     </span>
     <span class='ocr_line' id='line_1_23' title="bbox 344 2075 1723 2139; baseline 0.004 -21"><span class='ocrx_word' id='word_1_186' title='bbox 344 2096 364 2118; x_wconf 88' lang='lat'>«</span> <span class='ocrx_word' id='word_1_187' title='bbox 398 2075 540 2121; x_wconf 89' lang='lat' dir='ltr'>Nolite</span> <span class='ocrx_word' id='word_1_188' title='bbox 571 2078 767 2138; x_wconf 85' lang='lat' dir='ltr'>judicare</span> <span class='ocrx_word' id='word_1_189' title='bbox 787 2112 797 2131; x_wconf 84' lang='lat'>‚</span> <span class='ocrx_word' id='word_1_190' title='bbox 823 2093 878 2120; x_wconf 87' lang='lat' dir='ltr'>ne</span> <span class='ocrx_word' id='word_1_191' title='bbox 905 2077 1126 2137; x_wconf 77' lang='lat' dir='ltr'>judicetur</span> <span class='ocrx_word' id='word_1_192' title='bbox 1159 2077 1213 2122; x_wconf 85' lang='lat' dir='ltr'>de</span> <span class='ocrx_word' id='word_1_193' title='bbox 1246 2079 1392 2136; x_wconf 77' lang='lat' dir='ltr'>vobis3</span> <span class='ocrx_word' id='word_1_194' title='bbox 1424 2080 1469 2122; x_wconf 91' lang='lat' dir='ltr'>in</span> <span class='ocrx_word' id='word_1_195' title='bbox 1497 2096 1586 2139; x_wconf 93' lang='lat' dir='ltr'>quo</span> <span class='ocrx_word' id='word_1_196' title='bbox 1608 2080 1723 2123; x_wconf 90' lang='lat' dir='ltr'>enim</span> 
     </span>
     <span class='ocr_line' id='line_1_24' title="bbox 343 2147 1724 2209; baseline 0.004 -22"><span class='ocrx_word' id='word_1_197' title='bbox 343 2164 363 2187; x_wconf 90' lang='lat'>»</span> <span class='ocrx_word' id='word_1_198' title='bbox 393 2147 559 2206; x_wconf 87' lang='lat' dir='ltr'>judicio</span> <span class='ocrx_word' id='word_1_199' title='bbox 589 2147 904 2207; x_wconf 83' lang='lat' dir='ltr'>judicaveritis,</span> <span class='ocrx_word' id='word_1_200' title='bbox 939 2147 1209 2207; x_wconf 80' lang='lat' dir='ltr'>judicabitur</span> <span class='ocrx_word' id='word_1_201' title='bbox 1237 2149 1290 2191; x_wconf 85' lang='lat' dir='ltr'>de</span> <span class='ocrx_word' id='word_1_202' title='bbox 1313 2148 1456 2206; x_wconf 78' lang='lat' dir='ltr'>vobis3</span> <span class='ocrx_word' id='word_1_203' title='bbox 1493 2159 1536 2193; x_wconf 87' lang='lat' dir='ltr'>et</span> <span class='ocrx_word' id='word_1_204' title='bbox 1572 2149 1618 2192; x_wconf 89' lang='lat' dir='ltr'>in</span> <span class='ocrx_word' id='word_1_205' title='bbox 1639 2165 1724 2209; x_wconf 84' lang='lat' dir='ltr'>qua</span> 
     </span>
     <span class='ocr_line' id='line_1_25' title="bbox 344 2217 1725 2272; baseline 0.003 -12"><span class='ocrx_word' id='word_1_206' title='bbox 344 2236 363 2258; x_wconf 92' lang='lat'>»</span> <span class='ocrx_word' id='word_1_207' title='bbox 399 2233 598 2261; x_wconf 84' lang='lat' dir='ltr'>mensura</span> <span class='ocrx_word' id='word_1_208' title='bbox 616 2218 753 2261; x_wconf 88' lang='lat' dir='ltr'>mensi</span> <span class='ocrx_word' id='word_1_209' title='bbox 771 2217 937 2261; x_wconf 86' lang='lat' dir='ltr'>fueritis</span> <span class='ocrx_word' id='word_1_210' title='bbox 957 2253 968 2272; x_wconf 86' lang='lat'>,</span> <span class='ocrx_word' id='word_1_211' title='bbox 990 2219 1239 2262; x_wconf 81' lang='lat' dir='ltr'>remetietur</span> <span class='ocrx_word' id='word_1_212' title='bbox 1268 2219 1391 2263; x_wconf 91' lang='lat' dir='ltr'>vobis</span> <span class='ocrx_word' id='word_1_213' title='bbox 1407 2221 1438 2264; x_wconf 71' lang='lat'>².</span> <span class='ocrx_word' id='word_1_214' title='bbox 1469 2239 1488 2261; x_wconf 89' lang='lat'>»</span> <span class='ocrx_word' id='word_1_215' title='bbox 1517 2223 1610 2264; x_wconf 91' lang='lat' dir='ltr'>Hoc</span> <span class='ocrx_word' id='word_1_216' title='bbox 1628 2219 1725 2264; x_wconf 91' lang='lat' dir='ltr'>loco</span> 
     </span>
     <span class='ocr_line' id='line_1_26' title="bbox 340 2286 1724 2351; baseline 0.003 -21"><span class='ocrx_word' id='word_1_217' title='bbox 340 2286 448 2331; x_wconf 89' lang='grc'><strong>1111111</strong></span> <span class='ocrx_word' id='word_1_218' title='bbox 480 2287 600 2332; x_wconf 83' lang='lat' dir='ltr'>aliud</span> <span class='ocrx_word' id='word_1_219' title='bbox 622 2288 746 2332; x_wconf 88' lang='lat' dir='ltr'>nobis</span> <span class='ocrx_word' id='word_1_220' title='bbox 769 2288 943 2347; x_wconf 79' lang='lat' dir='ltr'>praecipi</span> <span class='ocrx_word' id='word_1_221' title='bbox 965 2288 1158 2332; x_wconf 80' lang='lat' dir='ltr'>existimo</span> <span class='ocrx_word' id='word_1_222' title='bbox 1178 2324 1188 2343; x_wconf 88' lang='lat'>‚</span> <span class='ocrx_word' id='word_1_223' title='bbox 1216 2290 1294 2332; x_wconf 88' lang='lat' dir='ltr'>nisi</span> <span class='ocrx_word' id='word_1_224' title='bbox 1319 2299 1367 2333; x_wconf 92' lang='lat' dir='ltr'>ut</span> <span class='ocrx_word' id='word_1_225' title='bbox 1384 2306 1433 2334; x_wconf 88' lang='lat' dir='ltr'>ea</span> <span class='ocrx_word' id='word_1_226' title='bbox 1465 2289 1599 2345; x_wconf 76' lang='lat' dir='ltr'>facta,</span> <span class='ocrx_word' id='word_1_227' title='bbox 1625 2306 1724 2351; x_wconf 87' lang='lat' dir='ltr'>quae</span> 
     </span>
     <span class='ocr_line' id='line_1_27' title="bbox 340 2356 1725 2419; baseline 0.002 -18"><span class='ocrx_word' id='word_1_228' title='bbox 340 2356 526 2401; x_wconf 91' lang='lat' dir='ltr'>dubium</span> <span class='ocrx_word' id='word_1_229' title='bbox 549 2368 612 2402; x_wconf 85' lang='lat' dir='ltr'>est</span> <span class='ocrx_word' id='word_1_230' title='bbox 631 2374 719 2418; x_wconf 87' lang='lat' dir='ltr'>quo</span> <span class='ocrx_word' id='word_1_231' title='bbox 743 2359 888 2402; x_wconf 79' lang='lat' dir='ltr'>animo</span> <span class='ocrx_word' id='word_1_232' title='bbox 915 2358 1021 2402; x_wconf 78' lang='lat' dir='ltr'>fiant</span> <span class='ocrx_word' id='word_1_233' title='bbox 1041 2394 1052 2413; x_wconf 87' lang='lat'>,</span> <span class='ocrx_word' id='word_1_234' title='bbox 1085 2360 1130 2403; x_wconf 86' lang='lat' dir='ltr'>in</span> <span class='ocrx_word' id='word_1_235' title='bbox 1152 2359 1375 2403; x_wconf 85' lang='lat' dir='ltr'>meliorem</span> <span class='ocrx_word' id='word_1_236' title='bbox 1400 2370 1567 2419; x_wconf 85' lang='lat' dir='ltr'>partem</span> <span class='ocrx_word' id='word_1_237' title='bbox 1587 2361 1725 2404; x_wconf 88' lang='lat' dir='ltr'>inter-</span> 
     </span>
     <span class='ocr_line' id='line_1_28' title="bbox 340 2427 1723 2487; baseline 0.003 -18"><span class='ocrx_word' id='word_1_238' title='bbox 340 2437 576 2486; x_wconf 80' lang='lat' dir='ltr'>pretemur.</span> <span class='ocrx_word' id='word_1_239' title='bbox 598 2427 722 2481; x_wconf 86' lang='lat' dir='ltr'>Quod</span> <span class='ocrx_word' id='word_1_240' title='bbox 744 2429 859 2471; x_wconf 87' lang='lat' dir='ltr'>enim</span> <span class='ocrx_word' id='word_1_241' title='bbox 878 2428 1088 2487; x_wconf 86' lang='lat' dir='ltr'>scriptum</span> <span class='ocrx_word' id='word_1_242' title='bbox 1105 2438 1191 2473; x_wconf 86' lang='lat' dir='ltr'>est:</span> <span class='ocrx_word' id='word_1_243' title='bbox 1213 2448 1232 2470; x_wconf 89' lang='lat'>«</span> <span class='ocrx_word' id='word_1_244' title='bbox 1249 2432 1312 2472; x_wconf 76' lang='lat' dir='ltr'>&#39;Ex</span> <span class='ocrx_word' id='word_1_245' title='bbox 1335 2428 1550 2475; x_wconf 86' lang='lat' dir='ltr'>fructibus</span> <span class='ocrx_word' id='word_1_246' title='bbox 1571 2445 1723 2474; x_wconf 86' lang='lat' dir='ltr'>eorum</span> 
     </span>
     <span class='ocr_line' id='line_1_29' title="bbox 344 2497 1723 2560; baseline 0.003 -20"><span class='ocrx_word' id='word_1_247' title='bbox 344 2514 364 2536; x_wconf 91' lang='lat'>»</span> <span class='ocrx_word' id='word_1_248' title='bbox 399 2498 666 2556; x_wconf 83' lang='lat' dir='ltr'>cognoscetis</span> <span class='ocrx_word' id='word_1_249' title='bbox 687 2513 759 2542; x_wconf 87' lang='lat' dir='ltr'>eos</span> <span class='ocrx_word' id='word_1_250' title='bbox 777 2499 815 2553; x_wconf 81' lang='lat'>³,</span> <span class='ocrx_word' id='word_1_251' title='bbox 842 2519 858 2539; x_wconf 89' lang='lat'>»</span> <span class='ocrx_word' id='word_1_252' title='bbox 884 2497 938 2541; x_wconf 85' lang='lat' dir='ltr'>de</span> <span class='ocrx_word' id='word_1_253' title='bbox 958 2497 1192 2542; x_wconf 83' lang='lat' dir='ltr'>manifestis</span> <span class='ocrx_word' id='word_1_254' title='bbox 1206 2499 1372 2543; x_wconf 89' lang='lat' dir='ltr'>dictum</span> <span class='ocrx_word' id='word_1_255' title='bbox 1400 2509 1485 2556; x_wconf 82' lang='lat' dir='ltr'>est,</span> <span class='ocrx_word' id='word_1_256' title='bbox 1505 2516 1605 2560; x_wconf 85' lang='lat' dir='ltr'>quae</span> <span class='ocrx_word' id='word_1_257' title='bbox 1633 2515 1723 2544; x_wconf 90' lang='lat' dir='ltr'>non</span> 
     </span>
    </p>
   </div>
   <div class='ocr_carea' id='block_1_6' title="bbox 387 2593 1410 2636">
    <p class='ocr_par' dir='ltr' id='par_1_6' title="bbox 387 2593 1410 2636">
     <span class='ocr_line' id='line_1_30' title="bbox 387 2593 1410 2636; baseline 0.005 -12"><span class='ocrx_word' id='word_1_258' title='bbox 387 2598 394 2615; x_wconf 89' lang='lat'><strong>¹</strong></span> <span class='ocrx_word' id='word_1_259' title='bbox 415 2601 435 2624; x_wconf 89' lang='lat'>2</span> <span class='ocrx_word' id='word_1_260' title='bbox 458 2595 529 2626; x_wconf 89' lang='lat' dir='ltr'>Cor.</span> <span class='ocrx_word' id='word_1_261' title='bbox 550 2605 592 2635; x_wconf 81' lang='lat' dir='ltr'>xi,</span> <span class='ocrx_word' id='word_1_262' title='bbox 608 2595 693 2627; x_wconf 80' lang='lat'>23·2</span> <span class='ocrx_word' id='word_1_263' title='bbox 709 2605 786 2636; x_wconf 84' lang='lat'>7.—</span> <span class='ocrx_word' id='word_1_264' title='bbox 806 2601 819 2617; x_wconf 82' lang='lat'><em>²</em></span> <span class='ocrx_word' id='word_1_265' title='bbox 839 2593 962 2627; x_wconf 86' lang='lat' dir='ltr'>Matth.</span> <span class='ocrx_word' id='word_1_266' title='bbox 984 2605 1040 2636; x_wconf 79' lang='lat' dir='ltr'>vu,</span> <span class='ocrx_word' id='word_1_267' title='bbox 1062 2605 1091 2634; x_wconf 88' lang='lat'>1,</span> <span class='ocrx_word' id='word_1_268' title='bbox 1108 2605 1138 2627; x_wconf 84' lang='lat'>2.</span> <span class='ocrx_word' id='word_1_269' title='bbox 1156 2612 1198 2617; x_wconf 96' lang='lat'>-—</span> <span class='ocrx_word' id='word_1_270' title='bbox 1222 2593 1235 2618; x_wconf 85' lang='lat'><em>3</em></span> <span class='ocrx_word' id='word_1_271' title='bbox 1254 2595 1334 2629; x_wconf 87' lang='lat' dir='ltr'>Ibid.</span> <span class='ocrx_word' id='word_1_272' title='bbox 1360 2596 1410 2629; x_wconf 80' lang='lat'>13.</span> 
     </span>
    </p>
   </div>
  </div>
 </body>
</html>
