<?xml version="1.0" encoding="UTF-8"?>
<!DOCTYPE html PUBLIC "-//W3C//DTD XHTML 1.0 Transitional//EN"
    "http://www.w3.org/TR/xhtml1/DTD/xhtml1-transitional.dtd">
<html xmlns="http://www.w3.org/1999/xhtml" xml:lang="en" lang="en">
 <head>
  <title>
</title>
<meta http-equiv="Content-Type" content="text/html;charset=utf-8" />
  <meta name='ocr-system' content='tesseract 3.04.00' />
  <meta name='ocr-capabilities' content='ocr_page ocr_carea ocr_par ocr_line ocrx_word'/>
</head>
<body>
  <div class='ocr_page' id='page_1' title='image "./operaomniaaccura14auguuoft_0231.png"; bbox 0 0 1819 3301; ppageno 0'>
   <div class='ocr_carea' id='block_1_1' title="bbox 391 232 1478 283">
    <p class='ocr_par' dir='ltr' id='par_1_1' title="bbox 391 232 1478 283">
     <span class='ocr_line' id='line_1_1' title="bbox 391 232 1478 283; baseline -0.003 -8"><span class='ocrx_word' id='word_1_1' title='bbox 391 247 530 275; x_wconf 65' lang='grc' dir='ltr'>5ΕῆΜο</span> <span class='ocrx_word' id='word_1_2' title='bbox 562 246 721 276; x_wconf 74' lang='lat' dir='ltr'>nomm</span> <span class='ocrx_word' id='word_1_3' title='bbox 752 246 796 274; x_wconf 66' lang='lat' dir='ltr'>nv</span> <span class='ocrx_word' id='word_1_4' title='bbox 830 245 1005 283; x_wconf 70' lang='lat' dir='ltr'>MONTE,</span> <span class='ocrx_word' id='word_1_5' title='bbox 1040 245 1122 272; x_wconf 75' lang='lat' dir='ltr'>mn.</span> <span class='ocrx_word' id='word_1_6' title='bbox 1159 245 1206 270; x_wconf 90' lang='lat'>11.</span> <span class='ocrx_word' id='word_1_7' title='bbox 1396 232 1478 272; x_wconf 83' lang='lat'>205</span> 
     </span>
    </p>
   </div>
   <div class='ocr_carea' id='block_1_2' title="bbox 99 446 495 463">
    <p class='ocr_par' dir='ltr' id='par_1_2' title="bbox 99 446 495 463">
     <span class='ocr_line' id='line_1_2' title="bbox 99 446 495 463; baseline -0.003 0"><span class='ocrx_word' id='word_1_8' title='bbox 99 446 495 463; x_wconf 48' lang='lat' dir='ltr'>§AN-§mmm</span> 
     </span>
    </p>
   </div>
   <div class='ocr_carea' id='block_1_3' title="bbox 496 444 906 462">
    <p class='ocr_par' dir='ltr' id='par_1_3' title="bbox 496 444 906 462">
     <span class='ocr_line' id='line_1_3' title="bbox 496 444 906 462; baseline 0 2839"><span class='ocrx_word' id='word_1_9' title='bbox 496 444 906 462; x_wconf 95' lang='lat' dir='ltr'> </span> 
     </span>
    </p>
   </div>
   <div class='ocr_carea' id='block_1_4' title="bbox 910 441 1475 459">
    <p class='ocr_par' dir='ltr' id='par_1_4' title="bbox 910 441 1475 459">
     <span class='ocr_line' id='line_1_4' title="bbox 910 441 1475 459; baseline -0.004 0"><span class='ocrx_word' id='word_1_10' title='bbox 910 441 1475 459; x_wconf 56' lang='lat' dir='ltr'>§WWWWMVM</span> 
     </span>
    </p>
   </div>
   <div class='ocr_carea' id='block_1_5' title="bbox 607 605 966 661">
    <p class='ocr_par' dir='ltr' id='par_1_5' title="bbox 607 605 966 661">
     <span class='ocr_line' id='line_1_5' title="bbox 607 605 966 661; baseline -0.006 0"><span class='ocrx_word' id='word_1_11' title='bbox 607 605 828 661; x_wconf 89' lang='lat' dir='ltr'>LIBER</span> <span class='ocrx_word' id='word_1_12' title='bbox 892 605 966 660; x_wconf 80' lang='grc' dir='ltr'>ΙΙ.</span> 
     </span>
    </p>
   </div>
   <div class='ocr_carea' id='block_1_6' title="bbox 101 795 1484 885">
    <p class='ocr_par' dir='ltr' id='par_1_6' title="bbox 101 795 1484 885">
     <span class='ocr_line' id='line_1_6' title="bbox 101 795 1484 835; baseline -0.003 -7"><span class='ocrx_word' id='word_1_13' title='bbox 101 796 134 828; x_wconf 69' lang='grc' dir='ltr'>ΙΝ</span> <span class='ocrx_word' id='word_1_14' title='bbox 153 804 364 829; x_wconf 67' lang='lat' dir='ltr'>Posrssaionnu</span> <span class='ocrx_word' id='word_1_15' title='bbox 382 804 503 828; x_wconf 64' lang='lat' dir='ltr'>mit-rim</span> <span class='ocrx_word' id='word_1_16' title='bbox 522 804 671 828; x_wconf 65' lang='lat' dir='ltr'>sunnonis</span> <span class='ocrx_word' id='word_1_17' title='bbox 686 796 802 827; x_wconf 71' lang='lat' dir='ltr'>Domui</span> <span class='ocrx_word' id='word_1_18' title='bbox 818 805 848 826; x_wconf 74' lang='lat' dir='ltr'>m</span> <span class='ocrx_word' id='word_1_19' title='bbox 865 803 967 826; x_wconf 68' lang='lat' dir='ltr'>noun:</span> <span class='ocrx_word' id='word_1_20' title='bbox 983 803 1187 835; x_wconf 67' lang='lat' dir='ltr'>‚commum</span> <span class='ocrx_word' id='word_1_21' title='bbox 1204 795 1355 826; x_wconf 73' lang='lat' dir='ltr'>Mm-fflm</span> <span class='ocrx_word' id='word_1_22' title='bbox 1371 802 1484 825; x_wconf 71' lang='lat' dir='ltr'>emn-</span> 
     </span>
     <span class='ocr_line' id='line_1_7' title="bbox 605 861 977 885; baseline 0 -1"><span class='ocrx_word' id='word_1_23' title='bbox 605 863 658 884; x_wconf 84' lang='lat' dir='ltr'>BUS</span> <span class='ocrx_word' id='word_1_24' title='bbox 676 862 771 885; x_wconf 72' lang='lat' dir='ltr'>sm&#39;ro</span> <span class='ocrx_word' id='word_1_25' title='bbox 785 862 822 884; x_wconf 82' lang='lat' dir='ltr'>ET</span> <span class='ocrx_word' id='word_1_26' title='bbox 838 861 977 884; x_wconf 77' lang='lat' dir='ltr'><strong>SEPTIMO·</strong></span> 
     </span>
    </p>
   </div>
   <div class='ocr_carea' id='block_1_7' title="bbox 100 1004 1549 2619">
    <p class='ocr_par' dir='ltr' id='par_1_7' title="bbox 100 1004 1549 2619">
     <span class='ocr_line' id='line_1_8' title="bbox 164 1004 1485 1069; baseline -0.002 -18"><span class='ocrx_word' id='word_1_27' title='bbox 164 1010 199 1051; x_wconf 94' lang='grc' dir='ltr'>Ι.</span> <span class='ocrx_word' id='word_1_28' title='bbox 231 1009 608 1064; x_wconf 69' lang='lat' dir='ltr'>M1sEmeonn1AM,</span> <span class='ocrx_word' id='word_1_29' title='bbox 643 1023 782 1069; x_wconf 90' lang='lat' dir='ltr'>usque</span> <span class='ocrx_word' id='word_1_30' title='bbox 817 1007 871 1052; x_wconf 90' lang='lat' dir='ltr'>ad</span> <span class='ocrx_word' id='word_1_31' title='bbox 899 1008 1022 1067; x_wconf 89' lang='lat' dir='ltr'>cujus</span> <span class='ocrx_word' id='word_1_32' title='bbox 1045 1006 1344 1051; x_wconf 74' lang='lat' dir='ltr'>tractationem</span> <span class='ocrx_word' id='word_1_33' title='bbox 1376 1004 1485 1049; x_wconf 88' lang='lat' dir='ltr'>liber</span> 
     </span>
     <span class='ocr_line' id='line_1_9' title="bbox 100 1076 1486 1140; baseline -0.001 -18"><span class='ocrx_word' id='word_1_34' title='bbox 100 1078 265 1139; x_wconf 83' lang='lat' dir='ltr'>primus</span> <span class='ocrx_word' id='word_1_35' title='bbox 283 1079 518 1124; x_wconf 89' lang='lat' dir='ltr'>terminum</span> <span class='ocrx_word' id='word_1_36' title='bbox 537 1080 719 1139; x_wconf 89' lang='lat' dir='ltr'>accepit,</span> <span class='ocrx_word' id='word_1_37' title='bbox 736 1079 931 1140; x_wconf 89' lang='lat' dir='ltr'>sequitur</span> <span class='ocrx_word' id='word_1_38' title='bbox 949 1078 1090 1124; x_wconf 89' lang='lat' dir='ltr'>cordis</span> <span class='ocrx_word' id='word_1_39' title='bbox 1106 1077 1350 1133; x_wconf 88' lang='lat' dir='ltr'>mundatio,</span> <span class='ocrx_word' id='word_1_40' title='bbox 1368 1076 1486 1122; x_wconf 88' lang='lat' dir='ltr'>unde</span> 
     </span>
     <span class='ocr_line' id='line_1_10' title="bbox 100 1149 1485 1203; baseline -0.002 -9"><span class='ocrx_word' id='word_1_41' title='bbox 100 1150 179 1195; x_wconf 86' lang='lat' dir='ltr'>iste</span> <span class='ocrx_word' id='word_1_42' title='bbox 210 1150 342 1195; x_wconf 90' lang='lat' dir='ltr'>sumit</span> <span class='ocrx_word' id='word_1_43' title='bbox 369 1150 608 1195; x_wconf 83' lang='lat' dir='ltr'>exordium.</span> <span class='ocrx_word' id='word_1_44' title='bbox 642 1150 794 1196; x_wconf 90' lang='lat' dir='ltr'>Cordis</span> <span class='ocrx_word' id='word_1_45' title='bbox 830 1159 976 1194; x_wconf 91' lang='lat' dir='ltr'>autem</span> <span class='ocrx_word' id='word_1_46' title='bbox 1011 1149 1237 1194; x_wconf 90' lang='lat' dir='ltr'>mundatio</span> <span class='ocrx_word' id='word_1_47' title='bbox 1274 1158 1360 1203; x_wconf 81' lang='lat' dir='ltr'>est,</span> <span class='ocrx_word' id='word_1_48' title='bbox 1386 1157 1485 1192; x_wconf 90' lang='lat' dir='ltr'>tan-</span> 
     </span>
     <span class='ocr_line' id='line_1_11' title="bbox 100 1218 1486 1283; baseline -0.001 -18"><span class='ocrx_word' id='word_1_49' title='bbox 100 1237 233 1282; x_wconf 90' lang='lat' dir='ltr'>quam</span> <span class='ocrx_word' id='word_1_50' title='bbox 262 1221 377 1266; x_wconf 88' lang='lat' dir='ltr'>oculi</span> <span class='ocrx_word' id='word_1_51' title='bbox 397 1238 485 1283; x_wconf 91' lang='lat' dir='ltr'>quo</span> <span class='ocrx_word' id='word_1_52' title='bbox 514 1221 688 1266; x_wconf 88' lang='lat' dir='ltr'>videtur</span> <span class='ocrx_word' id='word_1_53' title='bbox 726 1224 861 1277; x_wconf 87' lang='lat' dir='ltr'>Deus,</span> <span class='ocrx_word' id='word_1_54' title='bbox 903 1222 1025 1282; x_wconf 88' lang='lat' dir='ltr'>eujus</span> <span class='ocrx_word' id='word_1_55' title='bbox 1057 1219 1259 1281; x_wconf 91' lang='lat' dir='ltr'>simplicis</span> <span class='ocrx_word' id='word_1_56' title='bbox 1294 1218 1486 1264; x_wconf 86' lang='lat' dir='ltr'>habendi</span> 
     </span>
     <span class='ocr_line' id='line_1_12' title="bbox 100 1290 1485 1353; baseline -0.001 -17"><span class='ocrx_word' id='word_1_57' title='bbox 100 1301 264 1337; x_wconf 83' lang='lat' dir='ltr'>tantam</span> <span class='ocrx_word' id='word_1_58' title='bbox 287 1308 436 1337; x_wconf 88' lang='lat' dir='ltr'>curam</span> <span class='ocrx_word' id='word_1_59' title='bbox 455 1308 544 1337; x_wconf 89' lang='lat' dir='ltr'>esse</span> <span class='ocrx_word' id='word_1_60' title='bbox 565 1301 760 1352; x_wconf 80' lang='lat' dir='ltr'>oportet,</span> <span class='ocrx_word' id='word_1_61' title='bbox 781 1301 989 1353; x_wconf 90' lang='lat' dir='ltr'>quantam</span> <span class='ocrx_word' id='word_1_62' title='bbox 1006 1293 1096 1352; x_wconf 82' lang='lat' dir='ltr'>ejus</span> <span class='ocrx_word' id='word_1_63' title='bbox 1115 1292 1175 1337; x_wconf 90' lang='lat' dir='ltr'>rei</span> <span class='ocrx_word' id='word_1_64' title='bbox 1196 1291 1382 1350; x_wconf 83' lang='lat' dir='ltr'>dignitas</span> <span class='ocrx_word' id='word_1_65' title='bbox 1405 1290 1485 1334; x_wconf 87' lang='lat' dir='ltr'>ssa-</span> 
     </span>
     <span class='ocr_line' id='line_1_13' title="bbox 101 1360 1486 1423; baseline -0.001 -17"><span class='ocrx_word' id='word_1_66' title='bbox 101 1362 232 1421; x_wconf 82' lang='lat' dir='ltr'>gitat,</span> <span class='ocrx_word' id='word_1_67' title='bbox 265 1378 363 1423; x_wconf 86' lang='lat' dir='ltr'>quae</span> <span class='ocrx_word' id='word_1_68' title='bbox 393 1362 469 1407; x_wconf 88' lang='lat' dir='ltr'>tali</span> <span class='ocrx_word' id='word_1_69' title='bbox 490 1361 618 1408; x_wconf 86' lang='lat' dir='ltr'>oculo</span> <span class='ocrx_word' id='word_1_70' title='bbox 651 1363 842 1423; x_wconf 85' lang='lat' dir='ltr'>conspici</span> <span class='ocrx_word' id='word_1_71' title='bbox 871 1372 1026 1422; x_wconf 87' lang='lat' dir='ltr'>potest.</span> <span class='ocrx_word' id='word_1_72' title='bbox 1053 1362 1165 1406; x_wconf 91' lang='lat' dir='ltr'>Huic</span> <span class='ocrx_word' id='word_1_73' title='bbox 1191 1370 1337 1406; x_wconf 86' lang='lat' dir='ltr'>autem</span> <span class='ocrx_word' id='word_1_74' title='bbox 1359 1360 1486 1405; x_wconf 90' lang='lat' dir='ltr'>oculo</span> 
     </span>
     <span class='ocr_line' id='line_1_14' title="bbox 100 1432 1486 1493; baseline -0.001 -17"><span class='ocrx_word' id='word_1_75' title='bbox 100 1447 257 1492; x_wconf 82' lang='lat' dir='ltr'>magna</span> <span class='ocrx_word' id='word_1_76' title='bbox 290 1449 341 1477; x_wconf 88' lang='lat' dir='ltr'>ex</span> <span class='ocrx_word' id='word_1_77' title='bbox 361 1443 484 1493; x_wconf 90' lang='lat' dir='ltr'>parte</span> <span class='ocrx_word' id='word_1_78' title='bbox 507 1434 718 1478; x_wconf 89' lang='lat' dir='ltr'>mundato</span> <span class='ocrx_word' id='word_1_79' title='bbox 745 1432 922 1478; x_wconf 84' lang='lat' dir='ltr'>difficile</span> <span class='ocrx_word' id='word_1_80' title='bbox 946 1442 1008 1477; x_wconf 87' lang='lat' dir='ltr'>est</span> <span class='ocrx_word' id='word_1_81' title='bbox 1029 1449 1118 1477; x_wconf 93' lang='lat' dir='ltr'>non</span> <span class='ocrx_word' id='word_1_82' title='bbox 1139 1433 1372 1491; x_wconf 84' lang='lat' dir='ltr'>subrepere</span> <span class='ocrx_word' id='word_1_83' title='bbox 1392 1447 1486 1476; x_wconf 87' lang='lat' dir='ltr'>sor·</span> 
     </span>
     <span class='ocr_line' id='line_1_15' title="bbox 101 1502 1486 1564; baseline 0 -17"><span class='ocrx_word' id='word_1_84' title='bbox 101 1503 176 1548; x_wconf 88' lang='lat' dir='ltr'>des</span> <span class='ocrx_word' id='word_1_85' title='bbox 198 1504 363 1564; x_wconf 88' lang='lat' dir='ltr'>aliquas</span> <span class='ocrx_word' id='word_1_86' title='bbox 391 1504 446 1548; x_wconf 88' lang='lat' dir='ltr'>de</span> <span class='ocrx_word' id='word_1_87' title='bbox 468 1505 534 1548; x_wconf 91' lang='lat' dir='ltr'>his</span> <span class='ocrx_word' id='word_1_88' title='bbox 558 1503 686 1548; x_wconf 88' lang='lat' dir='ltr'>rebus</span> <span class='ocrx_word' id='word_1_89' title='bbox 702 1540 712 1559; x_wconf 90' lang='lat'>‚</span> <span class='ocrx_word' id='word_1_90' title='bbox 738 1520 838 1564; x_wconf 84' lang='lat' dir='ltr'>quae</span> <span class='ocrx_word' id='word_1_91' title='bbox 867 1505 978 1564; x_wconf 90' lang='lat' dir='ltr'>ipsas</span> <span class='ocrx_word' id='word_1_92' title='bbox 1000 1504 1133 1548; x_wconf 88' lang='lat' dir='ltr'>bonas</span> <span class='ocrx_word' id='word_1_93' title='bbox 1163 1512 1328 1547; x_wconf 87' lang='lat' dir='ltr'>nostras</span> <span class='ocrx_word' id='word_1_94' title='bbox 1350 1502 1486 1547; x_wconf 90' lang='lat' dir='ltr'>actio-</span> 
     </span>
     <span class='ocr_line' id='line_1_16' title="bbox 101 1571 1486 1633; baseline -0.001 -16"><span class='ocrx_word' id='word_1_95' title='bbox 101 1589 176 1617; x_wconf 88' lang='lat' dir='ltr'>nes</span> <span class='ocrx_word' id='word_1_96' title='bbox 209 1574 405 1619; x_wconf 90' lang='lat' dir='ltr'>comitari</span> <span class='ocrx_word' id='word_1_97' title='bbox 433 1574 599 1630; x_wconf 81' lang='lat' dir='ltr'>solent,</span> <span class='ocrx_word' id='word_1_98' title='bbox 637 1573 773 1619; x_wconf 87' lang='lat' dir='ltr'>veluti</span> <span class='ocrx_word' id='word_1_99' title='bbox 805 1583 868 1619; x_wconf 88' lang='lat' dir='ltr'>est</span> <span class='ocrx_word' id='word_1_100' title='bbox 896 1574 990 1618; x_wconf 90' lang='lat' dir='ltr'>laus</span> <span class='ocrx_word' id='word_1_101' title='bbox 1020 1575 1227 1617; x_wconf 89' lang='lat' dir='ltr'>humana.</span> <span class='ocrx_word' id='word_1_102' title='bbox 1263 1571 1486 1633; x_wconf 89' lang='lat' dir='ltr'>Siquidem</span> 
     </span>
     <span class='ocr_line' id='line_1_17' title="bbox 101 1643 1483 1705; baseline -0.001 -17"><span class='ocrx_word' id='word_1_103' title='bbox 101 1660 190 1689; x_wconf 91' lang='lat' dir='ltr'>non</span> <span class='ocrx_word' id='word_1_104' title='bbox 218 1654 334 1690; x_wconf 86' lang='lat' dir='ltr'>recte</span> <span class='ocrx_word' id='word_1_105' title='bbox 355 1645 500 1690; x_wconf 90' lang='lat' dir='ltr'>vivere</span> <span class='ocrx_word' id='word_1_106' title='bbox 517 1680 527 1700; x_wconf 86' lang='lat'>,</span> <span class='ocrx_word' id='word_1_107' title='bbox 560 1646 853 1705; x_wconf 85' lang='lat' dir='ltr'>perniciosum</span> <span class='ocrx_word' id='word_1_108' title='bbox 884 1653 948 1689; x_wconf 87' lang='lat' dir='ltr'>est</span> <span class='ocrx_word' id='word_1_109' title='bbox 970 1664 978 1689; x_wconf 78' lang='lat' dir='ltr'>z</span> <span class='ocrx_word' id='word_1_110' title='bbox 1012 1653 1126 1688; x_wconf 82' lang='lat' dir='ltr'>recte</span> <span class='ocrx_word' id='word_1_111' title='bbox 1150 1653 1294 1688; x_wconf 89' lang='lat' dir='ltr'>autem</span> <span class='ocrx_word' id='word_1_112' title='bbox 1317 1643 1483 1698; x_wconf 87' lang='lat' dir='ltr'>vivere,</span> 
     </span>
     <span class='ocr_line' id='line_1_18' title="bbox 101 1713 1487 1775; baseline -0.002 -16"><span class='ocrx_word' id='word_1_113' title='bbox 101 1724 145 1759; x_wconf 87' lang='lat' dir='ltr'>et</span> <span class='ocrx_word' id='word_1_114' title='bbox 188 1714 305 1760; x_wconf 88' lang='lat' dir='ltr'>nolle</span> <span class='ocrx_word' id='word_1_115' title='bbox 344 1713 542 1770; x_wconf 88' lang='lat' dir='ltr'>laudari,</span> <span class='ocrx_word' id='word_1_116' title='bbox 584 1714 693 1775; x_wconf 84' lang='lat' dir='ltr'>quid</span> <span class='ocrx_word' id='word_1_117' title='bbox 722 1724 786 1759; x_wconf 86' lang='lat' dir='ltr'>est</span> <span class='ocrx_word' id='word_1_118' title='bbox 811 1714 929 1758; x_wconf 93' lang='lat' dir='ltr'>aliud</span> <span class='ocrx_word' id='word_1_119' title='bbox 962 1729 1095 1774; x_wconf 88' lang='lat' dir='ltr'>quam</span> <span class='ocrx_word' id='word_1_120' title='bbox 1134 1714 1357 1757; x_wconf 90' lang='lat' dir='ltr'>inimicum</span> <span class='ocrx_word' id='word_1_121' title='bbox 1397 1728 1487 1756; x_wconf 85' lang='lat' dir='ltr'>esse</span> 
     </span>
     <span class='ocr_line' id='line_1_19' title="bbox 102 1783 1483 1845; baseline -0.001 -17"><span class='ocrx_word' id='word_1_122' title='bbox 102 1784 232 1829; x_wconf 83' lang='lat' dir='ltr'>rebus</span> <span class='ocrx_word' id='word_1_123' title='bbox 286 1785 515 1841; x_wconf 85' lang='lat' dir='ltr'>humanis,</span> <span class='ocrx_word' id='word_1_124' title='bbox 559 1800 658 1845; x_wconf 87' lang='lat' dir='ltr'>quae</span> <span class='ocrx_word' id='word_1_125' title='bbox 708 1785 860 1845; x_wconf 89' lang='lat' dir='ltr'>utique</span> <span class='ocrx_word' id='word_1_126' title='bbox 902 1793 1025 1828; x_wconf 86' lang='lat' dir='ltr'>tanto</span> <span class='ocrx_word' id='word_1_127' title='bbox 1072 1792 1173 1828; x_wconf 89' lang='lat' dir='ltr'>sunt</span> <span class='ocrx_word' id='word_1_128' title='bbox 1215 1783 1454 1827; x_wconf 89' lang='lat' dir='ltr'>miseriores</span> <span class='ocrx_word' id='word_1_129' title='bbox 1472 1817 1483 1837; x_wconf 90' lang='lat'>,</span> 
     </span>
     <span class='ocr_line' id='line_1_20' title="bbox 102 1853 1486 1915; baseline -0.001 -17"><span class='ocrx_word' id='word_1_130' title='bbox 102 1864 267 1915; x_wconf 87' lang='lat' dir='ltr'>quanto</span> <span class='ocrx_word' id='word_1_131' title='bbox 299 1856 441 1899; x_wconf 90' lang='lat' dir='ltr'>minus</span> <span class='ocrx_word' id='word_1_132' title='bbox 467 1855 610 1915; x_wconf 87' lang='lat' dir='ltr'>placet</span> <span class='ocrx_word' id='word_1_133' title='bbox 640 1864 755 1900; x_wconf 88' lang='lat' dir='ltr'>recta</span> <span class='ocrx_word' id='word_1_134' title='bbox 793 1855 879 1900; x_wconf 89' lang='lat' dir='ltr'>vita</span> <span class='ocrx_word' id='word_1_135' title='bbox 913 1854 1172 1899; x_wconf 75' lang='lat' dir='ltr'>hominum?</span> <span class='ocrx_word' id='word_1_136' title='bbox 1208 1853 1250 1898; x_wconf 90' lang='lat' dir='ltr'>Si</span> <span class='ocrx_word' id='word_1_137' title='bbox 1277 1868 1380 1912; x_wconf 82' lang='lat' dir='ltr'>ergo</span> <span class='ocrx_word' id='word_1_138' title='bbox 1416 1853 1486 1896; x_wconf 90' lang='lat' dir='ltr'>in-</span> 
     </span>
     <span class='ocr_line' id='line_1_21' title="bbox 103 1922 1488 1985; baseline -0.001 -17"><span class='ocrx_word' id='word_1_139' title='bbox 103 1934 168 1969; x_wconf 90' lang='lat' dir='ltr'>ter</span> <span class='ocrx_word' id='word_1_140' title='bbox 197 1940 305 1985; x_wconf 87' lang='lat' dir='ltr'>quos</span> <span class='ocrx_word' id='word_1_141' title='bbox 335 1926 464 1980; x_wconf 87' lang='lat' dir='ltr'>vivis,</span> <span class='ocrx_word' id='word_1_142' title='bbox 496 1934 539 1969; x_wconf 89' lang='lat' dir='ltr'>te</span> <span class='ocrx_word' id='word_1_143' title='bbox 567 1934 682 1969; x_wconf 85' lang='lat' dir='ltr'>recte</span> <span class='ocrx_word' id='word_1_144' title='bbox 711 1925 931 1970; x_wconf 83' lang='lat' dir='ltr'>viventem</span> <span class='ocrx_word' id='word_1_145' title='bbox 961 1939 1051 1968; x_wconf 90' lang='lat' dir='ltr'>non</span> <span class='ocrx_word' id='word_1_146' title='bbox 1090 1922 1394 1978; x_wconf 87' lang='lat' dir='ltr'>laudaverint,</span> <span class='ocrx_word' id='word_1_147' title='bbox 1425 1922 1488 1966; x_wconf 91' lang='lat' dir='ltr'>illi</span> 
     </span>
     <span class='ocr_line' id='line_1_22' title="bbox 102 1994 1488 2055; baseline -0.002 -14"><span class='ocrx_word' id='word_1_148' title='bbox 102 1995 149 2040; x_wconf 90' lang='lat' dir='ltr'>in</span> <span class='ocrx_word' id='word_1_149' title='bbox 171 2012 315 2041; x_wconf 86' lang='lat' dir='ltr'>errore</span> <span class='ocrx_word' id='word_1_150' title='bbox 336 2006 437 2041; x_wconf 92' lang='lat' dir='ltr'>sunt</span> <span class='ocrx_word' id='word_1_151' title='bbox 463 2015 472 2041; x_wconf 73' lang='grc' dir='ltr'>ε</span> <span class='ocrx_word' id='word_1_152' title='bbox 498 1997 532 2041; x_wconf 90' lang='lat' dir='ltr'>si</span> <span class='ocrx_word' id='word_1_153' title='bbox 549 2006 692 2041; x_wconf 87' lang='lat' dir='ltr'>autem</span> <span class='ocrx_word' id='word_1_154' title='bbox 712 1995 1011 2051; x_wconf 89' lang='lat' dir='ltr'>laudaverint,</span> <span class='ocrx_word' id='word_1_155' title='bbox 1036 2004 1085 2040; x_wconf 89' lang='lat' dir='ltr'>tu</span> <span class='ocrx_word' id='word_1_156' title='bbox 1106 1995 1152 2039; x_wconf 90' lang='lat' dir='ltr'>in</span> <span class='ocrx_word' id='word_1_157' title='bbox 1173 1994 1365 2055; x_wconf 88' lang='lat' dir='ltr'>periculo</span> <span class='ocrx_word' id='word_1_158' title='bbox 1383 1995 1488 2039; x_wconf 91' lang='lat' dir='ltr'>:nisi</span> 
     </span>
     <span class='ocr_line' id='line_1_23' title="bbox 103 2066 1490 2127; baseline -0.001 -17"><span class='ocrx_word' id='word_1_159' title='bbox 103 2074 192 2110; x_wconf 89' lang='lat' dir='ltr'>tam</span> <span class='ocrx_word' id='word_1_160' title='bbox 225 2066 404 2127; x_wconf 87' lang='lat' dir='ltr'>simplex</span> <span class='ocrx_word' id='word_1_161' title='bbox 427 2082 502 2111; x_wconf 88' lang='lat' dir='ltr'>cor</span> <span class='ocrx_word' id='word_1_162' title='bbox 523 2067 727 2111; x_wconf 88' lang='lat' dir='ltr'>habueris</span> <span class='ocrx_word' id='word_1_163' title='bbox 748 2075 791 2110; x_wconf 89' lang='lat' dir='ltr'>et</span> <span class='ocrx_word' id='word_1_164' title='bbox 814 2066 1059 2122; x_wconf 87' lang='lat' dir='ltr'>mundum,</span> <span class='ocrx_word' id='word_1_165' title='bbox 1090 2075 1139 2110; x_wconf 91' lang='lat' dir='ltr'>ut</span> <span class='ocrx_word' id='word_1_166' title='bbox 1169 2081 1217 2110; x_wconf 92' lang='lat' dir='ltr'>ea</span> <span class='ocrx_word' id='word_1_167' title='bbox 1249 2081 1347 2126; x_wconf 87' lang='lat' dir='ltr'>quae</span> <span class='ocrx_word' id='word_1_168' title='bbox 1375 2074 1490 2109; x_wconf 84' lang='lat' dir='ltr'>recte</span> 
     </span>
     <span class='ocr_line' id='line_1_24' title="bbox 105 2134 1491 2197; baseline -0.001 -17"><span class='ocrx_word' id='word_1_169' title='bbox 105 2135 208 2181; x_wconf 87' lang='lat' dir='ltr'>facis</span> <span class='ocrx_word' id='word_1_170' title='bbox 229 2153 319 2181; x_wconf 92' lang='lat' dir='ltr'>non</span> <span class='ocrx_word' id='word_1_171' title='bbox 341 2146 517 2197; x_wconf 89' lang='lat' dir='ltr'>propter</span> <span class='ocrx_word' id='word_1_172' title='bbox 548 2137 696 2182; x_wconf 90' lang='lat' dir='ltr'>laudes</span> <span class='ocrx_word' id='word_1_173' title='bbox 727 2137 953 2182; x_wconf 87' lang='lat' dir='ltr'>hominurn</span> <span class='ocrx_word' id='word_1_174' title='bbox 977 2137 1134 2194; x_wconf 74' lang='lat' dir='ltr'>facias,</span> <span class='ocrx_word' id='word_1_175' title='bbox 1159 2137 1379 2196; x_wconf 79' lang='lat' dir='ltr'>magisque</span> <span class='ocrx_word' id='word_1_176' title='bbox 1407 2134 1491 2179; x_wconf 88' lang='lat' dir='ltr'>illis</span> 
     </span>
     <span class='ocr_line' id='line_1_25' title="bbox 105 2207 1493 2268; baseline 0 -17"><span class='ocrx_word' id='word_1_177' title='bbox 105 2216 222 2252; x_wconf 89' lang='lat' dir='ltr'>recta</span> <span class='ocrx_word' id='word_1_178' title='bbox 249 2207 529 2252; x_wconf 88' lang='lat' dir='ltr'>laudantibus</span> <span class='ocrx_word' id='word_1_179' title='bbox 567 2207 816 2268; x_wconf 79' lang='lat' dir='ltr'>gratuleris,</span> <span class='ocrx_word' id='word_1_180' title='bbox 849 2208 1009 2268; x_wconf 90' lang='lat' dir='ltr'>quibus</span> <span class='ocrx_word' id='word_1_181' title='bbox 1031 2207 1076 2251; x_wconf 91' lang='lat' dir='ltr'>id</span> <span class='ocrx_word' id='word_1_182' title='bbox 1105 2207 1224 2267; x_wconf 90' lang='lat' dir='ltr'>quod</span> <span class='ocrx_word' id='word_1_183' title='bbox 1244 2207 1407 2250; x_wconf 90' lang='lat' dir='ltr'>bonum</span> <span class='ocrx_word' id='word_1_184' title='bbox 1430 2215 1493 2251; x_wconf 89' lang='lat' dir='ltr'>est</span> 
     </span>
     <span class='ocr_line' id='line_1_26' title="bbox 106 2277 1490 2339; baseline -0.001 -18"><span class='ocrx_word' id='word_1_185' title='bbox 106 2277 270 2336; x_wconf 87' lang='lat' dir='ltr'>placet,</span> <span class='ocrx_word' id='word_1_186' title='bbox 295 2293 428 2338; x_wconf 90' lang='lat' dir='ltr'>quam</span> <span class='ocrx_word' id='word_1_187' title='bbox 445 2279 526 2322; x_wconf 87' lang='lat' dir='ltr'>tibi</span> <span class='ocrx_word' id='word_1_188' title='bbox 548 2279 628 2339; x_wconf 90' lang='lat' dir='ltr'>ipsi</span> <span class='ocrx_word' id='word_1_189' title='bbox 647 2300 658 2337; x_wconf 76' lang='lat'>3</span> <span class='ocrx_word' id='word_1_190' title='bbox 682 2280 784 2339; x_wconf 91' lang='lat' dir='ltr'>quia</span> <span class='ocrx_word' id='word_1_191' title='bbox 806 2288 922 2323; x_wconf 90' lang='lat' dir='ltr'>recte</span> <span class='ocrx_word' id='word_1_192' title='bbox 944 2278 1129 2332; x_wconf 82' lang='lat' dir='ltr'>viveres,</span> <span class='ocrx_word' id='word_1_193' title='bbox 1154 2277 1283 2321; x_wconf 92' lang='lat' dir='ltr'>etiam</span> <span class='ocrx_word' id='word_1_194' title='bbox 1302 2277 1336 2321; x_wconf 90' lang='lat' dir='ltr'>si</span> <span class='ocrx_word' id='word_1_195' title='bbox 1362 2291 1490 2321; x_wconf 91' lang='lat' dir='ltr'>nemo</span> 
     </span>
     <span class='ocr_line' id='line_1_27' title="bbox 107 2346 1491 2409; baseline -0.001 -18"><span class='ocrx_word' id='word_1_196' title='bbox 107 2346 303 2392; x_wconf 86' lang='lat' dir='ltr'>laudaret</span> <span class='ocrx_word' id='word_1_197' title='bbox 329 2367 338 2393; x_wconf 77' lang='lat'>2</span> <span class='ocrx_word' id='word_1_198' title='bbox 362 2348 586 2409; x_wconf 89' lang='lat' dir='ltr'>ipsamque</span> <span class='ocrx_word' id='word_1_199' title='bbox 619 2348 795 2393; x_wconf 92' lang='lat' dir='ltr'>laudem</span> <span class='ocrx_word' id='word_1_200' title='bbox 825 2359 943 2393; x_wconf 89' lang='lat' dir='ltr'>tuam</span> <span class='ocrx_word' id='word_1_201' title='bbox 971 2357 1077 2392; x_wconf 89' lang='lat' dir='ltr'>tunc</span> <span class='ocrx_word' id='word_1_202' title='bbox 1098 2346 1310 2405; x_wconf 86' lang='lat' dir='ltr'>intelligas</span> <span class='ocrx_word' id='word_1_203' title='bbox 1342 2346 1491 2390; x_wconf 89' lang='lat' dir='ltr'>utilem</span> 
     </span>
     <span class='ocr_line' id='line_1_28' title="bbox 109 2417 1549 2479; baseline -0.001 -17"><span class='ocrx_word' id='word_1_204' title='bbox 109 2433 198 2462; x_wconf 89' lang='lat' dir='ltr'>esse</span> <span class='ocrx_word' id='word_1_205' title='bbox 229 2418 511 2463; x_wconf 89' lang='lat' dir='ltr'>laudantibus</span> <span class='ocrx_word' id='word_1_206' title='bbox 527 2454 538 2474; x_wconf 95' lang='lat'>,</span> <span class='ocrx_word' id='word_1_207' title='bbox 564 2419 598 2463; x_wconf 88' lang='lat' dir='ltr'>si</span> <span class='ocrx_word' id='word_1_208' title='bbox 626 2435 715 2464; x_wconf 87' lang='lat' dir='ltr'>non</span> <span class='ocrx_word' id='word_1_209' title='bbox 736 2429 779 2463; x_wconf 90' lang='lat' dir='ltr'>te</span> <span class='ocrx_word' id='word_1_210' title='bbox 804 2419 946 2479; x_wconf 88' lang='lat' dir='ltr'>ipsum</span> <span class='ocrx_word' id='word_1_211' title='bbox 970 2419 1016 2462; x_wconf 92' lang='lat' dir='ltr'>in</span> <span class='ocrx_word' id='word_1_212' title='bbox 1038 2427 1113 2462; x_wconf 92' lang='lat' dir='ltr'>tua</span> <span class='ocrx_word' id='word_1_213' title='bbox 1134 2418 1247 2461; x_wconf 89' lang='lat' dir='ltr'>bona</span> <span class='ocrx_word' id='word_1_214' title='bbox 1277 2418 1364 2462; x_wconf 87' lang='lat' dir='ltr'>vita</span> <span class='ocrx_word' id='word_1_215' title='bbox 1382 2452 1392 2472; x_wconf 87' lang='lat'>,</span> <span class='ocrx_word' id='word_1_216' title='bbox 1418 2417 1494 2461; x_wconf 89' lang='lat' dir='ltr'>sed</span> <span class='ocrx_word' id='word_1_217' title='bbox 1547 2473 1549 2475; x_wconf 17' lang='grc' dir='ltr'><strong><em>ι</em></strong></span> 
     </span>
     <span class='ocr_line' id='line_1_29' title="bbox 110 2487 1493 2549; baseline 0 -17"><span class='ocrx_word' id='word_1_218' title='bbox 110 2490 249 2532; x_wconf 90' lang='lat' dir='ltr'>Deum</span> <span class='ocrx_word' id='word_1_219' title='bbox 271 2489 511 2545; x_wconf 85' lang='lat' dir='ltr'>honorent,</span> <span class='ocrx_word' id='word_1_220' title='bbox 549 2490 671 2549; x_wconf 89' lang='lat' dir='ltr'>cujus</span> <span class='ocrx_word' id='word_1_221' title='bbox 701 2489 1016 2534; x_wconf 88' lang='lat' dir='ltr'>sanctissimum</span> <span class='ocrx_word' id='word_1_222' title='bbox 1045 2487 1258 2547; x_wconf 89' lang='lat' dir='ltr'>templum</span> <span class='ocrx_word' id='word_1_223' title='bbox 1287 2497 1350 2532; x_wconf 89' lang='lat' dir='ltr'>est</span> <span class='ocrx_word' id='word_1_224' title='bbox 1371 2487 1493 2547; x_wconf 89' lang='lat' dir='ltr'>quis-</span> 
     </span>
     <span class='ocr_line' id='line_1_30' title="bbox 110 2558 1494 2619; baseline 0 -16"><span class='ocrx_word' id='word_1_225' title='bbox 110 2559 207 2618; x_wconf 89' lang='lat' dir='ltr'>quis</span> <span class='ocrx_word' id='word_1_226' title='bbox 230 2558 333 2604; x_wconf 89' lang='lat' dir='ltr'>vivit</span> <span class='ocrx_word' id='word_1_227' title='bbox 353 2559 465 2604; x_wconf 87' lang='lat' dir='ltr'>bene</span> <span class='ocrx_word' id='word_1_228' title='bbox 487 2578 496 2605; x_wconf 75' lang='grc' dir='ltr'><strong><em>ι</em></strong></span> <span class='ocrx_word' id='word_1_229' title='bbox 520 2569 570 2605; x_wconf 86' lang='lat' dir='ltr'>ut</span> <span class='ocrx_word' id='word_1_230' title='bbox 591 2559 702 2604; x_wconf 85' lang='lat' dir='ltr'>illud</span> <span class='ocrx_word' id='word_1_231' title='bbox 730 2559 962 2619; x_wconf 83' lang='lat' dir='ltr'>impleatur</span> <span class='ocrx_word' id='word_1_232' title='bbox 979 2559 1098 2619; x_wconf 88' lang='lat' dir='ltr'>quod</span> <span class='ocrx_word' id='word_1_233' title='bbox 1118 2559 1176 2603; x_wconf 85' lang='lat' dir='ltr'>ait</span> <span class='ocrx_word' id='word_1_234' title='bbox 1199 2559 1337 2604; x_wconf 88' lang='lat' dir='ltr'>David</span> <span class='ocrx_word' id='word_1_235' title='bbox 1359 2577 1367 2603; x_wconf 76' lang='grc' dir='ltr'><strong><em>ι</em></strong></span> <span class='ocrx_word' id='word_1_236' title='bbox 1397 2577 1417 2601; x_wconf 94' lang='lat'>«</span> <span class='ocrx_word' id='word_1_237' title='bbox 1442 2561 1494 2603; x_wconf 90' lang='lat' dir='ltr'>In</span> 
     </span>
    </p>
   </div>
  </div>
 </body>
</html>
