1819 3301
243 257 296 283 DE
327 254 534 284 comt-:usu
568 252 980 296 EVANGELISTARUM‚
1016 257 1097 284 Lm.
1134 258 1199 284 111.
1363 247 1414 285 17

38 330 113 365 cut
129 322 256 365 etiam
277 338 391 366 unus
412 323 544 367 homo
562 331 627 366 ter
649 331 793 382 posset
815 337 916 367 cum
939 321 1160 383 aliquanta
1181 323 1388 369 varietate
1403 360 1415 379 ,
1453 353 1459 358 -

38 391 158 436 nulla
179 400 321 437 tamen
339 393 610 438 adversitate.
636 396 774 438 Lucas
796 394 909 437 enim
932 403 1144 454 quantum
1168 395 1223 438 ab
1245 395 1303 438 eis
1321 410 1418 454 pro-

38 477 225 520 gressus,
249 462 293 507 id
313 472 377 507 est
395 499 406 519 ‚
431 463 605 508 avulsus
627 463 758 509 fuerit
774 476 824 511 ut
841 474 983 510 oraret
997 500 1008 521 ,
1027 465 1295 510 manifestius
1318 481 1419 525 ape-

38 533 150 587 ruit,
177 532 344 578 dicens:
364 553 384 576 «
408 536 632 587 Quantum
648 535 788 594 jactus
803 544 866 579 est
886 535 1055 595 lapidis.
1083 553 1104 577 us
1123 539 1257 581 Porro
1273 545 1418 580 autem

38 605 209 647 Marcus
233 603 372 661 primo
395 619 446 647 ex
463 604 604 648 verbis
626 604 712 648 suis
742 604 856 648 idem
875 607 1063 650 narravit
1080 622 1249 665 rogasse
1272 606 1421 651 Domi-

39 687 162 727 num,
182 692 197 712 «
218 675 274 716 Ut
291 672 324 716 si
346 673 438 716 fieri
459 683 622 732 posset,
643 674 842 718 transiret
863 674 916 718 ab
939 691 990 720 co
1008 675 1079 720 illa
1101 677 1258 731 hora‚>›
1270 677 1315 720 id
1338 686 1416 732 est,

39 742 264 801 passionis»,
289 759 422 802 quam
456 743 597 787 calicis
618 744 794 788 nomine
825 759 923 788 mox
953 746 1222 802 significavit.
1256 746 1422 791 Deinde

40 812 171 856 verba
199 813 288 871 ipsa
320 813 491 858 Domini
517 814 576 858 sic
605 815 861 859 enuntiavit.
892 834 911 857 «
940 815 1066 860 Abba
1090 819 1215 860 Pater
1233 852 1243 871 ‚
1278 818 1422 862 onmia

44 900 63 922 »
101 882 178 925 tibi
200 882 416 941 possibilia
435 892 537 927 sunt
553 919 564 938 ,
590 882 774 928 transfer
790 883 966 928 calicem
988 886 1105 929 hunc
1128 902 1150 930 a
1172 902 1287 930 me.»
1314 887 1423 940 Qui-

41 952 122 997 bus
156 954 298 997 verbis
329 955 362 998 si
395 954 602 1014 adjungas
637 956 757 1015 quod
784 955 848 999 illi
880 956 968 999 duo
992 955 1217 1012 dixerunt,
1242 967 1284 1001 et
1304 958 1424 1017 quod

40 1024 129 1083 ipse
152 1024 280 1067 etiam
302 1027 471 1069 Marcus
510 1040 559 1068 ex
590 1030 771 1084 persona
799 1041 873 1069 sua
911 1026 1071 1085 pariter
1097 1043 1225 1086 supra
1248 1029 1420 1087 posuit,

41 1095 100 1139 ita
121 1096 333 1139 sententia
350 1095 651 1140 manifestatur
675 1116 682 1141 :
710 1115 729 1138 «
751 1100 898 1152 Pater,
924 1098 957 1140 si
979 1099 1072 1141 fieri
1093 1108 1256 1157 potest,
1278 1101 1424 1144 omnia

45 1183 64 1205 n
100 1165 212 1208 enim
231 1164 308 1208 tibi
324 1164 539 1224 possibilia
557 1175 673 1220 sunt,
690 1165 874 1210 transfer
891 1166 1068 1211 calicem
1083 1168 1212 1212 istum
1229 1185 1251 1213 a
1268 1173 1361 1213 me¹
1379 1189 1388 1215 :
1403 1189 1423 1212 »

42 1250 97 1279 ne
120 1234 216 1294 quis
239 1250 337 1278 eum
351 1244 525 1294 putaret
542 1237 678 1280 Patris
695 1236 902 1281 minuisse
923 1246 1196 1296 potestatem,
1217 1255 1318 1283 cum
1340 1241 1423 1286 ait:

47 1324 67 1346 «
104 1305 146 1349 Si
169 1305 260 1348 fieri
283 1314 422 1364 potest
441 1326 452 1362 3
481 1324 500 1346 »
522 1321 611 1350 non
633 1307 749 1349 enim
773 1306 896 1361 dixit,
924 1307 967 1352 Si
984 1307 1126 1352 facere
1143 1319 1291 1368 potes3
1319 1313 1394 1356 sed
1411 1347 1422 1367 ‚

50 1395 69 1417 «
105 1376 147 1420 Si
168 1376 261 1419 fieri
284 1386 425 1436 potest
445 1397 456 1434 3
485 1395 505 1417 n
538 1376 630 1421 fieri
659 1387 805 1422 autem
827 1388 969 1438 potest
987 1379 1107 1439 quod
1130 1381 1202 1425 ille
1218 1382 1420 1428 voluerit.

47 1447 113 1491 Sic
134 1447 281 1506 itaque
301 1446 468 1490 dictum
492 1456 555 1491 est
577 1467 585 1492 2
607 1467 626 1489 «
653 1449 695 1492 Si
716 1449 808 1492 fieri
826 1458 983 1508 potest,
1008 1468 1026 1490 »
1054 1466 1103 1495 ac
1126 1452 1160 1495 si
1182 1451 1398 1498 diceretur
1418 1473 1427 1499 ι

49 1535 68 1557 ε(
106 1516 149 1560 Si
171 1517 250 1560 vis.
280 1534 299 1557 u
326 1516 616 1562 Manifestavit
642 1518 757 1561 enim
777 1521 948 1563 Marcus
972 1536 1060 1579 quo
1078 1520 1305 1567 intellectu
1323 1525 1429 1568 acci-

45 1587 254 1646 piendum
272 1587 346 1642 sit,
372 1606 391 1629 «
415 1588 458 1632 Si
482 1588 573 1632 fieri
591 1598 758 1648 potest3
780 1608 800 1631 »
825 1591 1002 1650 quando
1025 1592 1109 1636 ait:
1132 1594 1325 1638 «Omnia
1350 1596 1429 1639 tibi

49 1676 69 1699 »
103 1659 321 1718 possibilia
346 1668 461 1703 sunt.
496 1677 517 1700 n
541 1662 598 1703 Et
625 1659 746 1719 quod
764 1674 1216 1708 commemoraverunt
1237 1680 1337 1708 eum
1360 1667 1430 1709 di-

46 1729 154 1774 xisse
174 1749 183 1773 :
212 1749 232 1771 «
250 1731 412 1773 Verum
434 1745 524 1773 non
543 1729 662 1789 quod
681 1745 760 1789 ego
780 1730 897 1786 volo,
913 1731 987 1775 sed
1010 1733 1132 1792 quod
1148 1743 1197 1778 tu
1215 1753 1223 1779 :
1247 1753 1267 1776 »
1289 1737 1431 1795 (quod

48 1798 318 1844 tantumdem
341 1799 477 1855 valet,
502 1809 716 1860 quantum
740 1801 773 1845 si
790 1810 833 1845 et
854 1801 912 1845 ita
930 1801 1099 1846 dicatur
1120 1823 1129 1848 :
1160 1824 1180 1846 «
1205 1807 1432 1851 Verumta-

50 1888 71 1911 »
106 1885 208 1914 men
241 1885 330 1914 non
360 1885 457 1914 mea
485 1869 709 1925 voluntas,
739 1869 815 1914 sed
837 1880 912 1915 tua
934 1872 1009 1915 fiat
1030 1891 1039 1917 ι
1058 1890 1078 1914 »
1104 1875 1121 1931 )
1142 1875 1241 1918 satis
1264 1876 1433 1922 otendit

48 1956 137 1985 non
168 1956 219 1985 ex
250 1940 623 2000 impossibilitate,
654 1941 729 1985 sed
762 1957 813 1985 ex
845 1942 1071 1987 voluntate
1106 1945 1242 1989 Patris
1265 1945 1432 1992 dictum

49 2026 138 2056 esse
164 2031 173 2056 2
203 2030 222 2053 «
245 2012 288 2057 Si
309 2012 401 2057 fieri
418 2021 560 2071 potest
577 2032 588 2070 3
607 2012 844 2071 praesertim
859 2012 958 2072 quia
975 2016 1113 2057 Lucas
1132 2024 1175 2059 et
1191 2016 1274 2060 hoc
1292 2017 1433 2076 ipsum

50 2082 219 2142 planius
236 2081 452 2126 intimavit
478 2101 486 2126 :
513 2097 602 2127 non
624 2082 739 2126 enim
758 2082 818 2127 ait
842 2101 850 2126 ε
876 2101 896 2125 «
918 2083 959 2127 Si
984 2084 1075 2127 fieri
1097 2094 1263 2143 potest3
1291 2105 1311 2128 »
1332 2089 1429 2144 sed,

55 2171 72 2193 «
111 2153 154 2197 Si
169 2152 247 2197 vis.
271 2170 291 2193 »
317 2152 399 2197 Cui
421 2152 624 2211 apertiori
642 2152 866 2196 sententiae
887 2153 1075 2212 apertius
1096 2156 1295 2214 jungitur
1311 2158 1433 2218 quod

50 2225 220 2268 Marcus
241 2223 385 2282 posuit
401 2257 412 2278 ,
435 2231 486 2267 ut
508 2222 568 2267 ita
590 2221 759 2266 dicatur
785 2240 794 2267 ε
824 2240 844 2264 «
871 2223 912 2267 Si
930 2223 1018 2279 viS‚
1044 2225 1188 2269 omnia
1213 2227 1326 2271 enim
1355 2229 1433 2275 tibi

54 2311 74 2334 »
107 2291 328 2353 possibilia
350 2301 452 2337 sunt
467 2327 478 2348 ‚
504 2292 687 2336 transfer
702 2309 725 2337 a
746 2308 816 2336 me
836 2293 1015 2337 calicem
1036 2295 1182 2339 istum.

108 2366 229 2408 XIV.
254 2363 382 2416 Quod
404 2372 549 2407 autem
570 2364 658 2423 ipse
679 2366 850 2408 Marcus
870 2398 880 2418 ‚
901 2379 990 2408 non
1012 2365 1153 2410 solum
1183 2386 1202 2408 «
1224 2370 1349 2412 Pater
1363 2405 1373 2425 ‚
1409 2389 1428 2411 »

51 2435 125 2479 sed
140 2469 151 2490 ‚
195 2453 214 2476 (ι
239 2434 365 2478 Abba
388 2437 515 2478 Pater
538 2453 558 2475 »
589 2449 689 2478 eum
713 2434 865 2478 dixisse
886 2446 1198 2481 commemorat
1216 2472 1226 2490 ‚
1248 2438 1332 2483 hoc
1351 2450 1430 2496 est,

56 2525 75 2548 «
110 2505 238 2550 Abba
262 2523 282 2546 »
312 2506 538 2559 hebraice,
564 2504 684 2566 quod
705 2514 769 2551 est
794 2504 928 2550 latine
954 2525 973 2547 «
996 2510 1159 2551 Pater»
1187 2511 1243 2553 Et
1257 2508 1436 2556 fortasse

102 2597 108 2612 ¹
127 2591 229 2622 Marc.
248 2600 316 2630 xiv,
335 2589 389 2629 352
407 2589 459 2621 36.

218 2653 336 2681 cxxi.
1278 2648 1300 2684 ᾗ
