1819 3301
375 304 512 329 sEaMO
545 303 701 329 DOMINI
734 303 779 329 nv
812 302 958 329 MONTE
979 319 989 338 ‚
1026 302 1107 328 Lm.
1144 303 1174 327 1.
1380 292 1460 330 155

81 376 228 427 postea
249 367 431 421 dicitur,
452 366 674 426 quomodo
699 367 826 411 etiam
845 367 933 426 ipse
953 365 1201 410 tractandus
1223 366 1277 409 sit
1300 367 1461 425 maj0re

75 437 258 497 justitia.

655 763 659 771 ¹
680 756 693 780 ἦ
754 757 773 762 Ὗ
788 757 811 771 [Γ
877 758 914 779 v

625 756 660 802 C
668 757 747 804 fkp
759 761 791 804 b
810 757 840 802 Γ
878 780 921 803 [k
932 794 939 802 .

134 913 297 957 XXVI.
324 914 491 954 Dsmmi
510 910 579 954 hic
605 911 827 971 sequitur:
854 930 872 952 α
897 911 939 955 Si
958 925 1058 968 ergo
1073 911 1282 961 obtuleris
1302 926 1460 960 munus

79 999 99 1022 n
136 991 260 1026 tuum
285 982 338 1024 ad
362 981 516 1035 altare,
544 991 585 1024 et
608 980 696 1025 illic
718 980 966 1025 recordatus
987 981 1121 1025 fueris
1137 1017 1148 1036 ,
1187 982 1305 1041 quod
1329 981 1461 1031 frater

79 1070 98 1092 »
135 1061 236 1095 tuus
260 1051 391 1095 habet
423 1051 585 1110 aliquid
621 1050 848 1098 adversum
884 1061 947 1106 te,
987 1052 1185 1111 relinque
1207 1052 1268 1095 ibi
1300 1068 1460 1097 munus

77 1140 96 1164 ,η
130 1130 253 1164 tuum
269 1130 368 1163 ante
383 1120 531 1174 altare,
547 1129 590 1163 et
605 1121 731 1177 vade,
747 1123 864 1179 prius
879 1120 1155 1169 reconciliare
1170 1120 1291 1165 fratri
1308 1131 1384 1165 tuo
1397 1141 1405 1166 ε
1417 1132 1460 1166 et

78 1209 98 1231 n
134 1201 240 1235 tunc
256 1191 432 1234 veniens
453 1191 562 1234 offer
583 1206 741 1238 munus
755 1201 877 1234 tuum
894 1194 923 1234 ¹.
948 1210 966 1231 »
987 1192 1097 1235 Hinc
1111 1192 1263 1251 utique
1282 1202 1460 1251 apparet

73 1261 127 1306 de
149 1261 280 1304 fratre
300 1261 463 1304 dictum
486 1260 707 1318 superius:
734 1261 940 1319 quoniam
959 1261 1169 1304 sententia
1197 1278 1296 1320 quae
1313 1263 1458 1320 sequi-

72 1339 163 1384 tur⁷
189 1345 235 1375 ea
252 1330 560 1388 conjunctione
582 1333 855 1374 connectitur
879 1340 927 1374 ut
955 1331 1164 1388 superiori
1199 1340 1424 1375 attestetur
1446 1351 1456 1377 ;

71 1415 160 1444 non
185 1400 297 1443 enim
324 1400 381 1442 ait
407 1419 415 1442 ι
440 1400 481 1443 Si
505 1409 650 1443 autem
672 1399 881 1443 obtuleris
903 1416 1061 1444 munus
1080 1410 1204 1444 tuum
1223 1400 1277 1444 ad
1300 1401 1454 1458 altare3

69 1469 144 1513 sed
167 1470 225 1513 ait
251 1489 258 1512 :
287 1488 305 1509 «
329 1470 370 1513 Si
389 1485 490 1527 ergo
509 1469 716 1512 obtuleris
739 1485 897 1514 munus
915 1480 1040 1514 tuum
1065 1471 1120 1518 ad
1136 1470 1283 1520 altare.
1309 1491 1326 1512 »
1348 1475 1455 1516 Nam

69 1540 104 1583 si
126 1539 249 1582 irasci
266 1539 328 1581 fas
346 1555 435 1582 non
458 1548 519 1582 est
542 1540 755 1583 tratri-suo
778 1540 868 1583 sinc
893 1556 1033 1594 causa,
1059 1551 1133 1585 aut
1151 1540 1293 1584 dicere
1316 1560 1334 1582 «
1367 1545 1455 1584 Ra-

73 1627 92 1649 »
128 1610 206 1653 cha
222 1643 232 1662 ‚
262 1627 280 1648 »
309 1617 383 1651 aut
410 1608 552 1657 dicere
572 1612 771 1665 «Fatue3
797 1627 816 1649 υ
837 1610 1133 1653 multominus
1149 1609 1211 1653 fas
1234 1619 1296 1653 est
1311 1611 1455 1654 animo

70 1687 217 1723 tenere
241 1678 404 1737 aliquid
432 1679 545 1722 utin
585 1678 731 1721 odium
762 1678 1004 1735 indignatio
1040 1688 1330 1723 convertatur.
1358 1682 1455 1730 Quo

71 1748 259 1807 pertinet
286 1749 415 1791 etiam
438 1747 558 1806 quod
581 1747 663 1791 alio
692 1748 788 1791 loco
811 1747 970 1791 dicitur
991 1768 999 1791 ;
1024 1767 1039 1787 «
1076 1751 1169 1791 Non
1200 1748 1369 1792 occidat
1391 1749 1453 1792 sol

74 1836 93 1858 »
129 1833 257 1875 super
289 1817 553 1860 iracundiam
592 1826 773 1859 vestram
792 1820 823 1858 2.
860 1835 878 1856 »
913 1817 1126 1863 Jubemur
1163 1832 1263 1874 ergo
1294 1816 1454 1861 illaturi

68 1902 226 1933 munus
249 1886 303 1930 ad
325 1885 458 1930 altare
474 1921 484 1939 ‚
510 1887 541 1929 si
562 1885 773 1929 recordati
798 1885 1005 1931 fuerimus
1034 1885 1199 1945 aliquid
1222 1886 1452 1930 adversum

70 1971 148 1999 nos
182 1955 341 2000 habere
379 1955 552 2003 tratrem
568 1990 579 2009 ‚
615 1971 774 1998 munus
810 1965 909 1998 ante
941 1955 1072 1998 altare
1108 1955 1373 2015 relinquere,
1412 1966 1454 2000 ct

68 2041 247 2084 pergere
284 2042 332 2069 ac
381 2025 644 2069 reconciliari
678 2025 820 2079 fratri,
864 2025 1022 2069 deinde
1046 2026 1193 2069 venire
1217 2035 1260 2069 et
1297 2042 1454 2070 munus

70 2094 241 2137 offerre.
268 2096 393 2145 Quod
415 2096 447 2138 si
483 2095 718 2154 accipiatur
745 2095 800 2138 ad
828 2094 1013 2139 litteram
1033 2131 1042 2148 ‚
1079 2094 1267 2139 fortassis
1300 2095 1454 2155 aliquis

68 2162 289 2211 credatita
312 2162 402 2205 fieri
425 2173 623 2219 oportere
639 2199 649 2218 ,
675 2165 707 2207 si
725 2180 913 2223 praesens
937 2164 1067 2208 frater
1095 2165 1148 2207 sit
1176 2184 1184 2208 ;
1213 2180 1302 2208 non
1337 2166 1452 2209 enim

71 2232 236 2277 diutius
258 2231 423 2275 differri
446 2240 612 2289 potest,
639 2246 739 2275 cum
758 2247 916 2282 munus
935 2244 1058 2278 tuum
1091 2235 1333 2294 relinquere
1355 2244 1455 2278 ante

72 2302 205 2352 altare
223 2302 416 2362 jubearis
443 2321 450 2346 :
476 2302 510 2345 si
528 2316 631 2359 ergo
649 2302 703 2345 de
724 2302 926 2356 absente,
955 2312 998 2345 et
1014 2338 1024 2356 ,
1051 2303 1170 2361 quod
1186 2304 1279 2346 fieri
1295 2313 1452 2363 potest,

71 2373 201 2416 etiam
219 2380 335 2419 trans
357 2386 478 2414 mare
495 2371 730 2415 constituto
744 2371 909 2431 aliquid
928 2372 1012 2416 tale
1025 2372 1170 2416 veniat
1184 2372 1227 2421 in
1246 2381 1453 2429 mentem⁷

67 2441 309 2492 absurdum
331 2450 395 2485 est
419 2440 594 2484 credere
618 2450 716 2484 ante
750 2440 886 2485 altare
907 2456 1066 2485 munus
1084 2441 1420 2501 relinquendum
1438 2478 1449 2497 ‚

66 2511 187 2572 quod
204 2521 297 2568 post
318 2520 449 2556 terras
485 2520 527 2561 et
549 2512 681 2555 maria
703 2521 920 2569 pererrata
942 2512 1097 2556 offeras
1134 2515 1237 2556 Deo.
1263 2515 1319 2556 Et
1348 2511 1447 2557 ideo

115 2613 124 2630 ¹
150 2607 269 2639 Matth.
288 2618 322 2647 v,
342 2607 395 2639 23.
413 2621 451 2630 —1
474 2614 486 2629 ²
507 2609 620 2651 Ephes.
642 2620 690 2647 ιν,
716 2607 775 2640 26.
