1819 3301
329 214 383 254 46
768 224 803 253 s.
839 225 1072 254 Ausus-nm
1104 226 1286 254 museum

325 291 510 336 moravit
548 291 632 334 hoc
669 289 833 334 dicens.
869 309 890 332 «
927 293 1050 334 Tune
1089 305 1193 348 ergo
1231 285 1520 349 apprehendit
1557 286 1720 331 Pilatus

329 379 349 403 »
380 364 553 416 Jesum,
578 370 622 405 et
643 360 877 418 flagellavit
903 379 912 403 :
933 370 976 403 et
999 359 1156 403 milites
1180 359 1419 419 plectentes
1442 372 1647 402 coronam
1664 355 1720 400 de

333 451 353 474 »
388 433 542 492 spinis,
573 433 875 492 imposuerunt
896 431 1027 490 capiti
1048 432 1159 490 ejus,
1187 440 1229 475 et
1251 440 1368 475 veste
1390 445 1609 490 purpurea
1633 428 1720 473 eir-

330 523 350 546 »
386 503 705 548 cumdederunt
727 518 826 546 eum
847 522 856 547 z
881 513 924 547 et
944 503 1180 547 veniebant
1196 502 1251 546 ad
1273 518 1374 546 eum
1388 537 1398 557 ,
1419 511 1463 546 et
1483 500 1718 545 dicebant:

331 594 351 616 »
386 579 477 620 Ave
496 591 568 619 rex
584 578 607 618 J
614 574 862 630 udaeorum3
885 583 927 618 et
949 573 1115 618 dabant
1137 575 1174 617 ei
1190 574 1369 633 alapas².
1390 592 1410 614 »
1436 572 1562 618 Unde
1584 587 1722 632 appa-

331 656 395 690 ret
416 647 673 691 Matthaeum
691 655 733 689 et
754 648 949 689 Marcum
968 644 1296 704 recapitulando
1313 643 1431 688 istud
1453 658 1722 688 commemo-

330 733 461 771 rasse,
485 733 574 761 non
603 715 724 776 quod
751 724 856 760 tunc
878 715 1044 760 factum
1073 717 1152 770 sit,
1183 730 1286 760 cum
1309 730 1412 759 eum
1443 714 1608 759 Pilatus
1632 715 1722 774 jam

331 787 674 845 crucifigendum
714 786 956 831 tradidisset
983 789 1202 831 :Joannes
1241 786 1358 830 enim
1387 785 1505 844 apud
1534 784 1723 828 Pilatum

329 858 435 902 dicit
453 859 545 901 haec
570 865 686 915 gesta
710 857 811 900 satis
838 856 1063 900 evidenter
1079 891 1090 911 ,
1116 855 1236 900 unde
1266 855 1336 899 isti
1358 856 1478 915 quod
1500 853 1724 914 praeterie—

333 938 429 972 rant
446 927 739 972 recoluerunt.
766 926 835 970 Ad
857 927 943 970 hoc
961 927 1151 986 pertinet
1165 926 1295 969 etiam
1313 923 1434 985 quod
1451 939 1726 984 consequen-

334 1008 399 1042 ter
427 998 532 1042 dicit
563 998 812 1051 Matthaeus,
855 1015 875 1038 «
906 999 962 1041 Et
989 1006 1226 1057 expuentes
1253 996 1298 1040 in
1327 1011 1428 1039 eum
1464 1000 1728 1054 acceperunt

335 1086 356 1110 »
390 1068 671 1122 arundinem,
699 1076 742 1111 et
765 1068 1072 1126 percutiebant
1103 1076 1236 1126 eaput
1265 1068 1371 1127 ejus.
1411 1069 1467 1110 Et
1494 1075 1727 1126 postquam

334 1158 353 1181 ι)
387 1139 621 1184 illuserunt
642 1139 703 1194 ei,
730 1148 947 1183 exuerunt
970 1155 1070 1183 eum
1091 1138 1396 1196 chlamydem,
1418 1146 1463 1181 et
1483 1137 1727 1181 induerunt

335 1228 356 1252 >1
392 1226 493 1254 eum
525 1209 792 1255 vestimentis
825 1211 940 1269 ejus,
973 1219 1015 1253 et
1049 1209 1272 1254 duxerunt
1293 1223 1395 1252 eum
1418 1217 1470 1252 ut
1500 1207 1728 1266 crucifige-

339 1299 359 1322 »
395 1290 507 1325 rent.
536 1299 556 1322 »
593 1283 687 1324 Hoc
710 1280 831 1340 quod
853 1289 1070 1324 exuerunt
1093 1279 1396 1336 chlamydem,
1422 1288 1466 1322 et
1487 1277 1729 1322 induerunt

332 1367 434 1395 cum
448 1351 717 1397 vestimentis
739 1351 845 1409 ejus,
871 1350 917 1394 in
937 1351 1023 1394 fine
1038 1351 1202 1395 factum
1215 1349 1495 1408 intelligitur,
1516 1365 1618 1394 cum
1635 1350 1728 1409 jam

342 1423 590 1466 duceretur.
617 1424 788 1466 Marcus
810 1421 894 1464 hoc
916 1422 975 1465 ita
997 1420 1104 1465 dicit
1136 1439 1145 1465 ε
1185 1440 1205 1463 «
1234 1423 1291 1465 Et
1315 1429 1547 1480 postquam
1578 1418 1728 1463 illuse-

341 1512 362 1536 »
398 1503 503 1539 runt
525 1495 586 1553 eij,
618 1503 833 1537 exuerunt
864 1492 989 1538 illum
1018 1508 1257 1553 purpuram
1281 1501 1325 1536 et
1350 1492 1594 1536 induerunt
1628 1504 1728 1534 eum

339 1582 359 1606 »
394 1563 789 1620 vestimentissuis.
818 1581 839 1604 »

341 1720 695 1737 mmmmm}
702 1718 1733 1737 mmmmlmmmmmmmmmw

889 1841 1106 1890 CAPUT
1144 1844 1207 1888 X.

801 1984 969 2031 Simon
996 1984 1269 2045 Cyrenaeus.

399 2122 624 2162 XXXVII.
652 2121 871 2171 SEQmTun
889 2134 989 2176 ergo
1011 2120 1244 2164 Matthaeus
1270 2139 1278 2164 ε
1308 2138 1328 2161 «
1347 2122 1568 2164 Exeuntes
1582 2127 1729 2163 autem

342 2208 362 2230 »
396 2189 657 2233 invenerunt
691 2190 913 2233 hominem
943 2192 1228 2247 Cyrcnaeum,
1269 2191 1446 2234 nomine
1477 2190 1724 2247 Simonem,

343 2278 364 2302 »
400 2262 517 2305 hunc
540 2260 888 2317 angariaverunt,
911 2270 961 2304 ut
983 2261 1153 2305 tolleret
1174 2276 1349 2305 crucem
1371 2263 1498 2320 ejus‘2.
1518 2278 1538 2301 n
1556 2263 1728 2305 Marcus

338 2348 538 2392 quoque,
576 2350 595 2373 «
637 2334 693 2375 Et
722 2332 916 2376 educunt
955 2332 1102 2385 illum,
1139 2332 1303 2391 inquit,
1341 2341 1390 2375 ut
1424 2332 1730 2390 crucifigerent

341 2420 361 2443 »
394 2410 512 2446 eum.
536 2405 593 2446 Et
614 2403 948 2461 angariaverunt
967 2411 1301 2461 praetereuntem
1320 2403 1571 2462 quempiam
1592 2403 1728 2448 Simo-

342 2492 362 2514 »
395 2488 497 2518 nem
515 2475 773 2530 Cyrenaeum
794 2473 1044 2517 venientem
1065 2473 1120 2517 de
1142 2472 1266 2529 villa,
1292 2484 1461 2533 patrem
1488 2472 1726 2519 Alexandri

389 2576 396 2593 ¹
416 2572 507 2603 Joan.
527 2581 591 2612 xix,
614 2571 682 2603 1-3.
705 2587 745 2594 --
769 2578 781 2594 ²
801 2571 921 2603 Matth.
936 2580 1037 2611 xxvn,
1057 2570 1110 2602 32.
