1819 3301
406 283 544 310 sEnMo
577 281 734 309 nomm
766 281 812 308 IN
843 280 1019 318 MONTE,
1054 280 1137 306 Lm.
1173 280 1220 306 11.
1403 267 1487 307 249

110 356 251 408 potest
272 363 360 391 non
396 356 569 392 coactus
601 345 913 404 evangelizare,
946 345 1021 389 sed
1053 343 1217 389 volens.
1261 361 1281 385 «
1308 345 1350 389 Si
1372 345 1487 388 enim

113 437 132 460 »
168 416 338 471 volens,
363 417 531 476 inquit,
552 418 635 460 hoc
659 416 791 470 facio,
814 414 1056 460 mercedem
1078 415 1219 458 habeo
1246 433 1254 458 :
1280 414 1312 458 si
1343 424 1488 458 autem

112 507 131 528 »
167 488 349 540 invitus,
375 487 636 545 dispensatio
658 486 765 529 mihi
781 486 941 529 credita
958 488 1045 528 est¹
1070 504 1079 529 ε
1103 503 1122 525 n
1144 483 1189 528 id
1206 493 1290 538 est,
1313 484 1346 528 si
1370 499 1488 528 coac-

108 568 177 602 tus
199 551 342 617 inopia
363 573 510 601 earum
530 573 673 600 rerum
694 592 705 610 ,
731 573 830 616 quae
852 555 1079 616 temporali
1101 556 1200 600 vitae
1224 564 1324 599 sunt
1346 570 1490 599 neces—

107 631 253 683 sariae,
279 629 469 688 praedico
493 628 803 687 Evangelium3
826 628 895 671 alii
918 643 994 686 per
1030 643 1099 671 me
1120 627 1348 671 habebunt
1376 642 1488 670 mer-

106 701 253 744 cedem
273 699 521 757 Evangelii,
547 699 622 758 qui
641 697 923 756 Evangelium
954 699 1094 756 ipsum
1126 714 1194 741 me
1223 698 1488 756 praedicante

106 768 292 826 diligunt
319 789 327 812 2
353 784 432 827 ego
455 777 597 812 autem
622 784 712 812 non
730 767 925 821 habebo,
948 768 1049 827 quia
1072 783 1160 811 non
1183 768 1322 827 ipsum
1345 771 1489 812 Evan-

106 840 265 899 gelium
301 839 434 898 diligo
452 874 462 893 ‚
501 839 577 883 sed
619 841 710 898 ejus
740 839 942 898 praetium
985 839 1031 882 in
1059 838 1141 882 illis
1178 838 1488 898 temporalibus

104 910 404 953 constitutum.
432 908 560 962 Quod
584 907 702 952 nefas
721 917 784 952 est
806 908 919 963 fieri,
955 918 1002 952 ut
1025 924 1114 952 non
1146 907 1351 968 tanquam
1375 908 1487 954 filius

103 980 317 1023 ministret
342 980 525 1039 quisque
563 979 846 1037 Evangelium
866 1014 876 1033 ,
903 978 976 1022 sed
1004 988 1212 1038 tanquam
1245 995 1390 1024 servus
1419 981 1488 1024 eui

104 1050 365 1109 dispensatio
390 1050 551 1095 credita
572 1059 661 1107 est3
687 1059 736 1093 ut
758 1059 965 1109 tanquam
981 1049 1170 1093 alienum
1194 1059 1355 1109 eroget,
1379 1050 1487 1093 nihil

102 1121 205 1164 inde
218 1122 307 1180 ipse
316 1122 498 1179 accipiat
511 1130 667 1179 praeter
680 1121 772 1164 ciba
782 1121 856 1175 ria,
876 1136 974 1180 quae
989 1136 1075 1164 non
1089 1121 1143 1163 de
1160 1122 1487 1180 participatione

103 1191 224 1248 regni
245 1225 255 1244 ‚
294 1190 368 1233 sed
404 1191 455 1234 ad
490 1189 832 1234 sustentaculum
871 1191 1037 1233 miserae
1073 1191 1289 1234 servitutis
1328 1192 1488 1234 dantur

103 1260 382 1303 extrinsecus.
415 1262 675 1319 Quanquam
698 1259 781 1303 alio
803 1259 900 1303 loco
922 1268 964 1302 et
983 1259 1322 1318 dispensatorem
1345 1275 1388 1304 se
1418 1261 1486 1303 di-

99 1339 185 1374 cat.
207 1333 352 1373 Potest
366 1331 479 1373 enim
493 1339 694 1373 etservus
718 1330 763 1372 in
785 1329 973 1373 filiorum
994 1345 1223 1374 numerum
1239 1330 1484 1389 adoptatus,

103 1416 197 1444 eam
220 1416 310 1444 rem
332 1401 376 1444 in
400 1417 485 1460 qua
508 1401 745 1444 cohaeredis
773 1409 932 1444 sortem
970 1402 1156 1456 meruit,
1183 1401 1369 1445 fideliter
1400 1400 1488 1445 dis·
1546 1446 1554 1450 ,

101 1486 281 1530 pensare
319 1471 603 1529 participibus
633 1470 733 1514 suis.
763 1471 846 1514 Sed
869 1486 986 1514 nunc
1009 1471 1083 1514 ubi
1108 1472 1165 1515 ait
1187 1491 1195 1516 :
1230 1491 1248 1512 «
1277 1472 1319 1516 Si
1342 1480 1486 1515 autem

105 1559 125 1581 »
162 1541 346 1594 invitus,
374 1542 634 1599 dispensatio
668 1541 773 1584 mihi
796 1541 959 1584 credita
983 1551 1045 1585 est
1072 1561 1080 1586 ε
1109 1560 1128 1582 κ)
1162 1541 1290 1586 talem
1315 1542 1488 1601 dispen-

101 1620 286 1654 satorem
304 1610 487 1669 intelligi
509 1609 669 1665 voluit,
691 1611 766 1671 qui
782 1611 971 1655 alienum
997 1612 1236 1671 dispensat3
1264 1612 1381 1655 unde
1397 1613 1487 1671 ipse

102 1681 212 1724 nihil
234 1681 430 1740 accipiat.

162 1754 252 1795 LV.
271 1755 383 1808 Ergo
406 1767 695 1811 quaecumque
718 1767 782 1796 res
800 1762 978 1811 propter
1000 1753 1119 1796 aliud
1141 1752 1306 1812 aliquid
1328 1754 1487 1813 quaeri-

102 1832 173 1866 tur
192 1857 202 1876 ‚
226 1823 317 1866 sine
339 1822 475 1865 dubio
497 1821 674 1866 inferior
691 1832 753 1865 est
773 1858 783 1876 ,
809 1838 938 1882 quam
962 1823 1006 1866 id
1029 1833 1206 1882 propter
1227 1823 1346 1883 quod
1366 1840 1488 1883 quae-

102 1893 240 1936 ritur:
267 1901 310 1936 et
331 1892 428 1936 ideo
448 1891 557 1936 illud
584 1892 769 1951 primum
800 1902 863 1936 est
890 1902 1064 1952 propter
1089 1894 1209 1953 quod
1238 1895 1362 1938 istam
1397 1910 1486 1938 rem

102 1962 272 2022 quaeris,
292 1978 380 2006 non
395 1963 473 2006 ista
488 1978 552 2005 res
567 1979 695 2022 quam
712 1972 889 2022 propter
904 1963 1012 2006 illud
1027 1965 1197 2023 quaeris.
1213 1967 1487 2024 Quapropter

101 2034 132 2076 si
158 2033 440 2091 Evangelium
471 2042 513 2076 et
536 2049 719 2091 regnum
747 2034 822 2077 Dei
843 2043 1020 2093 propter
1043 2034 1191 2078 eibum
1223 2037 1482 2094 quaerimus,

100 2103 287 2162 priorem
313 2103 490 2146 facimus
512 2103 654 2147 cibum
670 2139 679 2157 ‚
706 2113 749 2147 et
779 2105 989 2162 posterius
1012 2120 1193 2163 regnum
1216 2106 1292 2149 Dei
1312 2127 1322 2163 3
1357 2106 1414 2149 ita
1437 2115 1485 2151 ut

102 2173 136 2216 si
159 2189 246 2216 non
269 2172 377 2216 desit
405 2173 553 2227 cibus,
580 2189 667 2217 non
695 2190 940 2234 quaeramus
967 2191 1149 2233 regnum
1175 2176 1250 2219 Dei
1279 2195 1288 2220 :
1316 2177 1399 2221 hoc
1422 2186 1485 2221 est

101 2244 290 2303 primum
313 2259 507 2303 quaererc
529 2244 677 2288 cibum
699 2280 709 2300 ‚
731 2254 772 2288 et
796 2245 954 2289 deinde
977 2262 1159 2304 regnum
1190 2247 1265 2290 Dei
1284 2281 1294 2301 ‚
1320 2247 1364 2290 id
1388 2257 1450 2291 est
1469 2283 1480 2303 ‚

102 2315 185 2358 hoc
224 2315 366 2373 priore
397 2314 493 2358 loco
515 2330 675 2373 ponere
701 2351 710 2369 ‚
737 2315 846 2359 illud
869 2317 1116 2374 posteriore.
1149 2317 1191 2361 Si
1211 2326 1356 2361 autem
1385 2318 1484 2364 ideo

103 2400 348 2444 quaeramus
385 2384 529 2428 cibum
550 2420 560 2439 ‚
598 2395 646 2429 ut
680 2386 917 2430 habeamus
960 2402 1138 2445 regnum
1163 2388 1270 2443 Dei,
1302 2386 1483 2433 facimus

102 2453 221 2513 quod
260 2453 424 2497 dictum
455 2464 517 2499 est
548 2474 601 2500 2«
622 2457 811 2509 Quaerite
844 2458 1034 2516 primum
1076 2473 1258 2516 regnum
1295 2459 1400 2515 Dei,
1440 2469 1482 2504 et

105 2544 125 2566 »
156 2524 367 2584 justitiam
390 2527 501 2585 ejus,
525 2536 567 2571 et
588 2528 682 2572 haec
705 2528 849 2573 omnia
873 2537 1147 2588 apponentur
1169 2529 1306 2574 vobis.
1339 2548 1359 2572 »

151 2614 159 2631 ¹
182 2619 191 2639 1
214 2610 347 2649 (101·.1x,
366 2608 474 2650 13-17.
