1819 3301
360 282 444 321 316
796 288 830 318 s.
866 287 1097 316 Avousnm
1129 287 1311 315 13121500121

359 357 428 403 vel
445 358 576 402 etiam
598 371 768 401 necesse
788 364 851 399 est
870 368 1015 399 carere
1033 371 1042 397 ε
1067 361 1118 396 ut
1135 351 1245 397 illud
1261 353 1309 397 in
1329 352 1475 398 animo
1506 353 1743 399 Christiani

361 429 631 489 compleatur
644 426 765 488 quod
780 424 1014 486 Apostolus
1028 423 1134 469 dicit
1153 444 1161 469 ;
1186 444 1206 467 «
1227 425 1323 470 Scio
1341 434 1384 469 et
1401 424 1544 469 minus
1565 424 1743 482 habere,

364 521 384 543 »
419 502 506 546 scio
534 509 576 543 et
605 497 828 542 abundare
844 532 855 552 ‚
877 498 950 555 (in
972 495 1176 541 omnibus
1201 506 1244 541 et
1267 497 1314 540 in
1339 496 1540 541 omnibus
1553 496 1748 542 imbutus

364 593 384 615 »
421 576 551 626 sum.)
564 579 606 614 et
623 569 766 613 satiari
780 577 823 612 et
835 568 1012 622 esurire,
1029 577 1072 612 et
1089 568 1314 612 abundare
1328 576 1371 611 et
1387 567 1613 626 penuriam
1634 567 1744 626 pati:

365 663 385 685 »
422 643 564 688 onmia
583 656 754 700 possum
774 640 820 684 in
837 656 888 683 eo
910 640 1068 700 quime
1087 638 1350 682 confortat1.
1377 656 1396 678 »
1414 641 1469 681 Et
1485 636 1609 691 illud,
1635 640 1749 682 «Ne-

365 733 384 755 »
421 729 507 773 que
536 712 569 755 si
598 710 1025 765 manducaverimus,
1059 708 1404 764 abundabimus3
1433 724 1576 768 neque
1597 709 1630 751 si
1659 724 1749 752 non

366 803 385 826 »
421 783 856 837 manducaverimus,
883 782 1106 840 egebimus
1125 784 1142 807 ²
1169 797 1179 824 .·
1211 799 1229 820 »
1264 789 1307 823 et
1327 779 1464 823 illud:
1501 798 1521 820 «
1555 782 1652 824 Non
1687 787 1750 824 est

367 874 386 897 »
421 855 536 898 enim
568 870 750 913 regnum
777 853 853 897 Dei
879 868 973 897 esca
991 861 1033 896 et
1062 861 1215 911 potus,
1250 849 1324 894 sed
1345 849 1513 911 justitia
1539 858 1580 893 et
1610 865 1693 909 pax
1709 858 1751 893 et

365 945 386 968 »
424 926 672 986 gaudium&
702 944 721 966 »
748 927 802 968 Et
825 924 927 984 quia
961 922 1101 967 solent
1122 922 1318 966 homines
1347 921 1536 964 multum
1562 921 1751 980 gaudere

364 997 418 1040 de
436 996 680 1041 carnalibus
704 994 842 1054 epulis
860 1030 870 1049 ‚
898 993 1081 1046 addidit,
1107 1013 1125 1035 «
1152 996 1203 1037 In
1228 993 1390 1052 Spiritu
1412 1000 1575 1036 sancto.
1606 1009 1626 1032 »
1652 993 1753 1035 Jus-

364 1068 553 1112 tificatur
575 1083 676 1123 ergo
702 1066 919 1126 Sapientia
943 1065 998 1108 ab
1019 1064 1223 1109 omnibus
1245 1063 1341 1107 filiis
1366 1063 1468 1118 suis,
1494 1063 1571 1122 qui
1590 1061 1753 1106 intelli·
1818 1055 1819 1060 ¹

367 1148 477 1197 gunt
500 1138 673 1181 utendis
709 1137 888 1180 terrenis
926 1145 1121 1194 tempora
1155 1144 1401 1194 opportuna
1436 1148 1525 1177 esse
1559 1132 1750 1178 debere:

365 1208 613 1252 facilitatem
637 1223 739 1251 vero
757 1205 932 1251 carendi
954 1205 1128 1259 talibus,
1149 1215 1193 1249 et
1214 1219 1405 1249 amorem
1428 1203 1603 1247 fruendi
1625 1212 1754 1246 aeter-

366 1279 431 1323 nis
451 1314 461 1333 ,
504 1295 593 1324 non
623 1278 777 1324 variari
809 1286 1010 1337 oportere
1042 1292 1118 1336 per
1158 1286 1354 1336 tempora
1376 1311 1386 1331 ‚
1429 1275 1504 1320 sed
1542 1284 1755 1334 perpetuo

368 1359 559 1394 retineri.

882 1498 1118 1548 Quistio
1150 1500 1237 1537 xil.

428 1635 555 1688 Quon
574 1632 784 1676 Dominus
807 1632 865 1675 ait
887 1650 895 1676 :
917 1633 1088 1675 «Nemo
1108 1638 1254 1673 autem
1271 1628 1495 1673 lucernam
1519 1627 1760 1674 accendens

372 1723 392 1746 »
429 1703 569 1763 operit
592 1718 686 1747 eam
709 1696 809 1747 vase
828 1737 838 1757 ‚
866 1711 940 1745 aut
963 1701 1117 1745 subtus
1141 1699 1304 1744 lectum
1325 1699 1449 1759 ponit
1470 1734 1480 1754 ,
1518 1698 1593 1743 sed
1631 1714 1760 1758 super

373 1793 392 1816 »
429 1773 741 1818 candelabrum
773 1773 919 1833 ponit,
959 1781 1009 1815 ut
1045 1771 1254 1815 intrantes
1290 1769 1469 1814 videant
1499 1769 1652 1813 lumen
1668 1770 1702 1814 ⁴.
1738 1788 1756 1811 η

372 1847 448 1906 qui
470 1846 653 1889 verbum
678 1846 755 1889 Dei
791 1845 946 1888 timore
977 1843 1216 1888 carnalium
1248 1842 1630 1887 incommodorum
1661 1841 1761 1885 abs·

373 1917 521 1962 condit
541 1952 551 1971 ‚
592 1918 728 1976 ipsam
761 1917 915 1976 utique
958 1930 1131 1958 carnem
1169 1915 1385 1973 praeponit
1425 1912 1763 1956 manifestationi

372 1988 577 2041 veritatis,
596 1996 638 2030 et
655 2003 702 2030 ea
715 1987 835 2046 quasi
851 1987 1045 2044 cooperit
1058 1985 1239 2028 verbum
1253 2020 1263 2037 ‚
1284 1983 1479 2027 timendo
1498 1983 1733 2042 praedicare
1751 2001 1759 2027 :

375 2075 468 2102 eam
490 2059 637 2120 itaque
657 2059 767 2102 vasis
790 2067 832 2101 et
853 2056 952 2100 lecti
976 2056 1152 2100 nomine
1168 2091 1178 2107 ,
1206 2054 1464 2115 appellavit,
1485 2055 1565 2099 sub
1584 2071 1672 2114 quo
1697 2053 1764 2098 lu-

376 2147 548 2175 cernam
572 2145 734 2191 ponere
758 2130 815 2173 ait
838 2144 937 2173 eum
956 2128 1032 2188 qui
1055 2128 1137 2171 hoc
1161 2125 1277 2171 facit.

889 2278 1125 2330 QUAESTIO
1157 2279 1260 2317 xm.

445 2434 466 2456 α
491 2419 616 2469 Quon
639 2415 685 2458 in
708 2415 883 2473 regione
907 2415 1223 2457 Gerasenorum
1246 2409 1416 2453 curavit
1434 2407 1642 2452 Dominus
1665 2421 1766 2451 eum

385 2505 405 2527 »
442 2487 485 2529 in
510 2502 598 2546 quo
611 2496 703 2529 erat
720 2485 832 2544 legio
852 2483 1216 2537 daemoniorum⁵‚
1237 2500 1255 2522 ³>
1274 2480 1525 2539 significatae
1543 2488 1643 2523 sunt
1657 2479 1770 2522 Gen-

432 2589 441 2605 ¹
460 2583 570 2625 Philip.
593 2595 638 2624 1v,
675 2592 727 2622 ια,
756 2582 805 2614 13.
831 2600 871 2605 —-
894 2590 903 2605 ²
930 2593 940 2613 1
967 2584 1041 2614 Cor.
1069 2580 1190 2622 v111‚8.
1220 2596 1259 2602 --
1283 2578 1295 2603 3
1318 2582 1407 2611 Rom.
1426 2590 1491 2620 xiv,
1523 2588 1571 2619 ¹7·
1593 2594 1634 2600 —-
1654 2575 1669 2602 4
1689 2578 1767 2608 Luc.

388 2649 456 2676 vm,
479 2639 528 2672 16.
555 2656 595 2663 -
610 2638 624 2663 5
645 2640 725 2672 Ibid.
750 2639 867 2682 26-39.
