1819 3301
316 313 400 351 220
727 320 760 351 s.
797 320 1028 351 Auovsmm
1060 322 1242 351 prscom

372 393 493 435 XIX.
539 393 635 435 Jam
661 390 886 436 videamus
923 405 1022 449 quse
1065 389 1151 434 sint
1183 389 1388 449 petenda.
1430 389 1601 433 Dictum
1635 398 1698 434 est

311 463 425 508 enim
445 464 540 524 quis
565 463 617 506 sit
639 462 713 523 qui
737 462 921 521 petitur,
947 470 990 506 et
1021 461 1095 505 ubi
1116 461 1298 506 habitet.
1334 462 1528 505 Primum
1552 470 1698 506 autem

311 534 505 578 omnium
542 548 641 593 quae
676 540 886 591 petuntur
917 532 1002 576 hoc
1034 541 1097 576 est
1133 551 1142 576 :
1168 551 1187 573 «
1216 532 1518 576 Sanctificetur
1537 547 1699 576 nomen

313 623 333 647 »
369 614 511 649 tuum.
541 623 560 645 »
589 603 718 657 Quod
739 618 829 648 non
851 603 908 647 sie
930 603 1123 663 petitur,
1150 603 1271 663 quasi
1295 618 1385 648 non
1412 603 1467 647 sit
1500 612 1699 648 sanctum

310 691 471 721 nomen
493 676 593 730 Dei,
619 673 694 718 sed
726 683 776 719 ut
812 683 1011 719 sanctum
1044 674 1289 719 habeantur
1321 674 1377 718 ab
1414 674 1697 720 hominibus:

308 747 352 791 id
375 755 437 790 est
456 781 466 801 ‚
493 746 551 790 ita
568 745 651 790 illis
673 746 915 791 innoteseat
935 749 1072 801 Deus,
1090 754 1140 790 ut
1160 761 1251 790 non
1269 745 1515 790 existiment
1534 745 1702 806 aliquid

308 817 511 873 sanctius,
532 816 652 878 quod
670 817 805 877 magis
828 817 1052 863 offendere
1074 817 1271 862 timeant.
1293 819 1445 877 Neque
1460 817 1576 861 enim
1598 817 1700 878 quia

307 889 472 933 dictum
503 897 581 933 est.
611 907 631 931 «
655 891 793 935 Notus
815 889 859 933 in
894 887 1047 933 Judaea
1075 891 1214 944 Deus,
1255 888 1301 931 in
1338 887 1469 932 Israel
1489 903 1699 948 magnum

310 978 329 1002 »
367 975 526 1004 nomen
543 960 662 1019 ejus1
687 978 695 1004 ε
719 977 738 1001 »
760 961 818 1004 sie
840 958 1174 1019 intelligendum
1197 967 1260 1003 est
1279 959 1401 1019 quasi
1429 957 1532 1003 alibi
1550 959 1695 1005 minor

306 1030 360 1073 sit
382 1033 515 1085 Deus,
541 1029 645 1074 alibi
668 1031 804 1090 major
829 1049 837 1075 :
862 1029 937 1075 sed
958 1030 1019 1074 ibi
1043 1045 1252 1089 magnum
1291 1039 1355 1074 est
1384 1045 1546 1074 nomen
1579 1031 1670 1090 ejus
1686 1065 1697 1083 ,

307 1101 384 1145 ubi
417 1116 497 1161 pro
533 1116 622 1145 suae
648 1101 880 1161 majestatis
916 1101 1218 1159 magnitudine
1247 1101 1513 1145 nominatur.
1541 1103 1606 1144 Ita
1638 1100 1701 1144 ibi

308 1171 466 1216 dicitur
478 1181 675 1216 sanctum
699 1188 859 1237 nomen
877 1173 911 1233 ej
920 1189 982 1226 us,
1002 1173 1077 1216 ubi
1091 1187 1191 1217 cum
1208 1173 1487 1217 veneratione
1502 1181 1545 1217 et
1558 1172 1700 1217 offen-

307 1243 437 1287 sionis
464 1243 619 1287 timore
642 1243 907 1287 nominatur.
943 1246 999 1287 Et
1025 1244 1108 1287 hoc
1132 1252 1195 1287 est
1219 1242 1339 1303 quod
1377 1259 1495 1287 nunc
1530 1244 1697 1301 agitur,

308 1312 413 1357 dum
436 1313 720 1372 Evangelium
742 1313 885 1358 adhue
908 1330 1047 1374 usque
1071 1329 1146 1373 per
1171 1313 1361 1358 diversas
1394 1323 1540 1372 gentes
1572 1314 1700 1358 inno-

309 1383 510 1428 tescendo
526 1419 536 1438 ,
565 1384 843 1429 commendat
881 1385 1009 1429 unius
1037 1384 1114 1429 Dei
1136 1399 1297 1429 nomen
1318 1399 1397 1444 per
1422 1383 1699 1429 administra-

308 1455 472 1500 tionem
495 1454 593 1500 Filii
610 1456 716 1516 ejus.

308 1636 376 1652 ⁴211&
382 1636 448 1652 νυνὶ
454 1637 519 1652 m]
525 1637 733 1653 vWK'WVDWW
739 1635 1448 1653 mmmmmvmxmmwuoemxwumm
1455 1637 1520 1652 1,Ἂὶ
1525 1636 1591 1652 ὈἉΊ
1597 1636 1700 1652 mmm

822 1780 1039 1831 CAPUT
1079 1782 1166 1828 VI.

367 1943 465 1985 XX.
502 1943 671 1984 Dmnmz
708 1939 903 1998 sequitur
941 1957 948 1982 :
990 1957 1009 1979 «
1035 1936 1251 1981 Adveniat
1284 1951 1470 1994 regnum
1504 1944 1645 1980 tuum.
1673 1953 1694 1977 »

311 2012 430 2057 Sicut
448 2012 536 2070 ipse
557 2010 766 2054 Dominus
790 2010 832 2052 in
849 2007 1084 2067 Evangelio
1101 2006 1243 2062 docet,
1266 2016 1371 2051 tunc
1394 2006 1591 2050 futurum
1608 2021 1698 2049 esse

303 2082 457 2143 judieii
476 2081 613 2135 diem,
636 2095 737 2124 cum
758 2079 1043 2137 Evangelium
1067 2077 1351 2138 praedicatum
1375 2078 1507 2121 fuerit
1530 2079 1574 2121 in
1598 2092 1696 2121 om-

308 2154 436 2197 nibus
469 2152 705 2211 gentibus‘2
733 2171 741 2196 ε
773 2166 871 2210 quae
909 2165 967 2194 res
1007 2150 1193 2209 pertinet
1220 2148 1274 2192 ad
1309 2149 1698 2193 sanctificationem

307 2224 491 2269 nominis
512 2223 602 2267 Dei.
628 2225 725 2268 Non
744 2222 859 2265 enim
883 2229 926 2264 et
942 2220 1012 2264 hic
1044 2221 1102 2264 ita
1125 2220 1292 2264 dictum
1315 2229 1378 2263 est
1400 2239 1407 2263 ε
1432 2239 1452 2262 (ι
1482 2218 1699 2263 Adveniat

310 2313 329 2336 »
365 2309 548 2353 regnum
572 2302 719 2347 tuum,
739 2310 757 2332 η
776 2291 896 2351 quasi
918 2306 1036 2335 nunc
1050 2293 1162 2334 Deus
1186 2305 1275 2334 non
1298 2298 1464 2349 regnet.
1484 2288 1568 2334 Sed
1586 2288 1698 2333 forte

307 2366 401 2426 quis
434 2365 550 2409 dicat
576 2384 584 2408 :
615 2384 633 2406 «
669 2362 883 2408 Adveniat
914 2380 933 2403 »
969 2361 1135 2406 dictum
1171 2376 1259 2405 esse
1287 2361 1331 2404 in
1359 2370 1532 2404 terram.
1565 2359 1698 2413 Quasi

307 2452 409 2481 vero
427 2452 515 2480 non
538 2435 666 2479 etiam
690 2434 780 2493 ipse
816 2448 934 2477 nunc
958 2441 1108 2491 regnet
1128 2432 1174 2474 in
1196 2441 1309 2476 terra
1331 2466 1340 2486 ‚
1373 2445 1629 2490 semperque
1651 2431 1698 2474 in

307 2522 355 2550 ea
390 2506 631 2564 regnaverit
662 2521 685 2548 a
712 2503 1024 2548 constitutione
1056 2500 1224 2546 mundi.
1256 2521 1274 2543 «
1300 2502 1515 2546 Adveniat
1543 2519 1563 2541 υ
1590 2515 1693 2559 ergo

305 2577 606 2637 accipiendum
635 2584 721 2631 est,
758 2574 1061 2619 manifestetur
1093 2573 1360 2618 hominibus.
1396 2570 1694 2625 Quemadmo-

357 2680 364 2696 ¹
389 2673 464 2705 Psal.
489 2682 582 2713 mxxv,
597 2681 628 2704 2.
649 2688 690 2695 —-
711 2679 723 2694 ²
745 2671 857 2704 Mauh.
878 2681 917 2703 xx
933 2681 965 2711 v,
989 2669 1039 2713 14.
