1819 3301
388 231 526 258 SERMo
559 231 717 258 nomm
748 231 792 257 m
825 216 1008 268 MONTE,
1030 232 1111 257 LIB.
1148 232 1195 257 11.
1391 224 1470 260 211

100 312 120 335 »
155 309 245 339 non
261 294 476 339 habebitis
498 295 614 354 apud
639 298 809 339 Patrem
831 304 1039 349 vestrum,
1055 294 1131 354 qui
1154 295 1199 337 in
1222 294 1343 339 coelis
1365 306 1472 341 est.»

95 363 362 408 Generaliter
382 365 682 424 hiqjustitiam
701 365 956 420 nominavit,
981 363 1139 408 deinde
1162 365 1476 423 particulariter

93 435 334 494 exequitur.
361 438 437 478 Est
467 435 581 478 enim
616 451 711 494 pars
743 434 885 495 aliqua
913 436 1090 495 justitiae
1121 451 1230 495 opus
1256 435 1377 496 quod
1399 452 1475 495 per

92 503 410 562 eleemosynam
433 505 481 548 fit
498 525 508 562 3
528 514 571 548 et
591 505 689 548 ideo
707 506 926 549 connectit
950 504 1136 550 dicendo
1164 525 1172 550 :
1202 525 1221 547 «
1241 507 1353 550 Cum
1371 522 1474 565 ergo

95 592 115 616 »
149 573 252 619 facis
274 574 614 632 eleemosynam,
638 574 727 619 noli
742 575 847 618 tuba
869 591 1023 619 canere
1044 585 1144 619 ante
1167 585 1207 620 te
1228 576 1375 631 ,tsicut
1397 577 1474 634 hy-

93 662 113 686 »
148 646 326 704 pocritae
358 644 524 689 faciunt
545 645 590 688 in
611 646 840 704 synagogis
868 654 911 689 et
931 646 976 688 in
999 646 1101 690 vicis
1119 681 1130 701 ,
1154 656 1204 690 ut
1226 645 1472 704 glorificen-

92 732 112 756 »
147 725 219 759 tur
240 716 294 760 ab
316 715 582 760 hominibus.
603 734 622 757 »
645 715 713 759 Ad
733 716 816 759 hoc
838 715 1009 774 respicit
1025 715 1146 774 quod
1167 717 1363 775 superius
1380 717 1439 761 ait
1460 736 1468 762 :

93 803 113 827 «
146 787 305 830 Cavete
335 784 476 830 facere
503 785 714 846 justitiam
745 795 931 829 vestram
952 801 1098 829 coram
1120 786 1370 831 hominibus
1387 823 1398 842 ,
1423 797 1475 832 ut

90 873 111 897 υ
144 856 377 901 videamini
396 858 450 901 ab
467 857 539 900 eis.
562 875 581 898 »
599 857 730 910 Quod
752 865 896 900 autem
914 856 1111 916 sequitur
1137 876 1145 901 :
1175 876 1194 899 «
1212 861 1353 901 Amen
1373 858 1471 902 dico

89 943 109 968 »
144 926 268 971 vobis
286 962 296 982 ,
323 936 611 986 perceperunt
628 927 872 971 mercedem
895 943 1017 970 suam
1046 946 1054 971 z
1084 946 1103 968 »
1128 927 1183 971 ad
1200 926 1310 972 illud
1334 929 1470 988 respi-

84 996 143 1040 cit
159 996 279 1056 quod
300 1013 427 1056 supra
444 997 609 1056 posuit,
638 1016 658 1038 «
682 996 890 1056 Alioquin
913 996 1158 1041 mercedem
1173 1013 1261 1041 non
1284 998 1469 1042 habebi-

87 1084 106 1107 »
142 1067 194 1110 tis
223 1067 341 1126 apud
370 1071 540 1121 Patrem
575 1076 792 1121 vestrum,
824 1067 901 1126 qui
932 1067 977 1110 in
1007 1067 1125 1111 coelis
1149 1077 1225 1112 est.
1259 1087 1278 1109 η
1306 1069 1470 1113 Deinde

81 1137 305 1197 sequitur:
335 1157 354 1178 «
382 1140 439 1180 Te
462 1146 607 1180 autem
642 1135 828 1180 faciente
857 1136 1190 1193 eleemosynam.
1218 1156 1237 1179 »
1265 1140 1376 1183 Cum
1399 1139 1468 1183 di—

81 1207 164 1251 cit:
195 1226 214 1249 «
242 1210 300 1250 Te
322 1217 466 1251 autem
483 1242 492 1261 ,
509 1226 527 1248 »
548 1207 655 1266 quid
673 1206 792 1250 aliud
808 1205 929 1260 dicit,
956 1222 1104 1266 quam,
1126 1210 1222 1252 Non
1245 1209 1468 1268 quomodo

80 1275 170 1320 illi?
193 1277 309 1330 Quid
330 1293 433 1336 ergo
457 1276 733 1336 mihijubet?
757 1295 777 1317 «
805 1279 864 1319 Te
887 1285 1033 1320 autem
1055 1276 1242 1321 iaciente
1258 1313 1269 1332 ,
1294 1279 1463 1338 inquit,

81 1364 101 1388 »
137 1347 483 1405 eleemosynam,
520 1363 609 1391 non
631 1347 737 1391 sciat
767 1345 937 1389 sinistra
965 1356 1039 1390 tua
1062 1346 1170 1406 quid
1199 1346 1329 1392 faciat
1356 1351 1466 1394 dex*
1530 1382 1535 1385 ,

81 1434 101 1458 »
140 1425 226 1461 tera
249 1427 322 1461 tua
339 1420 367 1461 ¹.
385 1419 534 1476 »Ergo
551 1417 612 1460 illi
634 1417 694 1460 sic
716 1414 901 1471 faciunt,
921 1425 970 1460 ut
994 1416 1098 1460 sciat
1120 1417 1287 1462 sinistra
1311 1434 1463 1464 eorum

74 1486 181 1546 quid
214 1488 345 1532 faciat
375 1487 549 1531 dextera
585 1502 752 1531 eorum.
787 1486 919 1539 Quod
953 1486 1086 1545 igitur
1114 1486 1158 1531 in
1195 1487 1277 1533 illis
1308 1489 1461 1550 culpa-

75 1566 169 1601 tum
190 1567 280 1613 est,
306 1559 389 1603 hoc
424 1567 473 1602 tu
505 1558 646 1602 facere
681 1557 853 1601 vetaris.
888 1559 940 1600 In
968 1555 1052 1601 illis
1081 1567 1227 1601 autem
1249 1558 1332 1603 hoc
1363 1560 1460 1605 cul-

72 1637 224 1686 patum
242 1638 326 1683 est,
352 1627 471 1688 quod
490 1628 547 1671 ita
565 1626 733 1671 faciunt
755 1635 804 1670 ut
824 1626 974 1670 laudes
993 1627 1219 1671 hominum
1242 1621 1456 1688 quaerant.

72 1701 348 1759 Quapropter
375 1699 487 1742 nihil
523 1697 859 1757 consequentius
891 1696 1058 1741 sinistra
1087 1697 1261 1742 videtur
1292 1701 1459 1760 signifi·
1514 1725 1529 1732 κ

70 1784 167 1813 care
185 1804 196 1824 ,
227 1785 359 1829 quam
394 1770 528 1827 ipsam
565 1767 899 1811 delectationem
924 1765 1078 1810 laudis.
1106 1770 1285 1813 Dextera
1312 1780 1458 1815 autem

70 1840 285 1898 significat
322 1838 611 1882 intentionem
645 1835 855 1895 implendi
894 1847 1107 1896 praecepta
1145 1838 1305 1883 divina.
1344 1842 1457 1886 Cum

67 1911 215 1970 itaque
232 1909 506 1954 conscientiae
526 1907 720 1952 facientis
743 1906 1062 1964 eleemosynam
1087 1907 1238 1954 miscet
1259 1926 1303 1954 se
1325 1927 1456 1971 appe·

69 1980 164 2024 titio
185 1979 324 2025 laudis
346 1981 550 2023 humanae
565 2012 576 2032 ‚
600 1978 651 2021 fit
672 1976 841 2021 sinistra
874 1977 1044 2021 conscia
1069 1979 1208 2036 operis
1230 1979 1420 2026 dexterae
1440 2002 1448 2028 :

71 2069 92 2093 «
125 2052 294 2096 Nesciat
315 2066 418 2110 ergo
441 2049 610 2094 sinistra
639 2057 714 2092 tua
743 2047 851 2108 quid
880 2047 1008 2092 faciat
1040 2047 1213 2093 dextera
1245 2060 1342 2107 tua,
1366 2071 1385 2094 »
1407 2054 1453 2098 id

0 2172 2 2176 v
65 2131 130 2166 est
146 2156 158 2177 ,
183 2138 273 2167 non
294 2137 338 2167 se
369 2122 546 2165 misceat
566 2119 842 2164 conscientiae
874 2128 960 2163 tuae
983 2119 1122 2163 laudis
1148 2122 1348 2166 humanae
1371 2140 1450 2183 ap-

66 2193 218 2251 petitio
234 2227 244 2246 ,
266 2207 365 2236 cum
383 2192 428 2234 in
449 2189 720 2248 eleemosyna
748 2188 945 2233 facienda
967 2189 1164 2235 divinum
1184 2202 1452 2253 praeceptum

67 2263 295 2307 contendis
314 2262 510 2321 implere.

125 2334 202 2376 IX.
225 2351 245 2373 «
269 2335 325 2377 Ut
342 2332 396 2376 sit
416 2330 690 2388 eleemosyna
726 2339 800 2374 tua
818 2330 862 2373 in
880 2330 1134 2374 abscondito
1150 2333 1180 2374 2.
1197 2350 1216 2372 »
1233 2332 1350 2385 Quid
1371 2344 1450 2392 est,

69 2420 90 2444 «
125 2405 177 2446 In
199 2400 468 2455 abscondito,
484 2401 596 2444 »nisi
619 2400 712 2460 ipsa
731 2401 845 2444 bona
868 2400 1145 2455 conscientia,
1173 2418 1271 2461 quae
1295 2404 1449 2449 huma-

65 2471 130 2515 nis
155 2471 290 2516 oculis
321 2469 609 2516 demonstrari
646 2485 737 2515 non
769 2478 935 2529 potest,
967 2484 1046 2513 nec
1082 2471 1224 2515 verbis
1257 2474 1448 2531 aperiri?

114 2561 122 2578 ¹
141 2556 262 2588 Manli.
283 2564 325 2595 vt,
349 2554 419 2601 ⁹3⁴.
445 2570 484 2576 —-
507 2559 518 2576 ²
539 2553 623 2586 thid.
644 2553 674 2595 4.
1190 2604 1214 2645 a

1166 2609 1183 2645 1
1220 2636 1228 2646 .
