1819 3301
375 240 658 276 QUAEsnoNUM
692 237 1052 277 EVANGELIORUM,
1087 240 1169 266 Lm.
1206 241 1253 266 11.
1418 230 1500 270 333

119 304 263 348 dietur
297 314 546 364 opportuno
568 314 763 364 tempore
798 313 920 364 pater
941 305 1061 365 ejus,
1099 313 1150 348 ut
1171 314 1213 349 et
1241 305 1330 364 jam
1364 307 1503 351 omnis

120 374 252 419 Israel
268 375 410 421 salvus
429 377 505 420 fiat
530 395 538 420 :
564 377 634 420 cui
657 391 707 420 ex
730 385 850 436 parte
872 377 1039 421 caecitas
1062 375 1174 421 facta
1200 385 1264 420 est
1284 376 1405 421 velut
1426 378 1504 421 ab·

119 446 252 490 sentia
271 447 316 491 in
337 462 440 506 agro
452 482 463 502 ,
478 447 618 492 donec
632 447 859 506 plenitudo
873 447 949 491 filii
962 447 1137 492 minoris
1151 447 1279 506 longe
1298 447 1344 491 in
1365 447 1506 493 idolo-

118 515 243 561 latria
265 518 461 576 gentium
481 517 706 563 constituti
725 517 859 562 redux
879 519 933 562 ad
950 518 1305 563 manducandum
1319 518 1506 563 vitulum

117 587 338 633 intraret1.
360 589 454 633 Erit
471 589 583 632 enim
603 589 870 649 quandoque
887 598 1033 649 aperta
1055 590 1228 635 vocatio
1251 592 1274 634 J
1280 588 1507 635 udaeorum

118 658 163 702 in
188 658 371 703 salutem
397 659 636 718 Evangelii.
665 662 804 713 Quam
833 659 1224 705 manifestationem
1245 661 1504 717 vocationis,

120 739 329 791 tanquam
353 724 571 791 egressum
589 732 720 792 patris
742 731 933 791 appellat
954 731 1009 776 ad
1029 733 1272 790 rogandum
1300 734 1506 793 majorem

121 801 276 846 filium.

178 876 299 918 VIII.
327 873 492 918 Deinde
520 890 618 935 quae
648 875 881 933 respondet
913 873 1027 917 idem
1058 875 1196 934 major
1223 874 1362 929 filius,
1401 874 1509 919 duas

120 945 380 1004 quaestiones
402 945 565 990 habent
579 981 589 1001 ‚
612 944 835 1006 quomodo
857 944 1058 989 videlicet
1076 945 1313 1005 accipiatur
1336 945 1407 990 ille
1430 962 1509 1006 po—

117 1015 247 1075 pulus
272 1032 499 1076 nunquam
521 1016 775 1060 mandatum
799 1016 874 1060 Dei
906 1016 1159 1075 praeteriisse
1185 1035 1194 1061 2
1220 1026 1263 1061 et
1285 1032 1415 1076 quem
1439 1018 1508 1061 di-

118 1096 185 1131 cat
205 1086 389 1131 hoedum
413 1103 545 1147 quem
569 1103 797 1147 nunquam
831 1088 1017 1146 accepit,
1044 1097 1094 1131 ut
1126 1103 1226 1131 cnm
1249 1088 1395 1132 amicis
1423 1089 1510 1133 suis

118 1156 385 1217 epularetur.
417 1158 499 1203 Sed
523 1157 578 1202 de
598 1157 804 1201 mandato
823 1174 911 1201 non
930 1167 1233 1217 praetergresso
1257 1157 1383 1202 facile
1400 1158 1510 1202 illud

117 1230 326 1284 occurrit,
357 1244 500 1288 neque
527 1228 582 1272 de
621 1229 740 1273 omni
760 1229 964 1272 mandato
988 1228 1153 1273 dictum
1197 1245 1308 1284 esse,
1349 1228 1423 1273 sed
1456 1229 1510 1273 de

117 1316 206 1344 uno
223 1301 404 1344 maxime
432 1300 690 1355 necessario,
715 1315 803 1359 quo
827 1300 998 1343 nullum
1027 1303 1167 1343 Deum
1191 1300 1323 1344 alium
1357 1309 1514 1359 praeter

117 1386 255 1415 unum
277 1373 526 1416 Creatorem
556 1371 752 1415 oninium
782 1371 923 1415 colere
943 1373 1087 1431 jussus
1118 1374 1211 1414 est²
1234 1390 1241 1416 :
1268 1387 1409 1430 neque
1432 1372 1510 1415 iste

116 1442 231 1486 filius
253 1442 298 1486 in
320 1442 523 1486 omnibus
546 1441 747 1486 Israelitis
769 1477 780 1497 ,
801 1441 877 1486 sed
904 1442 948 1485 in
973 1442 1037 1485 his
1066 1441 1327 1500 intelligitur
1350 1443 1509 1486 habere

117 1528 368 1572 personam,
400 1513 475 1572 qui
498 1529 723 1572 nunquam
747 1513 801 1556 ab
824 1528 913 1556 uno
937 1515 1025 1557 Deo
1054 1513 1107 1556 ad
1144 1512 1375 1556 simulacra
1400 1528 1510 1557 con-

116 1585 227 1628 versi
249 1593 365 1628 sunt.
392 1586 655 1643 Quanquam
678 1584 793 1627 enim
815 1592 1025 1643 tanquam
1051 1584 1095 1626 in
1117 1598 1218 1641 agro
1248 1584 1510 1643 positus-iste

117 1654 231 1699 filius
253 1664 424 1699 terrena
458 1654 722 1698 desideraret
743 1690 753 1709 ,
781 1654 836 1698 ab
856 1670 945 1698 uno
968 1664 1113 1698 tamen
1134 1657 1223 1698 Deo
1247 1654 1323 1698 ista
1347 1653 1511 1698 deside-

117 1725 242 1770 rabat
264 1726 378 1769 bona
394 1759 405 1780 ‚
430 1726 628 1785 quamvis
655 1727 903 1769 communia
926 1740 1026 1770 cum
1047 1725 1294 1784 pecoribus.
1320 1724 1444 1768 Unde
1467 1725 1511 1768 in

119 1794 289 1840 Psalmo
309 1811 359 1839 ex
382 1811 565 1854 persona
588 1811 822 1853 synagogae
844 1831 854 1850 ‚
881 1795 1002 1855 quod
1024 1796 1334 1854 interpretatur
1350 1795 1508 1854 Asaph,

118 1866 427 1910 convenienter
445 1865 657 1924 accipitur
679 1865 845 1909 dictum
866 1885 874 1909 ;
903 1884 922 1907 «
947 1866 1078 1918 Quasi
1100 1881 1230 1925 pecus
1253 1865 1394 1909 factus
1417 1879 1512 1909 sum

122 1955 142 1977 »
178 1936 230 1981 ad
251 1945 293 1980 te
308 1971 319 1992 ‚
345 1945 388 1980 et
410 1952 491 1995 ego
506 1952 675 1996 semper
693 1945 837 1980 tecum
858 1939 888 1980 3.
914 1936 1079 1989 »Quod
1097 1936 1223 1980 etiam
1239 1936 1515 1995 patrisipsius

120 2007 366 2052 testimonio
388 2008 722 2067 comprobatur,
743 2022 841 2051 cum
861 2006 966 2050 dicit
985 2022 993 2047 :
1023 2026 1041 2049 «
1062 2010 1126 2050 Tu
1148 2022 1318 2051 mecum
1334 2021 1376 2050 es
1398 2021 1505 2050 sem-

124 2095 145 2119 »
181 2079 298 2138 per4.
337 2096 357 2120 »
380 2081 477 2123 Non
513 2079 628 2122 enim
667 2078 789 2138 quasi
828 2078 1111 2122 mentientem
1146 2072 1370 2136 redarguit
1390 2112 1400 2132 ‚
1433 2075 1510 2120 sed

121 2163 269 2192 secum
291 2149 655 2207 perseverantiam
678 2149 768 2208 ejus
788 2149 1031 2207 approbans
1052 2183 1062 2202 ,
1087 2147 1142 2191 ad
1172 2146 1514 2206 perfructionem

121 2218 301 2278 potioris
324 2218 740 2278 atquejucundioris
762 2219 1035 2262 exultationis
1057 2218 1226 2262 invitat.

182 2292 260 2333 IX.
287 2289 393 2343 Quis
415 2299 478 2334 est
502 2305 604 2348 ergo
628 2290 789 2334 hoedus
806 2325 816 2341 ‚
850 2305 980 2349 quem
1010 2304 1235 2349 nunquam
1268 2288 1432 2347 accepit
1462 2286 1517 2331 ad

86 2378 89 2380 ’
121 2359 391 2419 epulandum
417 2362 435 2403 Ρ
470 2363 677 2405 Peccator
706 2359 902 2419 profecto
931 2358 1053 2403 hoedi
1082 2360 1257 2404 nomine
1288 2358 1517 2417 significari

119 2430 245 2475 solet.
275 2431 359 2475 Sed
380 2427 493 2474 'absit
508 2440 556 2474 ut
571 2431 886 2475 Antichristum
910 2429 1161 2488 intelligam.
1187 2433 1283 2474 Non
1301 2430 1414 2472 enim
1430 2429 1518 2472 exi-

123 2509 220 2544 tum
249 2500 423 2545 invenio
445 2501 626 2560 hujusce
648 2501 890 2546 sententiae.
921 2500 1110 2545 Multum
1139 2500 1254 2544 enim
1278 2498 1517 2544 absurdum

169 2590 179 2607 ¹
202 2587 292 2617 Rom.
309 2595 354 2627 xi,
376 2584 431 2617 25.
449 2602 490 2608 —
510 2591 522 2606 2
542 2585 643 2617 Exod.
666 2596 720 2626 xx,
740 2585 770 2617 3.
789 2602 830 2607 —-
851 2583 863 2608 3
884 2584 963 2617 Psal.
981 2595 1080 2626 Lxxu,
1097 2584 1150 2617 23.
1171 2599 1213 2608 ·-
1227 2582 1333 2616 4Luc
1348 2594 1377 2623 x,
1397 2595 1425 2616 1.
