1819 3301
376 235 443 275 *m
477 232 650 262 JOANNIS
682 232 992 274 EVANGELIUM‚
1027 234 1171 263 TRACT.
1208 239 1266 264 1v.
1433 227 1514 266 435

139 316 158 339 »
198 296 323 342 facite
343 300 516 344 semitas
536 301 611 345 Dei
628 302 763 345 nostri
784 304 814 345 ¹.
836 320 854 343 »
877 305 971 348 Non
988 303 1110 346 vobis
1125 302 1515 363 videturpraeconis

137 385 225 413 esse
255 369 398 414 dicere
429 391 436 416 :
478 373 625 427 Exite,
651 371 776 416 facite
799 374 942 417 viam?
963 374 1050 419 Nisi
1073 372 1190 433 quod
1219 388 1361 431 praeco
1393 375 1516 418 Exite

135 439 240 484 dicit
266 459 274 484 ;
300 443 486 485 Joannes
503 441 609 486 dicit
633 462 641 487 :
668 445 835 486 Venite.
862 444 1059 503 Ajudice
1081 443 1250 502 repellit
1272 459 1435 502 praeco,
1462 444 1516 487 ad

128 510 321 568 judicem
350 514 476 555 vocat
498 514 700 555 Joannes.
730 516 822 557 Imo
846 522 971 558 vocat
995 517 1182 558 Joannes
1206 513 1260 556 ad
1281 512 1513 568 humilem,
1567 564 1578 574 ἢ

134 594 188 622 ne
209 580 342 638 judex
364 581 574 624 sentiatur
604 581 809 626 excelsus.
847 602 866 623 «
902 585 994 640 Ego
1016 598 1098 627 vox
1120 583 1342 626 clamantis
1370 583 1416 626 in
1437 582 1517 626 de-

138 667 157 689 »
192 659 321 704 serto,
344 651 522 709 Dirigite
534 652 643 696 viam
658 652 843 707 Domini,
859 653 970 696 sieut
985 652 1093 697 dixit
1110 656 1237 697 lsa'i'as
1251 654 1476 713 propheta.
1494 671 1514 695 »

134 721 231 765 Non
254 719 382 775 dixit,
411 724 504 779 Ego
535 737 630 765 sum
654 724 840 766 Joannes
858 758 869 777 ,
895 725 988 781 Ego
1016 738 1111 766 sum
1140 723 1280 777 Elias,
1307 726 1401 781 Ego
1423 738 1520 766 sum

136 790 368 848 Propheta.
404 791 489 835 Sed
512 791 617 851 quid
646 791 776 836 dixit?
805 795 897 836 Hoc
918 809 1080 850 vocor,
1122 812 1142 835 «
1171 796 1266 837 Vox
1298 793 1522 837 clamantis

137 877 156 900 »
192 859 237 904 in
255 858 450 904 deserto:
474 861 650 920 Dirigite
669 862 781 907 viam
802 863 985 907 Domino
1009 882 1018 908 :
1041 880 1060 904 »
1083 865 1177 923 Ego
1194 878 1289 907 sum
1313 863 1400 923 ipsa
1418 879 1520 923 pro-

134 929 296 988 phetia.

193 1001 312 1043 VIII.
353 1019 372 1041 «
407 1002 464 1043 Et
495 1001 569 1060 qui
604 1001 718 1044 missi
748 1000 940 1056 fuerant,
969 1011 1091 1045 erant
1126 1017 1177 1045 ex
1212 1001 1433 1046 Pharisaeis
1461 1020 1469 1046 :
1498 1020 1517 1043 »

134 1067 180 1111 id
200 1077 287 1119 est,
319 1084 372 1112 ex
394 1069 662 1129 principibus
692 1073 715 1114 J
722 1071 963 1115 udaeorum.
993 1090 1012 1113 «
1039 1074 1095 1115 Et
1118 1071 1492 1130 interrogaverunt
1507 1106 1518 1125 ,

138 1157 157 1179 »
194 1148 237 1182 et
260 1139 462 1183 dixerunt
477 1140 514 1182 ei
537 1160 545 1184 :
571 1140 687 1193 Quid
704 1157 806 1199 ergo
830 1142 1035 1200 baptizas,
1061 1142 1093 1184 si
1112 1151 1161 1184 tu
1190 1157 1278 1184 non
1310 1157 1352 1185 es
1372 1142 1522 1186 Chris-

137 1227 157 1249 »
194 1218 282 1264 tus,
308 1225 449 1269 neque
472 1209 608 1264 Elias,
642 1226 783 1270 neque
807 1213 1023 1270 Propheta
1052 1212 1095 1251 2?
1130 1229 1149 1250 »
1176 1212 1306 1263 Quasi
1330 1210 1521 1254 audaciae

132 1279 363 1324 videbatur
394 1297 482 1324 esse
507 1281 744 1339 baptizare,
771 1281 919 1341 quasi,
947 1284 999 1324 In
1029 1296 1113 1340 qua
1132 1282 1338 1339 persona?
1360 1281 1520 1340 quaeri-

135 1365 231 1393 mus
253 1359 401 1394 utrum
422 1360 468 1394 tu
486 1351 539 1394 sis
554 1351 772 1408 Christus3
793 1361 840 1394 tu
859 1350 963 1394 dieis
984 1360 1024 1394 te
1046 1366 1133 1394 non
1156 1365 1264 1407 esse,
1285 1351 1519 1409 quaerimus

135 1435 189 1463 ne
220 1419 333 1464 forte
361 1436 602 1479 praecursor
624 1420 738 1464 illius
761 1422 836 1475 sis,
875 1421 976 1480 quia
1008 1419 1207 1463 novimus
1241 1430 1340 1463 ante
1361 1420 1521 1464 Christi

135 1490 372 1535 adventum
392 1501 625 1535 venturum
648 1507 736 1535 esse
760 1490 924 1548 Ellam,
947 1506 1076 1549 negas
1095 1500 1136 1534 te
1154 1505 1267 1534 esse:
1286 1491 1519 1550 quaerimus

134 1576 188 1604 ne
203 1559 314 1604 forte
329 1561 482 1620 aliquis
495 1560 682 1604 multum
705 1561 971 1620 praeveniens
997 1575 1154 1619 praeco,
1176 1576 1218 1603 es
1241 1559 1284 1602 id
1303 1570 1381 1614 est,
1414 1576 1516 1619 pro-

134 1631 286 1689 pheta,
318 1640 360 1673 et
400 1631 598 1690 accepisti
632 1632 742 1674 hanc
769 1640 1052 1691 potestatem,
1077 1646 1155 1674 nee
1184 1631 1441 1689 prophetam
1475 1639 1518 1674 te

134 1715 223 1744 esse
252 1700 372 1744 dieis.
409 1703 464 1745 Et
496 1717 584 1744 non
619 1711 709 1744 erat
748 1701 958 1763 propheta
997 1702 1188 1743 Joannes
1226 1719 1235 1743 ς
1260 1701 1394 1759 major
1429 1709 1519 1744 erat

133 1786 264 1831 quam
284 1771 510 1830 propheta.
532 1771 742 1814 Dominus
765 1770 818 1813 de
840 1770 914 1814 iilo
943 1769 1027 1813 tale
1051 1769 1347 1812 testimonium
1377 1769 1513 1814 dedit.

137 1858 158 1881 «
193 1839 308 1893 Quid
332 1840 474 1883 existis
496 1840 541 1883 in
557 1841 774 1884 desertum
799 1840 958 1883 videre.
986 1838 1255 1883 Arundinem
1278 1848 1409 1883 vento
1433 1839 1519 1897 agi-

137 1927 157 1950 »
193 1909 304 1952 tari?
331 1928 349 1950 »
377 1910 558 1970 Utique,
584 1912 680 1979 Non
697 1918 828 1953 vento
851 1909 1025 1967 agitari,
1053 1908 1258 1951 subaudis
1273 1943 1283 1962 ,
1305 1909 1405 1969 quia
1428 1924 1518 1953 non

132 1979 215 2023 hoe
233 1989 323 2022 erat
337 1982 361 2022 J
366 1995 541 2033 oannes,
559 1980 680 2039 quasi
695 1979 770 2039 qui
788 1996 810 2022 a
825 1988 955 2023 vento
973 1987 1220 2022 moveretur
1240 1997 1247 2022 :
1265 1979 1340 2037 qui
1361 1979 1476 2021 enim
1492 1994 1516 2022 a

131 2059 262 2094 vento
276 2059 492 2102 movetur,
510 2050 806 2093 circumflatur
819 2050 937 2093 omni
951 2048 1103 2107 spiritu
1117 2048 1375 2092 seductorio.
1397 2047 1514 2093 «Sed

136 2137 155 2160 »
190 2119 297 2179 quid
313 2120 452 2162 existis
470 2119 639 2163 videre?
658 2119 888 2162 Hominem
901 2117 1103 2162 mollibus
1116 2117 1346 2160 vestitum?
1369 2135 1388 2158 »
1406 2119 1514 2161 Ves-

136 2189 446 2232 tiebaturenim
461 2192 649 2233 Joannes
672 2190 832 2248 asperis
849 2223 859 2243 ,
884 2189 927 2231 id
945 2198 1028 2243 est,
1055 2188 1199 2231 tunica
1217 2186 1329 2231 facta
1348 2187 1402 2231 de
1417 2187 1513 2246 pilis

134 2259 302 2303 cameli.
329 2278 343 2297 «
367 2261 480 2302 Ecce
494 2260 568 2319 qui
584 2259 788 2303 mollibus
803 2259 1061 2311 vestiuntur,
1081 2258 1124 2301 in
1149 2256 1350 2300 domibus
1362 2272 1511 2315 regum

136 2348 155 2370 »
180 2339 294 2373 sunt.
320 2348 338 2369 »
362 2332 459 2374 Non
484 2345 587 2388 ergo
605 2330 746 2374 existis
762 2329 908 2373 videre
926 2328 1147 2371 hominem
1163 2326 1366 2370 mollibus
1379 2328 1510 2371 vesti-

133 2409 242 2444 tum.
276 2418 295 2440 «
322 2399 405 2444 Sed
428 2400 535 2459 quid
562 2399 704 2443 existis
725 2399 899 2443 videre?
918 2398 1204 2456 Prophetam?
1223 2400 1286 2440 Ita
1309 2397 1406 2441 dico
1430 2413 1510 2442 vo-

136 2488 155 2511 »
190 2469 276 2525 bis,
304 2471 446 2531 major
459 2485 591 2529 quam
604 2470 819 2528 Propheta
840 2467 911 2511 hic
927 2469 958 2510 3.
974 2485 993 2508 »
1010 2467 1120 2520 Quia
1140 2467 1366 2526 Prophetae
1382 2465 1511 2526 longe

180 2560 189 2577 ¹
207 2555 280 2586 Isa'i.
299 2565 350 2595 η,
371 2555 402 2586 3.
423 2572 462 2576 -
485 2562 494 2576 ⁷
515 2557 606 2586 Joan.
628 2566 651 2596 1,
669 2553 725 2596 24,
746 2553 800 2586 25.
822 2569 863 2576 -
882 2550 895 2575 3
914 2552 1033 2584 Matth.
1054 2562 1097 2591 xi,
1117 2562 1189 2593 7—9.

1281 2604 1345 2643 28.
