<?xml version="1.0" encoding="UTF-8"?>
<!DOCTYPE html PUBLIC "-//W3C//DTD XHTML 1.0 Transitional//EN"
    "http://www.w3.org/TR/xhtml1/DTD/xhtml1-transitional.dtd">
<html xmlns="http://www.w3.org/1999/xhtml" xml:lang="en" lang="en">
 <head>
  <title>
</title>
<meta http-equiv="Content-Type" content="text/html;charset=utf-8" />
  <meta name='ocr-system' content='tesseract 3.04.00' />
  <meta name='ocr-capabilities' content='ocr_page ocr_carea ocr_par ocr_line ocrx_word'/>
</head>
<body>
  <div class='ocr_page' id='page_1' title='image "./operaomniaaccura14auguuoft_0466.png"; bbox 0 0 1819 3301; ppageno 0'>
   <div class='ocr_carea' id='block_1_1' title="bbox 320 229 1730 2559">
    <p class='ocr_par' dir='ltr' id='par_1_1' title="bbox 348 229 1276 268">
     <span class='ocr_line' id='line_1_1' title="bbox 348 229 1276 268; baseline -0.002 0"><span class='ocrx_word' id='word_1_1' title='bbox 348 229 431 268; x_wconf 73' lang='lat'>432</span> <span class='ocrx_word' id='word_1_2' title='bbox 761 238 795 266; x_wconf 83' lang='lat' dir='ltr'>s.</span> <span class='ocrx_word' id='word_1_3' title='bbox 833 239 1063 266; x_wconf 69' lang='lat' dir='ltr'>Accus&#39;nm</span> <span class='ocrx_word' id='word_1_4' title='bbox 1100 239 1276 266; x_wconf 67' lang='lat' dir='ltr'>xix-iscorr</span> 
     </span>
    </p>

    <p class='ocr_par' dir='ltr' id='par_1_2' title="bbox 329 306 1730 1556">
     <span class='ocr_line' id='line_1_2' title="bbox 339 306 1730 367; baseline 0.001 -16"><span class='ocrx_word' id='word_1_5' title='bbox 339 307 437 361; x_wconf 89' lang='lat' dir='ltr'>ille,</span> <span class='ocrx_word' id='word_1_6' title='bbox 479 316 521 351; x_wconf 87' lang='lat' dir='ltr'>et</span> <span class='ocrx_word' id='word_1_7' title='bbox 555 306 809 367; x_wconf 87' lang='lat' dir='ltr'>impleverat</span> <span class='ocrx_word' id='word_1_8' title='bbox 841 306 989 349; x_wconf 80' lang='lat' dir='ltr'>orbem</span> <span class='ocrx_word' id='word_1_9' title='bbox 1029 314 1238 349; x_wconf 79' lang='lat' dir='ltr'>terrarum</span> <span class='ocrx_word' id='word_1_10' title='bbox 1269 306 1420 366; x_wconf 83' lang='lat' dir='ltr'>:quod</span> <span class='ocrx_word' id='word_1_11' title='bbox 1455 309 1645 352; x_wconf 74' lang='lat' dir='ltr'><strong>ostendit</strong></span> <span class='ocrx_word' id='word_1_12' title='bbox 1685 310 1730 353; x_wconf 88' lang='lat' dir='ltr'>in</span> 
     </span>
     <span class='ocr_line' id='line_1_3' title="bbox 339 374 1729 437; baseline 0 -15"><span class='ocrx_word' id='word_1_13' title='bbox 339 394 473 436; x_wconf 85' lang='lat' dir='ltr'>regno</span> <span class='ocrx_word' id='word_1_14' title='bbox 493 394 570 422; x_wconf 89' lang='lat' dir='ltr'>suo</span> <span class='ocrx_word' id='word_1_15' title='bbox 586 412 595 430; x_wconf 90' lang='lat'><strong>‚</strong></span> <span class='ocrx_word' id='word_1_16' title='bbox 623 377 743 437; x_wconf 85' lang='lat' dir='ltr'>quod</span> <span class='ocrx_word' id='word_1_17' title='bbox 766 385 828 419; x_wconf 84' lang='lat' dir='ltr'>cst</span> <span class='ocrx_word' id='word_1_18' title='bbox 852 374 1040 419; x_wconf 78' lang='lat' dir='ltr'>Ecclesia</span> <span class='ocrx_word' id='word_1_19' title='bbox 1062 410 1072 430; x_wconf 83' lang='lat'>,</span> <span class='ocrx_word' id='word_1_20' title='bbox 1097 392 1183 436; x_wconf 87' lang='lat' dir='ltr'>qua</span> <span class='ocrx_word' id='word_1_21' title='bbox 1205 376 1401 435; x_wconf 89' lang='lat' dir='ltr'>implevit</span> <span class='ocrx_word' id='word_1_22' title='bbox 1423 387 1558 421; x_wconf 86' lang='lat' dir='ltr'>totam</span> <span class='ocrx_word' id='word_1_23' title='bbox 1575 377 1729 423; x_wconf 84' lang='lat' dir='ltr'>faciem</span> 
     </span>
     <span class='ocr_line' id='line_1_4' title="bbox 338 446 1728 504; baseline -0.001 -10"><span class='ocrx_word' id='word_1_24' title='bbox 338 459 477 494; x_wconf 83' lang='lat' dir='ltr'>terrae.</span> <span class='ocrx_word' id='word_1_25' title='bbox 502 449 610 503; x_wconf 83' lang='lat' dir='ltr'>Quia</span> <span class='ocrx_word' id='word_1_26' title='bbox 631 462 730 504; x_wconf 83' lang='lat' dir='ltr'>ergo</span> <span class='ocrx_word' id='word_1_27' title='bbox 759 446 955 490; x_wconf 88' lang='lat' dir='ltr'>nondum</span> <span class='ocrx_word' id='word_1_28' title='bbox 988 456 1181 490; x_wconf 86' lang='lat' dir='ltr'>creverat</span> <span class='ocrx_word' id='word_1_29' title='bbox 1200 482 1210 502; x_wconf 88' lang='lat'><strong>‚</strong></span> <span class='ocrx_word' id='word_1_30' title='bbox 1237 447 1519 492; x_wconf 82' lang='lat' dir='ltr'>offenderunt</span> <span class='ocrx_word' id='word_1_31' title='bbox 1538 449 1581 492; x_wconf 90' lang='lat' dir='ltr'>in</span> <span class='ocrx_word' id='word_1_32' title='bbox 1603 449 1728 492; x_wconf 91' lang='lat' dir='ltr'>illum</span> 
     </span>
     <span class='ocr_line' id='line_1_5' title="bbox 337 517 1729 580; baseline -0.001 -16"><span class='ocrx_word' id='word_1_33' title='bbox 337 529 543 580; x_wconf 82' lang='lat' dir='ltr'>tanquam</span> <span class='ocrx_word' id='word_1_34' title='bbox 569 518 614 561; x_wconf 86' lang='lat' dir='ltr'>in</span> <span class='ocrx_word' id='word_1_35' title='bbox 636 517 854 574; x_wconf 82' lang='lat' dir='ltr'>lapidem:</span> <span class='ocrx_word' id='word_1_36' title='bbox 880 527 923 561; x_wconf 88' lang='lat' dir='ltr'>ct</span> <span class='ocrx_word' id='word_1_37' title='bbox 945 518 1110 562; x_wconf 87' lang='lat' dir='ltr'>factum</span> <span class='ocrx_word' id='word_1_38' title='bbox 1134 526 1194 561; x_wconf 86' lang='lat' dir='ltr'>est</span> <span class='ocrx_word' id='word_1_39' title='bbox 1211 518 1255 560; x_wconf 90' lang='lat' dir='ltr'>in</span> <span class='ocrx_word' id='word_1_40' title='bbox 1281 518 1339 561; x_wconf 91' lang='lat' dir='ltr'>eis</span> <span class='ocrx_word' id='word_1_41' title='bbox 1363 518 1484 577; x_wconf 86' lang='lat' dir='ltr'>quod</span> <span class='ocrx_word' id='word_1_42' title='bbox 1518 519 1729 578; x_wconf 85' lang='lat' dir='ltr'>scriptum</span> 
     </span>
     <span class='ocr_line' id='line_1_6' title="bbox 336 586 1727 648; baseline -0.002 -12"><span class='ocrx_word' id='word_1_43' title='bbox 336 600 399 635; x_wconf 90' lang='lat' dir='ltr'>est</span> <span class='ocrx_word' id='word_1_44' title='bbox 426 610 434 634; x_wconf 90' lang='lat'>:</span> <span class='ocrx_word' id='word_1_45' title='bbox 464 609 483 630; x_wconf 86' lang='lat'>«</span> <span class='ocrx_word' id='word_1_46' title='bbox 511 588 594 642; x_wconf 89' lang='lat' dir='ltr'>Qui</span> <span class='ocrx_word' id='word_1_47' title='bbox 628 587 832 630; x_wconf 80' lang='lat' dir='ltr'>ceciderit</span> <span class='ocrx_word' id='word_1_48' title='bbox 852 603 981 647; x_wconf 88' lang='lat' dir='ltr'>super</span> <span class='ocrx_word' id='word_1_49' title='bbox 1012 586 1203 647; x_wconf 77' lang='lat' dir='ltr'>lapidem</span> <span class='ocrx_word' id='word_1_50' title='bbox 1226 588 1379 643; x_wconf 81' lang='lat' dir='ltr'>istum,</span> <span class='ocrx_word' id='word_1_51' title='bbox 1415 589 1727 648; x_wconf 81' lang='lat' dir='ltr'>conquassabi-</span> 
     </span>
     <span class='ocr_line' id='line_1_7' title="bbox 337 658 1722 718; baseline -0.001 -16"><span class='ocrx_word' id='word_1_52' title='bbox 337 680 356 702; x_wconf 89' lang='lat'>»</span> <span class='ocrx_word' id='word_1_53' title='bbox 394 671 464 705; x_wconf 85' lang='lat' dir='ltr'>tur</span> <span class='ocrx_word' id='word_1_54' title='bbox 481 695 491 714; x_wconf 84' lang='lat'>‚</span> <span class='ocrx_word' id='word_1_55' title='bbox 512 669 555 703; x_wconf 89' lang='lat' dir='ltr'>et</span> <span class='ocrx_word' id='word_1_56' title='bbox 576 674 704 717; x_wconf 88' lang='lat' dir='ltr'>super</span> <span class='ocrx_word' id='word_1_57' title='bbox 722 673 830 718; x_wconf 91' lang='lat' dir='ltr'>quos</span> <span class='ocrx_word' id='word_1_58' title='bbox 858 658 1061 702; x_wconf 82' lang='lat' dir='ltr'>ceciderit</span> <span class='ocrx_word' id='word_1_59' title='bbox 1081 658 1190 717; x_wconf 83' lang='lat' dir='ltr'>lapis</span> <span class='ocrx_word' id='word_1_60' title='bbox 1221 658 1315 713; x_wconf 86' lang='lat' dir='ltr'>ille,</span> <span class='ocrx_word' id='word_1_61' title='bbox 1340 668 1537 703; x_wconf 86' lang='lat' dir='ltr'>conteret</span> <span class='ocrx_word' id='word_1_62' title='bbox 1556 675 1627 703; x_wconf 84' lang='lat' dir='ltr'>eos</span> <span class='ocrx_word' id='word_1_63' title='bbox 1644 662 1674 703; x_wconf 88' lang='lat'>¹.</span> <span class='ocrx_word' id='word_1_64' title='bbox 1704 679 1722 701; x_wconf 92' lang='lat'>»</span> 
     </span>
     <span class='ocr_line' id='line_1_8' title="bbox 336 726 1727 789; baseline -0.001 -14"><span class='ocrx_word' id='word_1_65' title='bbox 336 732 480 776; x_wconf 91' lang='lat' dir='ltr'>Primo</span> <span class='ocrx_word' id='word_1_66' title='bbox 511 745 639 789; x_wconf 85' lang='lat' dir='ltr'>super</span> <span class='ocrx_word' id='word_1_67' title='bbox 681 726 892 773; x_wconf 82' lang='lat' dir='ltr'>humilem</span> <span class='ocrx_word' id='word_1_68' title='bbox 925 728 1204 783; x_wconf 83' lang='lat' dir='ltr'>ceciderunt,</span> <span class='ocrx_word' id='word_1_69' title='bbox 1242 729 1434 773; x_wconf 79' lang='lat' dir='ltr'>excelsus</span> <span class='ocrx_word' id='word_1_70' title='bbox 1472 745 1601 789; x_wconf 86' lang='lat' dir='ltr'>super</span> <span class='ocrx_word' id='word_1_71' title='bbox 1630 729 1727 774; x_wconf 89' lang='lat' dir='ltr'>illos</span> 
     </span>
     <span class='ocr_line' id='line_1_9' title="bbox 333 799 1728 860; baseline -0.001 -14"><span class='ocrx_word' id='word_1_72' title='bbox 333 812 542 846; x_wconf 82' lang='lat' dir='ltr'>venturus</span> <span class='ocrx_word' id='word_1_73' title='bbox 567 810 630 844; x_wconf 89' lang='lat' dir='ltr'>cst</span> <span class='ocrx_word' id='word_1_74' title='bbox 653 819 660 843; x_wconf 78' lang='lat'>2</span> <span class='ocrx_word' id='word_1_75' title='bbox 686 799 762 844; x_wconf 89' lang='lat' dir='ltr'>sed</span> <span class='ocrx_word' id='word_1_76' title='bbox 785 809 833 843; x_wconf 89' lang='lat' dir='ltr'>ut</span> <span class='ocrx_word' id='word_1_77' title='bbox 861 815 932 844; x_wconf 92' lang='lat' dir='ltr'>eos</span> <span class='ocrx_word' id='word_1_78' title='bbox 950 809 1159 843; x_wconf 86' lang='lat' dir='ltr'>venturus</span> <span class='ocrx_word' id='word_1_79' title='bbox 1177 799 1370 844; x_wconf 68' lang='lat' dir='ltr'>excelsus</span> <span class='ocrx_word' id='word_1_80' title='bbox 1393 809 1611 855; x_wconf 77' lang='lat' dir='ltr'>conterat,</span> <span class='ocrx_word' id='word_1_81' title='bbox 1635 802 1728 860; x_wconf 88' lang='lat' dir='ltr'>pri-</span> 
     </span>
     <span class='ocr_line' id='line_1_10' title="bbox 332 869 1728 931; baseline -0.001 -14"><span class='ocrx_word' id='word_1_82' title='bbox 332 888 405 917; x_wconf 90' lang='lat' dir='ltr'>mo</span> <span class='ocrx_word' id='word_1_83' title='bbox 442 888 513 915; x_wconf 87' lang='lat' dir='ltr'>eos</span> <span class='ocrx_word' id='word_1_84' title='bbox 546 869 721 914; x_wconf 82' lang='lat' dir='ltr'>humilis</span> <span class='ocrx_word' id='word_1_85' title='bbox 742 870 974 930; x_wconf 78' lang='lat' dir='ltr'>quassavit.</span> <span class='ocrx_word' id='word_1_86' title='bbox 993 869 1286 914; x_wconf 85' lang='lat' dir='ltr'>Offendcrunt</span> <span class='ocrx_word' id='word_1_87' title='bbox 1306 871 1351 914; x_wconf 86' lang='lat' dir='ltr'>in</span> <span class='ocrx_word' id='word_1_88' title='bbox 1375 887 1497 925; x_wconf 82' lang='lat' dir='ltr'>eum,</span> <span class='ocrx_word' id='word_1_89' title='bbox 1530 881 1573 915; x_wconf 90' lang='lat' dir='ltr'>et</span> <span class='ocrx_word' id='word_1_90' title='bbox 1595 887 1728 931; x_wconf 84' lang='lat' dir='ltr'>quas-</span> 
     </span>
     <span class='ocr_line' id='line_1_11' title="bbox 333 940 1723 1000; baseline -0.001 -13"><span class='ocrx_word' id='word_1_91' title='bbox 333 942 411 987; x_wconf 89' lang='lat' dir='ltr'>sati</span> <span class='ocrx_word' id='word_1_92' title='bbox 445 951 577 999; x_wconf 72' lang='lat' dir='ltr'>sunt3</span> <span class='ocrx_word' id='word_1_93' title='bbox 617 956 707 985; x_wconf 89' lang='lat' dir='ltr'>non</span> <span class='ocrx_word' id='word_1_94' title='bbox 739 941 943 995; x_wconf 81' lang='lat' dir='ltr'>contriti,</span> <span class='ocrx_word' id='word_1_95' title='bbox 980 940 1055 984; x_wconf 90' lang='lat' dir='ltr'>sed</span> <span class='ocrx_word' id='word_1_96' title='bbox 1079 941 1294 1000; x_wconf 73' lang='lat' dir='ltr'>quassati3</span> <span class='ocrx_word' id='word_1_97' title='bbox 1326 942 1470 985; x_wconf 80' lang='lat' dir='ltr'>veniet</span> <span class='ocrx_word' id='word_1_98' title='bbox 1505 941 1723 997; x_wconf 83' lang='lat' dir='ltr'>excelsus,</span> 
     </span>
     <span class='ocr_line' id='line_1_12' title="bbox 333 1010 1727 1072; baseline -0.001 -15"><span class='ocrx_word' id='word_1_99' title='bbox 333 1023 376 1057; x_wconf 85' lang='lat' dir='ltr'>et</span> <span class='ocrx_word' id='word_1_100' title='bbox 414 1022 609 1058; x_wconf 87' lang='lat' dir='ltr'>conteret</span> <span class='ocrx_word' id='word_1_101' title='bbox 642 1027 729 1056; x_wconf 91' lang='lat' dir='ltr'>eos.</span> <span class='ocrx_word' id='word_1_102' title='bbox 768 1010 852 1056; x_wconf 87' lang='lat' dir='ltr'>Sed</span> <span class='ocrx_word' id='word_1_103' title='bbox 875 1011 1190 1070; x_wconf 85' lang='lat' dir='ltr'>ignoscendum</span> <span class='ocrx_word' id='word_1_104' title='bbox 1226 1021 1290 1055; x_wconf 90' lang='lat' dir='ltr'>est</span> <span class='ocrx_word' id='word_1_105' title='bbox 1319 1011 1510 1067; x_wconf 80' lang='lat' dir='ltr'>Judaeis,</span> <span class='ocrx_word' id='word_1_106' title='bbox 1535 1012 1636 1072; x_wconf 83' lang='lat' dir='ltr'>quia</span> <span class='ocrx_word' id='word_1_107' title='bbox 1658 1012 1727 1057; x_wconf 86' lang='lat' dir='ltr'>of·-</span> 
     </span>
     <span class='ocr_line' id='line_1_13' title="bbox 331 1081 1725 1142; baseline 0 -14"><span class='ocrx_word' id='word_1_108' title='bbox 331 1084 570 1129; x_wconf 82' lang='lat' dir='ltr'>fenderunt</span> <span class='ocrx_word' id='word_1_109' title='bbox 613 1083 657 1127; x_wconf 85' lang='lat' dir='ltr'>in</span> <span class='ocrx_word' id='word_1_110' title='bbox 696 1082 886 1142; x_wconf 85' lang='lat' dir='ltr'>lapidem</span> <span class='ocrx_word' id='word_1_111' title='bbox 907 1117 918 1137; x_wconf 79' lang='grc'>,</span> <span class='ocrx_word' id='word_1_112' title='bbox 961 1083 1037 1142; x_wconf 90' lang='lat' dir='ltr'>qui</span> <span class='ocrx_word' id='word_1_113' title='bbox 1081 1081 1279 1127; x_wconf 88' lang='lat' dir='ltr'>nondum</span> <span class='ocrx_word' id='word_1_114' title='bbox 1315 1092 1523 1127; x_wconf 83' lang='lat' dir='ltr'>creverat.</span> <span class='ocrx_word' id='word_1_115' title='bbox 1567 1086 1725 1136; x_wconf 82' lang='lat' dir='ltr'>Quales</span> 
     </span>
     <span class='ocr_line' id='line_1_14' title="bbox 331 1150 1725 1214; baseline 0 -15"><span class='ocrx_word' id='word_1_116' title='bbox 331 1165 436 1200; x_wconf 85' lang='lat' dir='ltr'>sunt</span> <span class='ocrx_word' id='word_1_117' title='bbox 473 1155 536 1198; x_wconf 88' lang='lat' dir='ltr'>illi</span> <span class='ocrx_word' id='word_1_118' title='bbox 581 1154 656 1214; x_wconf 76' lang='lat' dir='ltr'>qui</span> <span class='ocrx_word' id='word_1_119' title='bbox 694 1153 740 1197; x_wconf 87' lang='lat' dir='ltr'>in</span> <span class='ocrx_word' id='word_1_120' title='bbox 784 1154 927 1212; x_wconf 89' lang='lat' dir='ltr'>ipsum</span> <span class='ocrx_word' id='word_1_121' title='bbox 971 1162 1165 1197; x_wconf 84' lang='lat' dir='ltr'>montem</span> <span class='ocrx_word' id='word_1_122' title='bbox 1204 1150 1500 1197; x_wconf 79' lang='lat' dir='ltr'>offenderunt.</span> <span class='ocrx_word' id='word_1_123' title='bbox 1532 1156 1628 1197; x_wconf 86' lang='lat' dir='ltr'>Jam</span> <span class='ocrx_word' id='word_1_124' title='bbox 1671 1154 1725 1199; x_wconf 88' lang='lat' dir='ltr'>de</span> 
     </span>
     <span class='ocr_line' id='line_1_15' title="bbox 330 1225 1724 1288; baseline 0 -17"><span class='ocrx_word' id='word_1_125' title='bbox 330 1228 490 1288; x_wconf 87' lang='lat' dir='ltr'>quibus</span> <span class='ocrx_word' id='word_1_126' title='bbox 537 1226 677 1271; x_wconf 82' lang='lat' dir='ltr'>dicam</span> <span class='ocrx_word' id='word_1_127' title='bbox 723 1225 996 1284; x_wconf 81' lang='lat' dir='ltr'>cognoscitis.</span> <span class='ocrx_word' id='word_1_128' title='bbox 1043 1226 1124 1277; x_wconf 87' lang='lat' dir='ltr'>Qui</span> <span class='ocrx_word' id='word_1_129' title='bbox 1169 1235 1329 1283; x_wconf 81' lang='lat' dir='ltr'>negant</span> <span class='ocrx_word' id='word_1_130' title='bbox 1359 1226 1596 1270; x_wconf 88' lang='lat' dir='ltr'>Ecclesiam</span> <span class='ocrx_word' id='word_1_131' title='bbox 1632 1235 1724 1272; x_wconf 83' lang='lat' dir='ltr'>toto</span> 
     </span>
     <span class='ocr_line' id='line_1_16' title="bbox 330 1295 1723 1356; baseline -0.001 -13"><span class='ocrx_word' id='word_1_132' title='bbox 330 1300 436 1343; x_wconf 86' lang='lat' dir='ltr'>orbe</span> <span class='ocrx_word' id='word_1_133' title='bbox 463 1297 665 1342; x_wconf 82' lang='lat' dir='ltr'>diffusam</span> <span class='ocrx_word' id='word_1_134' title='bbox 685 1332 695 1351; x_wconf 85' lang='lat'>,</span> <span class='ocrx_word' id='word_1_135' title='bbox 724 1312 813 1340; x_wconf 89' lang='lat' dir='ltr'>non</span> <span class='ocrx_word' id='word_1_136' title='bbox 838 1296 884 1338; x_wconf 89' lang='lat' dir='ltr'>in</span> <span class='ocrx_word' id='word_1_137' title='bbox 915 1295 1125 1339; x_wconf 87' lang='lat' dir='ltr'>humilem</span> <span class='ocrx_word' id='word_1_138' title='bbox 1155 1296 1372 1355; x_wconf 79' lang='lat' dir='ltr'>lapidem,</span> <span class='ocrx_word' id='word_1_139' title='bbox 1401 1296 1476 1340; x_wconf 90' lang='lat' dir='ltr'>sed</span> <span class='ocrx_word' id='word_1_140' title='bbox 1507 1297 1552 1340; x_wconf 86' lang='lat' dir='ltr'>in</span> <span class='ocrx_word' id='word_1_141' title='bbox 1580 1297 1723 1356; x_wconf 89' lang='lat' dir='ltr'>ipsum</span> 
     </span>
     <span class='ocr_line' id='line_1_17' title="bbox 330 1364 1721 1425; baseline -0.001 -11"><span class='ocrx_word' id='word_1_142' title='bbox 330 1378 523 1414; x_wconf 86' lang='lat' dir='ltr'>montem</span> <span class='ocrx_word' id='word_1_143' title='bbox 547 1367 782 1412; x_wconf 80' lang='lat' dir='ltr'>offendunt</span> <span class='ocrx_word' id='word_1_144' title='bbox 808 1385 816 1410; x_wconf 78' lang='lat' dir='ltr'>z</span> <span class='ocrx_word' id='word_1_145' title='bbox 842 1366 962 1425; x_wconf 86' lang='lat' dir='ltr'>quod</span> <span class='ocrx_word' id='word_1_146' title='bbox 992 1364 1132 1410; x_wconf 85' lang='lat' dir='ltr'>factus</span> <span class='ocrx_word' id='word_1_147' title='bbox 1154 1375 1218 1409; x_wconf 89' lang='lat' dir='ltr'>est</span> <span class='ocrx_word' id='word_1_148' title='bbox 1239 1365 1312 1409; x_wconf 87' lang='lat' dir='ltr'>ille</span> <span class='ocrx_word' id='word_1_149' title='bbox 1335 1366 1442 1425; x_wconf 87' lang='lat' dir='ltr'>lapis</span> <span class='ocrx_word' id='word_1_150' title='bbox 1476 1366 1583 1410; x_wconf 92' lang='lat' dir='ltr'>dum</span> <span class='ocrx_word' id='word_1_151' title='bbox 1604 1383 1721 1413; x_wconf 88' lang='lat' dir='ltr'>cres-</span> 
     </span>
     <span class='ocr_line' id='line_1_18' title="bbox 329 1436 1722 1498; baseline -0.001 -13"><span class='ocrx_word' id='word_1_152' title='bbox 329 1450 460 1485; x_wconf 89' lang='lat' dir='ltr'>ceret.</span> <span class='ocrx_word' id='word_1_153' title='bbox 481 1439 593 1484; x_wconf 73' lang='lat' dir='ltr'>Caeci</span> <span class='ocrx_word' id='word_1_154' title='bbox 608 1437 749 1482; x_wconf 81' lang='lat' dir='ltr'>Judaei</span> <span class='ocrx_word' id='word_1_155' title='bbox 767 1452 856 1480; x_wconf 91' lang='lat' dir='ltr'>non</span> <span class='ocrx_word' id='word_1_156' title='bbox 874 1437 1080 1479; x_wconf 84' lang='lat' dir='ltr'>viderunt</span> <span class='ocrx_word' id='word_1_157' title='bbox 1092 1437 1304 1480; x_wconf 83' lang='lat' dir='ltr'>humilem</span> <span class='ocrx_word' id='word_1_158' title='bbox 1320 1436 1511 1497; x_wconf 79' lang='lat' dir='ltr'>lapidem</span> <span class='ocrx_word' id='word_1_159' title='bbox 1528 1457 1537 1483; x_wconf 72' lang='grc' dir='ltr'>ε</span> <span class='ocrx_word' id='word_1_160' title='bbox 1558 1448 1722 1498; x_wconf 84' lang='lat' dir='ltr'>quanta</span> 
     </span>
     <span class='ocr_line' id='line_1_19' title="bbox 330 1507 1100 1556; baseline -0.012 0"><span class='ocrx_word' id='word_1_161' title='bbox 330 1512 497 1556; x_wconf 77' lang='lat' dir='ltr'>caecitas</span> <span class='ocrx_word' id='word_1_162' title='bbox 513 1519 573 1554; x_wconf 81' lang='lat' dir='ltr'>est</span> <span class='ocrx_word' id='word_1_163' title='bbox 596 1524 683 1553; x_wconf 88' lang='lat' dir='ltr'>non</span> <span class='ocrx_word' id='word_1_164' title='bbox 707 1507 854 1552; x_wconf 80' lang='lat' dir='ltr'>videre</span> <span class='ocrx_word' id='word_1_165' title='bbox 876 1508 1100 1550; x_wconf 80' lang='lat' dir='ltr'>montem?</span> 
     </span>
    </p>

    <p class='ocr_par' dir='ltr' id='par_1_3' title="bbox 320 1577 1719 2559">
     <span class='ocr_line' id='line_1_20' title="bbox 387 1577 1717 1640; baseline -0.003 -13"><span class='ocrx_word' id='word_1_166' title='bbox 387 1585 441 1627; x_wconf 91' lang='lat' dir='ltr'>V.</span> <span class='ocrx_word' id='word_1_167' title='bbox 470 1585 586 1640; x_wconf 80' lang='lat' dir='ltr'>Ergo</span> <span class='ocrx_word' id='word_1_168' title='bbox 608 1580 811 1623; x_wconf 86' lang='lat' dir='ltr'>viderunt</span> <span class='ocrx_word' id='word_1_169' title='bbox 833 1577 1044 1622; x_wconf 88' lang='lat' dir='ltr'>humilem</span> <span class='ocrx_word' id='word_1_170' title='bbox 1064 1613 1074 1632; x_wconf 85' lang='lat'>,</span> <span class='ocrx_word' id='word_1_171' title='bbox 1100 1586 1142 1621; x_wconf 89' lang='lat' dir='ltr'>et</span> <span class='ocrx_word' id='word_1_172' title='bbox 1170 1594 1259 1622; x_wconf 89' lang='lat' dir='ltr'>non</span> <span class='ocrx_word' id='word_1_173' title='bbox 1283 1588 1598 1636; x_wconf 83' lang='lat' dir='ltr'>cognoverunt.</span> <span class='ocrx_word' id='word_1_174' title='bbox 1633 1583 1717 1623; x_wconf 85' lang='lat' dir='ltr'>De-</span> 
     </span>
     <span class='ocr_line' id='line_1_21' title="bbox 327 1648 1719 1711; baseline -0.002 -12"><span class='ocrx_word' id='word_1_175' title='bbox 327 1655 653 1699; x_wconf 84' lang='lat' dir='ltr'>monstrabatur</span> <span class='ocrx_word' id='word_1_176' title='bbox 690 1651 775 1694; x_wconf 87' lang='lat' dir='ltr'>illis</span> <span class='ocrx_word' id='word_1_177' title='bbox 807 1665 883 1709; x_wconf 87' lang='lat' dir='ltr'>per</span> <span class='ocrx_word' id='word_1_178' title='bbox 907 1648 1147 1693; x_wconf 83' lang='lat' dir='ltr'>lucernam.</span> <span class='ocrx_word' id='word_1_179' title='bbox 1175 1652 1282 1694; x_wconf 87' lang='lat' dir='ltr'>Nam</span> <span class='ocrx_word' id='word_1_180' title='bbox 1318 1651 1457 1709; x_wconf 91' lang='lat' dir='ltr'>primo</span> <span class='ocrx_word' id='word_1_181' title='bbox 1496 1650 1595 1705; x_wconf 81' lang='lat' dir='ltr'>ille,</span> <span class='ocrx_word' id='word_1_182' title='bbox 1631 1667 1719 1711; x_wconf 89' lang='lat' dir='ltr'>quo</span> 
     </span>
     <span class='ocr_line' id='line_1_22' title="bbox 327 1719 1718 1787; baseline -0.003 -17"><span class='ocrx_word' id='word_1_183' title='bbox 327 1728 464 1787; x_wconf 82' lang='lat' dir='ltr'>major</span> <span class='ocrx_word' id='word_1_184' title='bbox 486 1740 615 1768; x_wconf 81' lang='lat' dir='ltr'>nemo</span> <span class='ocrx_word' id='word_1_185' title='bbox 639 1730 881 1766; x_wconf 81' lang='lat' dir='ltr'>surrexerat</span> <span class='ocrx_word' id='word_1_186' title='bbox 902 1720 946 1763; x_wconf 89' lang='lat' dir='ltr'>in</span> <span class='ocrx_word' id='word_1_187' title='bbox 970 1720 1079 1763; x_wconf 86' lang='lat' dir='ltr'>natis</span> <span class='ocrx_word' id='word_1_188' title='bbox 1117 1719 1347 1763; x_wconf 85' lang='lat' dir='ltr'>mulierum</span> <span class='ocrx_word' id='word_1_189' title='bbox 1366 1756 1376 1776; x_wconf 80' lang='lat'>‚</span> <span class='ocrx_word' id='word_1_190' title='bbox 1403 1720 1509 1764; x_wconf 76' lang='lat' dir='ltr'>dixit</span> <span class='ocrx_word' id='word_1_191' title='bbox 1537 1740 1544 1764; x_wconf 91' lang='lat'><strong>:</strong></span> <span class='ocrx_word' id='word_1_192' title='bbox 1576 1740 1595 1762; x_wconf 88' lang='lat'>«</span> <span class='ocrx_word' id='word_1_193' title='bbox 1620 1724 1718 1765; x_wconf 83' lang='lat' dir='ltr'>Non</span> 
     </span>
     <span class='ocr_line' id='line_1_23' title="bbox 329 1790 1717 1854; baseline -0.002 -15"><span class='ocrx_word' id='word_1_194' title='bbox 329 1816 350 1839; x_wconf 87' lang='lat'>&gt;›</span> <span class='ocrx_word' id='word_1_195' title='bbox 387 1813 482 1841; x_wconf 91' lang='lat' dir='ltr'>sum</span> <span class='ocrx_word' id='word_1_196' title='bbox 517 1811 598 1854; x_wconf 80' lang='lat' dir='ltr'>ego</span> <span class='ocrx_word' id='word_1_197' title='bbox 620 1793 832 1839; x_wconf 85' lang='lat' dir='ltr'>Christus.</span> <span class='ocrx_word' id='word_1_198' title='bbox 863 1810 881 1832; x_wconf 69' lang='lat' dir='ltr'>n</span> <span class='ocrx_word' id='word_1_199' title='bbox 922 1791 1183 1850; x_wconf 83' lang='lat' dir='ltr'>Dictumque</span> <span class='ocrx_word' id='word_1_200' title='bbox 1211 1790 1274 1834; x_wconf 90' lang='lat' dir='ltr'>illi</span> <span class='ocrx_word' id='word_1_201' title='bbox 1307 1800 1369 1835; x_wconf 86' lang='lat' dir='ltr'>est</span> <span class='ocrx_word' id='word_1_202' title='bbox 1405 1810 1412 1834; x_wconf 92' lang='lat'>:</span> <span class='ocrx_word' id='word_1_203' title='bbox 1448 1791 1717 1851; x_wconf 81' lang='lat' dir='ltr'>«Numquid</span> 
     </span>
     <span class='ocr_line' id='line_1_24' title="bbox 331 1861 1712 1922; baseline -0.003 -12"><span class='ocrx_word' id='word_1_204' title='bbox 331 1887 350 1910; x_wconf 88' lang='lat'>»</span> <span class='ocrx_word' id='word_1_205' title='bbox 385 1877 435 1912; x_wconf 91' lang='lat' dir='ltr'>tu</span> <span class='ocrx_word' id='word_1_206' title='bbox 466 1883 509 1911; x_wconf 87' lang='lat' dir='ltr'>es</span> <span class='ocrx_word' id='word_1_207' title='bbox 543 1865 688 1910; x_wconf 73' lang='lat' dir='ltr'>Elias?</span> <span class='ocrx_word' id='word_1_208' title='bbox 722 1861 966 1922; x_wconf 87' lang='lat' dir='ltr'>Respondit</span> <span class='ocrx_word' id='word_1_209' title='bbox 992 1882 1000 1906; x_wconf 79' lang='lat' dir='ltr'>z</span> <span class='ocrx_word' id='word_1_210' title='bbox 1026 1864 1123 1907; x_wconf 90' lang='lat' dir='ltr'>Non</span> <span class='ocrx_word' id='word_1_211' title='bbox 1159 1877 1253 1905; x_wconf 90' lang='lat' dir='ltr'>sum</span> <span class='ocrx_word' id='word_1_212' title='bbox 1275 1863 1306 1904; x_wconf 83' lang='lat'>2.</span> <span class='ocrx_word' id='word_1_213' title='bbox 1334 1881 1352 1902; x_wconf 67' lang='grc' dir='ltr'><strong>η</strong></span> <span class='ocrx_word' id='word_1_214' title='bbox 1379 1862 1575 1906; x_wconf 87' lang='lat' dir='ltr'>Christus</span> <span class='ocrx_word' id='word_1_215' title='bbox 1597 1862 1712 1906; x_wconf 87' lang='lat' dir='ltr'>enim</span> 
     </span>
     <span class='ocr_line' id='line_1_25' title="bbox 325 1932 1714 2001; baseline -0.004 -18"><span class='ocrx_word' id='word_1_216' title='bbox 325 1939 552 2001; x_wconf 79' lang='lat' dir='ltr'>praemittit</span> <span class='ocrx_word' id='word_1_217' title='bbox 580 1945 679 1980; x_wconf 86' lang='lat' dir='ltr'>ante</span> <span class='ocrx_word' id='word_1_218' title='bbox 706 1951 750 1979; x_wconf 90' lang='lat' dir='ltr'>se</span> <span class='ocrx_word' id='word_1_219' title='bbox 769 1935 908 1978; x_wconf 87' lang='lat' dir='ltr'>Eliam</span> <span class='ocrx_word' id='word_1_220' title='bbox 932 1968 942 1988; x_wconf 77' lang='lat'>‚</span> <span class='ocrx_word' id='word_1_221' title='bbox 964 1943 1007 1976; x_wconf 89' lang='lat' dir='ltr'>et</span> <span class='ocrx_word' id='word_1_222' title='bbox 1033 1932 1141 1976; x_wconf 81' lang='lat' dir='ltr'>dixit</span> <span class='ocrx_word' id='word_1_223' title='bbox 1166 1952 1174 1977; x_wconf 78' lang='lat' dir='ltr'>z</span> <span class='ocrx_word' id='word_1_224' title='bbox 1200 1935 1335 1977; x_wconf 90' lang='lat' dir='ltr'>«Non</span> <span class='ocrx_word' id='word_1_225' title='bbox 1358 1948 1450 1976; x_wconf 89' lang='lat' dir='ltr'>sum</span> <span class='ocrx_word' id='word_1_226' title='bbox 1466 1968 1476 1988; x_wconf 78' lang='lat'><strong>‚</strong></span> <span class='ocrx_word' id='word_1_227' title='bbox 1502 1952 1520 1973; x_wconf 90' lang='lat'>»</span> <span class='ocrx_word' id='word_1_228' title='bbox 1545 1943 1588 1977; x_wconf 86' lang='lat' dir='ltr'>et</span> <span class='ocrx_word' id='word_1_229' title='bbox 1612 1932 1714 1977; x_wconf 87' lang='lat' dir='ltr'>fecit</span> 
     </span>
     <span class='ocr_line' id='line_1_26' title="bbox 326 2003 1714 2069; baseline -0.005 -14"><span class='ocrx_word' id='word_1_230' title='bbox 326 2011 453 2055; x_wconf 84' lang='lat' dir='ltr'>nobis</span> <span class='ocrx_word' id='word_1_231' title='bbox 475 2007 775 2069; x_wconf 76' lang='lat' dir='ltr'>quaestionem.</span> <span class='ocrx_word' id='word_1_232' title='bbox 805 2003 1065 2048; x_wconf 84' lang='lat' dir='ltr'>Timendum</span> <span class='ocrx_word' id='word_1_233' title='bbox 1096 2013 1160 2048; x_wconf 90' lang='lat' dir='ltr'>est</span> <span class='ocrx_word' id='word_1_234' title='bbox 1181 2004 1294 2047; x_wconf 86' lang='lat' dir='ltr'>enim</span> <span class='ocrx_word' id='word_1_235' title='bbox 1314 2039 1324 2059; x_wconf 82' lang='lat'>‚</span> <span class='ocrx_word' id='word_1_236' title='bbox 1351 2019 1405 2047; x_wconf 91' lang='lat' dir='ltr'>ne</span> <span class='ocrx_word' id='word_1_237' title='bbox 1427 2004 1568 2047; x_wconf 84' lang='lat' dir='ltr'>minus</span> <span class='ocrx_word' id='word_1_238' title='bbox 1584 2004 1714 2048; x_wconf 85' lang='lat' dir='ltr'>intel-</span> 
     </span>
     <span class='ocr_line' id='line_1_27' title="bbox 324 2074 1713 2141; baseline -0.005 -15"><span class='ocrx_word' id='word_1_239' title='bbox 324 2083 506 2141; x_wconf 77' lang='lat' dir='ltr'>ligentes</span> <span class='ocrx_word' id='word_1_240' title='bbox 529 2076 741 2123; x_wconf 82' lang='lat' dir='ltr'>contraria</span> <span class='ocrx_word' id='word_1_241' title='bbox 765 2083 922 2134; x_wconf 84' lang='lat' dir='ltr'>putent</span> <span class='ocrx_word' id='word_1_242' title='bbox 949 2077 1163 2118; x_wconf 87' lang='lat' dir='ltr'>Joanncm</span> <span class='ocrx_word' id='word_1_243' title='bbox 1187 2074 1339 2118; x_wconf 78' lang='lat' dir='ltr'>dixisse</span> <span class='ocrx_word' id='word_1_244' title='bbox 1362 2090 1494 2134; x_wconf 85' lang='lat' dir='ltr'>quam</span> <span class='ocrx_word' id='word_1_245' title='bbox 1517 2075 1713 2119; x_wconf 87' lang='lat' dir='ltr'>Christus</span> 
     </span>
     <span class='ocr_line' id='line_1_28' title="bbox 324 2145 1714 2204; baseline -0.004 -7"><span class='ocrx_word' id='word_1_246' title='bbox 324 2153 444 2197; x_wconf 82' lang='lat' dir='ltr'>dixit.</span> <span class='ocrx_word' id='word_1_247' title='bbox 475 2148 674 2204; x_wconf 86' lang='lat' dir='ltr'>Quodam</span> <span class='ocrx_word' id='word_1_248' title='bbox 700 2147 814 2191; x_wconf 85' lang='lat' dir='ltr'>enim</span> <span class='ocrx_word' id='word_1_249' title='bbox 845 2145 942 2189; x_wconf 91' lang='lat' dir='ltr'>loco</span> <span class='ocrx_word' id='word_1_250' title='bbox 961 2179 971 2199; x_wconf 71' lang='grc'><strong>,</strong></span> <span class='ocrx_word' id='word_1_251' title='bbox 997 2160 1097 2188; x_wconf 87' lang='lat' dir='ltr'>cum</span> <span class='ocrx_word' id='word_1_252' title='bbox 1122 2145 1330 2189; x_wconf 86' lang='lat' dir='ltr'>Dominus</span> <span class='ocrx_word' id='word_1_253' title='bbox 1363 2148 1485 2189; x_wconf 88' lang='lat' dir='ltr'>Jesus</span> <span class='ocrx_word' id='word_1_254' title='bbox 1517 2146 1714 2192; x_wconf 88' lang='lat' dir='ltr'>Christus</span> 
     </span>
     <span class='ocr_line' id='line_1_29' title="bbox 322 2214 1712 2280; baseline -0.005 -13"><span class='ocrx_word' id='word_1_255' title='bbox 322 2224 368 2267; x_wconf 88' lang='lat' dir='ltr'>in</span> <span class='ocrx_word' id='word_1_256' title='bbox 403 2220 642 2280; x_wconf 79' lang='lat' dir='ltr'>Evangelio</span> <span class='ocrx_word' id='word_1_257' title='bbox 669 2216 871 2279; x_wconf 83' lang='lat' dir='ltr'>quaedam</span> <span class='ocrx_word' id='word_1_258' title='bbox 905 2215 1066 2259; x_wconf 87' lang='lat' dir='ltr'>diceret</span> <span class='ocrx_word' id='word_1_259' title='bbox 1101 2214 1155 2258; x_wconf 85' lang='lat' dir='ltr'>de</span> <span class='ocrx_word' id='word_1_260' title='bbox 1193 2231 1236 2258; x_wconf 84' lang='lat' dir='ltr'>se</span> <span class='ocrx_word' id='word_1_261' title='bbox 1262 2250 1269 2268; x_wconf 63' lang='lat'><em>⁵</em></span> <span class='ocrx_word' id='word_1_262' title='bbox 1297 2215 1615 2274; x_wconf 87' lang='lat' dir='ltr'>responderunt</span> <span class='ocrx_word' id='word_1_263' title='bbox 1648 2217 1712 2260; x_wconf 92' lang='lat' dir='ltr'>illi</span> 
     </span>
     <span class='ocr_line' id='line_1_30' title="bbox 322 2285 1710 2353; baseline -0.006 -14"><span class='ocrx_word' id='word_1_264' title='bbox 322 2292 528 2353; x_wconf 85' lang='lat' dir='ltr'>Discipuli</span> <span class='ocrx_word' id='word_1_265' title='bbox 551 2311 558 2336; x_wconf 92' lang='lat'>:</span> <span class='ocrx_word' id='word_1_266' title='bbox 588 2312 606 2333; x_wconf 88' lang='lat'>«</span> <span class='ocrx_word' id='word_1_267' title='bbox 634 2288 862 2343; x_wconf 82' lang='lat' dir='ltr'>Quomodo</span> <span class='ocrx_word' id='word_1_268' title='bbox 884 2302 986 2345; x_wconf 82' lang='lat' dir='ltr'>ergo</span> <span class='ocrx_word' id='word_1_269' title='bbox 1010 2285 1162 2329; x_wconf 87' lang='lat' dir='ltr'>dicunt</span> <span class='ocrx_word' id='word_1_270' title='bbox 1194 2286 1354 2330; x_wconf 79' lang='lat' dir='ltr'>Scribae</span> <span class='ocrx_word' id='word_1_271' title='bbox 1375 2321 1385 2340; x_wconf 81' lang='lat'>,</span> <span class='ocrx_word' id='word_1_272' title='bbox 1411 2286 1455 2329; x_wconf 91' lang='lat' dir='ltr'>id</span> <span class='ocrx_word' id='word_1_273' title='bbox 1479 2296 1557 2341; x_wconf 80' lang='lat' dir='ltr'>cst,</span> <span class='ocrx_word' id='word_1_274' title='bbox 1587 2287 1710 2345; x_wconf 88' lang='lat' dir='ltr'>periti</span> 
     </span>
     <span class='ocr_line' id='line_1_31' title="bbox 325 2355 1711 2422; baseline -0.004 -15"><span class='ocrx_word' id='word_1_275' title='bbox 325 2384 344 2407; x_wconf 84' lang='lat'>»</span> <span class='ocrx_word' id='word_1_276' title='bbox 381 2364 526 2421; x_wconf 81' lang='lat' dir='ltr'>Legis,</span> <span class='ocrx_word' id='word_1_277' title='bbox 565 2361 665 2422; x_wconf 85' lang='lat' dir='ltr'>quia</span> <span class='ocrx_word' id='word_1_278' title='bbox 701 2358 840 2403; x_wconf 83' lang='lat' dir='ltr'>Eliam</span> <span class='ocrx_word' id='word_1_279' title='bbox 875 2365 1046 2416; x_wconf 88' lang='lat' dir='ltr'>oportet</span> <span class='ocrx_word' id='word_1_280' title='bbox 1084 2355 1274 2414; x_wconf 88' lang='lat' dir='ltr'>primum</span> <span class='ocrx_word' id='word_1_281' title='bbox 1309 2356 1484 2399; x_wconf 83' lang='lat' dir='ltr'>venire?</span> <span class='ocrx_word' id='word_1_282' title='bbox 1519 2375 1536 2397; x_wconf 89' lang='lat'>»</span> <span class='ocrx_word' id='word_1_283' title='bbox 1564 2360 1620 2400; x_wconf 84' lang='lat' dir='ltr'>Et</span> <span class='ocrx_word' id='word_1_284' title='bbox 1651 2358 1711 2403; x_wconf 89' lang='lat' dir='ltr'>ait</span> 
     </span>
     <span class='ocr_line' id='line_1_32' title="bbox 320 2425 1704 2489; baseline -0.007 -8"><span class='ocrx_word' id='word_1_285' title='bbox 320 2436 546 2488; x_wconf 83' lang='lat' dir='ltr'>Dominus,</span> <span class='ocrx_word' id='word_1_286' title='bbox 572 2453 591 2474; x_wconf 89' lang='lat'>«</span> <span class='ocrx_word' id='word_1_287' title='bbox 614 2431 726 2476; x_wconf 83' lang='lat' dir='ltr'>Elias</span> <span class='ocrx_word' id='word_1_288' title='bbox 743 2430 832 2489; x_wconf 81' lang='lat' dir='ltr'>jam</span> <span class='ocrx_word' id='word_1_289' title='bbox 849 2428 987 2481; x_wconf 81' lang='lat' dir='ltr'>venit,</span> <span class='ocrx_word' id='word_1_290' title='bbox 1003 2436 1044 2470; x_wconf 82' lang='lat' dir='ltr'>et.</span> <span class='ocrx_word' id='word_1_291' title='bbox 1062 2425 1307 2470; x_wconf 74' lang='lat' dir='ltr'>feceruntci</span> <span class='ocrx_word' id='word_1_292' title='bbox 1322 2443 1419 2485; x_wconf 70' lang='lat' dir='ltr'>qum</span> <span class='ocrx_word' id='word_1_293' title='bbox 1441 2426 1677 2471; x_wconf 84' lang='lat' dir='ltr'>voluerunt</span> <span class='ocrx_word' id='word_1_294' title='bbox 1695 2447 1704 2472; x_wconf 76' lang='grc' dir='ltr'><strong><em>ε</em></strong></span> 
     </span>
     <span class='ocr_line' id='line_1_33' title="bbox 325 2497 1708 2559; baseline -0.004 -11"><span class='ocrx_word' id='word_1_295' title='bbox 325 2528 342 2548; x_wconf 79' lang='lat'>»</span> <span class='ocrx_word' id='word_1_296' title='bbox 379 2507 455 2551; x_wconf 87' lang='lat' dir='ltr'>etsi</span> <span class='ocrx_word' id='word_1_297' title='bbox 483 2504 613 2549; x_wconf 88' lang='lat' dir='ltr'>vultis</span> <span class='ocrx_word' id='word_1_298' title='bbox 648 2503 779 2555; x_wconf 75' lang='lat' dir='ltr'>scire,</span> <span class='ocrx_word' id='word_1_299' title='bbox 816 2500 906 2559; x_wconf 88' lang='lat' dir='ltr'>ipse</span> <span class='ocrx_word' id='word_1_300' title='bbox 940 2507 1002 2542; x_wconf 90' lang='lat' dir='ltr'>est</span> <span class='ocrx_word' id='word_1_301' title='bbox 1023 2497 1464 2557; x_wconf 24' lang='lat' dir='ltr'>JoanliesQBaptistass.</span> <span class='ocrx_word' id='word_1_302' title='bbox 1498 2498 1708 2543; x_wconf 84' lang='lat' dir='ltr'>Dominus</span> 
     </span>
    </p>
   </div>
   <div class='ocr_carea' id='block_1_2' title="bbox 365 2581 1658 2632">
    <p class='ocr_par' dir='ltr' id='par_1_4' title="bbox 365 2581 1658 2632">
     <span class='ocr_line' id='line_1_34' title="bbox 365 2581 1658 2632; baseline -0.002 -17"><span class='ocrx_word' id='word_1_303' title='bbox 365 2599 371 2615; x_wconf 85' lang='grc' dir='ltr'>ι</span> <span class='ocrx_word' id='word_1_304' title='bbox 404 2590 624 2632; x_wconf 61' lang='lat' dir='ltr'>1„uc.x‹‚‘28.</span> <span class='ocrx_word' id='word_1_305' title='bbox 649 2605 688 2611; x_wconf 58' lang='grc' dir='ltr'>-ω</span> <span class='ocrx_word' id='word_1_306' title='bbox 709 2594 720 2609; x_wconf 73' lang='lat'><strong>²</strong></span> <span class='ocrx_word' id='word_1_307' title='bbox 740 2589 829 2618; x_wconf 79' lang='lat' dir='ltr'>Joan.</span> <span class='ocrx_word' id='word_1_308' title='bbox 853 2597 875 2626; x_wconf 86' lang='lat'>1,</span> <span class='ocrx_word' id='word_1_309' title='bbox 895 2581 1173 2616; x_wconf 70' lang='lat' dir='ltr'>21.—-³Matth.</span> <span class='ocrx_word' id='word_1_310' title='bbox 1195 2593 1275 2624; x_wconf 73' lang='lat' dir='ltr'>xvii,</span> <span class='ocrx_word' id='word_1_311' title='bbox 1297 2582 1414 2624; x_wconf 84' lang='lat'>10-13,</span> <span class='ocrx_word' id='word_1_312' title='bbox 1431 2587 1464 2614; x_wconf 83' lang='lat' dir='ltr'>et</span> <span class='ocrx_word' id='word_1_313' title='bbox 1484 2593 1527 2624; x_wconf 67' lang='lat' dir='ltr'>xi,</span> <span class='ocrx_word' id='word_1_314' title='bbox 1548 2583 1658 2624; x_wconf 59' lang='lat' dir='ltr'>thri.</span> 
     </span>
    </p>
   </div>
  </div>
 </body>
</html>
