1819 3301
308 238 390 275 222
731 245 765 273 s.
803 247 1031 274 AUGUSTIM
1065 245 1245 272 Emscom

307 312 533 372 praeceptis
557 312 642 357 tuis
663 331 671 356 ε
703 329 721 353 «
750 313 867 357 Sicut
883 312 927 355 in
949 310 1061 355 coelo
1082 319 1125 353 et
1142 311 1187 353 in
1208 318 1343 363 terra,
1373 325 1393 349 »
1418 307 1462 352 id
1484 316 1562 362 est,
1583 307 1694 352 sicut

305 384 360 427 ab
383 383 557 442 Angelis
576 418 588 438 ‚
613 384 672 427 ita
693 383 747 426 ab
766 381 1030 426 hominibus.
1057 383 1167 426 Nam
1190 380 1282 423 fieri
1304 377 1575 423 voluntatem
1598 377 1691 432 Dei,

305 467 406 498 cum
420 455 747 513 obtemperatur
762 451 988 512 praeceptis
1002 452 1110 511 ejus,
1121 451 1211 510 ipse
1226 450 1436 495 Dominus
1452 448 1572 503 dicit,
1592 462 1694 492 cum

305 523 364 568 ait
389 542 398 568 z
433 544 452 566 ι(
477 526 599 569 Meus
631 523 753 567 cibus
777 531 907 566 estut
929 522 1082 566 faciam
1105 521 1376 566 voluntatem
1412 521 1502 580 ejus
1527 519 1604 580 qui
1625 533 1695 562 me

309 613 329 636 n
365 594 481 638 misit
498 597 508 618 ¹
526 613 534 638 ι
555 610 575 634 »
593 603 636 637 et
651 608 764 652 saepe
780 628 790 648 ,
815 612 835 635 (ι
856 595 953 638 Non
968 593 1066 637 veni
1080 590 1221 637 facere
1238 591 1511 636 voluntatem
1534 604 1692 644 meam,

310 683 330 706 »
365 666 439 708 sed
457 663 728 708 voluntatem
746 665 837 724 ejus
855 664 931 723 qui
950 679 1019 707 me
1042 663 1181 707 misit²
1198 682 1206 708 :
1229 681 1248 704 »
1266 671 1309 706 et
1324 677 1425 706 cum
1438 662 1497 706 ait
1521 680 1566 706 2«
1582 664 1696 705 Ecce

309 752 330 776 »
364 744 502 778 mater
522 749 618 778 mea
634 769 645 789 ,
670 742 714 778 et
734 749 834 778 ecce
857 733 1008 778 fratres
1028 734 1136 789 mei,
1162 743 1206 777 et
1235 734 1504 794 quicumque
1543 729 1696 776 fecerit

309 822 330 846 »
364 804 635 850 voluntatem
664 806 739 849 Dei
760 840 771 861 ‚
809 805 879 849 hic
914 805 1023 848 mihi
1058 813 1123 848 est
1169 802 1302 848 frater
1321 839 1332 858 ,
1377 812 1421 847 et
1456 811 1593 846 mater
1610 837 1620 856 ,
1653 809 1697 845 et

308 893 330 917 »
365 878 529 921 sororss.
559 893 579 917 »
600 876 686 929 Qui
709 890 810 934 ergo
832 875 1000 920 faciunt
1021 875 1293 920 voluntatem
1317 874 1410 928 Dei,
1435 874 1480 917 in
1507 872 1591 916 illis
1608 872 1696 916 uti·

305 963 392 1008 que
415 949 464 992 fit
485 947 686 992 voluntas
704 947 782 992 Dei
809 967 818 992 :
843 963 933 992 non
948 948 1049 1008 quia
1066 947 1146 1007 ipsi
1164 945 1330 991 faciunt
1358 954 1408 989 ut
1427 944 1532 990 velit
1550 947 1665 988 Deus
1683 964 1695 1002 3

306 1018 382 1062 sed
403 1019 505 1079 quia
525 1016 694 1063 faciunt
709 1017 831 1078 quod
851 1018 924 1062 ille
944 1017 1064 1073 vult,
1089 1016 1136 1061 id
1153 1026 1238 1072 est,
1264 1016 1431 1076 fficium
1446 1013 1696 1075 ‘secundum

305 1090 579 1134 voluntatem
602 1090 707 1150 ejus.

364 1162 512 1204 XXII.
549 1164 626 1204 Est
651 1162 782 1204 etiam
803 1159 875 1204 ille
906 1159 1152 1204 intellectus
1180 1178 1189 1204 ;
1219 1179 1238 1201 «
1264 1160 1361 1203 Fiat
1389 1157 1593 1203 voluntas
1622 1166 1699 1201 tua

310 1250 330 1272 »
366 1232 478 1275 sicut
493 1232 538 1275 in
559 1231 671 1276 coelo
694 1240 737 1275 et
759 1232 803 1275 in
826 1240 938 1275 terra
960 1266 971 1284 ,
1000 1249 1020 1271 »
1046 1231 1215 1274 sicutin
1238 1230 1394 1273 sanctis
1416 1228 1614 1288 etjustis,
1640 1228 1699 1271 ita

308 1302 436 1346 etiam
460 1303 505 1346 in
538 1302 849 1362 peccatoribus.
877 1301 1003 1355 Quod
1026 1303 1169 1346 adhuc
1192 1301 1365 1345 duobus
1389 1299 1528 1344 modis
1562 1298 1698 1358 accipi

308 1382 481 1432 potest«,
502 1375 589 1417 sive
607 1383 658 1417 ut
675 1388 846 1417 oremus
869 1373 999 1416 etiam
1024 1388 1102 1432 pro
1125 1371 1309 1415 inimicis
1331 1370 1488 1415 nostris
1517 1390 1524 1415 ς
1551 1371 1568 1427 (
1593 1367 1701 1430 quid

310 1444 426 1488 enim
464 1454 566 1488 sunt
599 1443 716 1487 aliud
761 1442 973 1498 habendi,
1015 1452 1166 1487 contra
1200 1457 1389 1502 quorum
1424 1441 1701 1485 voluntatem

309 1515 595 1559 christianum
619 1524 662 1559 et
689 1515 953 1559 catholicum
988 1529 1147 1557 nomen
1181 1522 1365 1572 augetur
1382 1514 1423 1569 2²)
1446 1521 1494 1556 ut
1527 1512 1586 1555 ita
1609 1510 1703 1556 dic-

309 1595 404 1630 tum
426 1586 479 1630 sit
504 1605 512 1630 :
533 1605 553 1627 «
574 1587 670 1630 Fiat
692 1584 890 1630 voluntas
913 1595 987 1629 tua
1010 1586 1122 1629 sicut
1137 1585 1202 1632 „in
1226 1583 1340 1628 coelo
1369 1593 1412 1627 et
1436 1584 1482 1627 in
1510 1592 1647 1637 terra,
1676 1600 1697 1624 »

309 1666 518 1716 tanquam
530 1657 563 1699 si
578 1655 810 1711 diceretur,
833 1657 1014 1700 Faciant
1031 1655 1299 1699 voluntatem
1313 1664 1432 1698 tuam
1451 1654 1562 1698 sicut
1573 1654 1697 1714 justi,

309 1727 369 1771 ita
397 1728 529 1771 etiam
560 1737 834 1787 peccatores,
867 1737 916 1771 ut
948 1727 1002 1771 ad
1034 1737 1077 1771 te
1116 1735 1442 1771 convertantur.
1475 1726 1572 1771 Sive
1608 1727 1697 1769 ita:

315 1816 336 1839 «
370 1798 468 1842 Fiat
492 1798 694 1842 voluntas
717 1808 791 1842 tua
826 1799 937 1842 sicut
969 1799 1013 1841 in
1037 1797 1150 1842 coelo
1183 1808 1226 1842 et
1257 1798 1302 1841 in
1324 1806 1464 1852 terra,
1494 1815 1514 1838 n
1543 1805 1592 1840 ut
1624 1811 1700 1840 sua

311 1868 471 1928 cuique
493 1868 744 1912 tribuantur
770 1888 778 1912 ε
803 1867 923 1927 quod
956 1869 1031 1911 fiet
1061 1882 1253 1911 extremo
1274 1867 1442 1926 judicio
1459 1902 1470 1921 ‚
1495 1876 1546 1910 ut
1573 1866 1702 1926 justis

311 1938 541 1997 praemium
559 1973 569 1992 ‚
584 1939 885 1997 peecatoribus
908 1938 1129 1982 damnatio
1146 1937 1381 1991 tribuatur,
1406 1952 1507 1981 cum
1530 1936 1628 1995 agni
1646 1936 1701 1980 ab

312 2009 448 2054 haedis
466 2009 784 2067 separabuntur
800 2010 831 2052 4.

371 2081 540 2123 XXIII.
572 2077 649 2122 Ille
676 2079 805 2122 etiam
828 2094 916 2122 non
949 2078 1184 2132 absurdus,
1215 2079 1303 2122 imo
1336 2087 1380 2121 et
1413 2077 1516 2121 fidei
1541 2086 1584 2122 et
1612 2077 1704 2136 spei

313 2160 471 2194 nostrae
490 2149 919 2194 convenientissimus
936 2148 1182 2193 intellectus
1194 2158 1273 2203 est,
1295 2158 1344 2192 ut
1365 2147 1530 2192 coelum
1549 2157 1593 2192 et
1615 2157 1704 2191 ter-

314 2237 406 2266 ram
434 2221 720 2280 accipiamus,
753 2220 952 2279 spiritum
982 2229 1026 2264 et
1047 2235 1236 2264 carnem.
1270 2222 1328 2263 Et
1361 2220 1570 2279 quoniam
1599 2217 1706 2262 dicit

314 2290 570 2351 Apostolus,
595 2310 615 2332 «
639 2293 786 2335 Mente
807 2290 945 2335 servio
966 2289 1052 2349 legi
1075 2289 1162 2345 Dei,
1183 2304 1312 2334 carne
1334 2299 1480 2334 autem
1494 2288 1578 2347 legi
1602 2303 1705 2348 pec-

318 2379 339 2403 »
373 2361 485 2406 cati⁵
507 2382 518 2419 3
547 2361 783 2405 »videmus
806 2359 963 2405 factam
985 2360 1255 2405 voluntatem
1282 2361 1356 2404 Dei
1384 2360 1430 2404 in
1463 2369 1634 2413 mente,
1660 2358 1706 2402 id

316 2441 382 2476 est
397 2467 408 2487 ‚
432 2433 478 2476 in
494 2431 648 2492 spiritu
667 2450 676 2475 ε
697 2446 800 2476 cum
821 2440 967 2476 autem
985 2431 1188 2490 absorpta
1205 2429 1337 2474 fuerit
1359 2445 1474 2474 mors
1494 2430 1541 2474 in
1562 2429 1704 2474 victo-

366 2533 375 2549 ¹
395 2527 489 2559 Joan.
512 2537 556 2567 iv,
576 2526 628 2567 34.
645 2542 687 2550 -·
708 2526 780 2559 ²1d.
802 2537 850 2568 vi,
870 2527 922 2559 38.
944 2541 985 2548 —
1001 2523 1014 2549 3
1033 2525 1151 2558 Mauh.
1167 2536 1224 2566 ιιι,
1245 2523 1302 2569 49,
1321 2524 1374 2558 5ο.
1397 2540 1434 2548 -
1456 2523 1532 2558 41d.
1553 2534 1626 2565 xxv,
1647 2523 1704 2556 33.

319 2596 361 2606 --
376 2577 391 2603 ⁵
404 2583 494 2614 Rom.
515 2591 572 2623 vn,
592 2581 645 2614 25.
