1819 3301
377 298 516 326 SERMO
548 299 705 326 nomm
737 298 782 325 m
813 297 988 334 MONTE,
1023 297 1104 323 Lm,
1141 297 1189 324 11.
1378 287 1460 326 255

84 371 265 423 possunt
286 363 403 407 bono
425 363 569 407 animo
586 362 678 406 fieri
700 362 835 406 :sicut
856 370 956 405 sunt
979 370 1124 419 stupra
1142 395 1152 415 ,
1172 360 1242 404 vel
1262 360 1462 420 blasphe-

85 434 182 477 miae
203 469 213 488 ,
237 433 306 478 vel
326 434 443 477 furta
460 468 470 486 ,
505 432 575 476 vel
597 433 861 476 ebriositates
877 467 888 487 ,
912 432 989 475 etsi
1014 448 1100 491 qua
1122 440 1224 475 sunt
1250 431 1349 475 talia
1372 467 1382 485 ,
1408 432 1463 475 de

84 505 243 564 quibus
281 503 406 547 nobis
437 502 631 562 judicare
674 503 961 561 permittitur,
1004 501 1174 545 dicente
1214 502 1423 560 Apostolo
1451 521 1460 546 :

91 592 110 616 «
144 572 261 626 Quid
281 573 394 616 enim
422 572 528 615 mihi
551 571 606 614 de
639 572 687 615 iis
708 572 784 631 qui
817 571 918 615 foris
940 582 1040 615 sunt
1067 572 1292 631 judicare?
1320 587 1466 616 nonne

88 661 108 684 »
144 643 198 686 de
218 643 267 686 iis
288 643 364 702 qui
382 642 498 685 intus
518 651 619 684 sunt
641 657 714 684 vos
730 641 963 699 judicatis?
990 659 1008 681 η
1034 644 1095 684 De
1133 656 1289 699 genere
1320 651 1466 685 autem

85 713 282 755 ciborum
301 746 311 765 ,
337 712 439 770 quia
455 719 636 770 possunt
663 711 775 754 bono
799 710 944 753 animo
966 719 1008 752 et
1025 709 1206 768 simplici
1224 710 1354 754 corde
1376 712 1466 754 sine

85 783 189 826 vitio
206 781 568 839 concupiscentiae
591 781 857 840 quicumque
876 780 1054 822 humani
1067 781 1150 823 cibi
1168 780 1468 824 indifferenter

86 852 195 895 sumi
213 887 222 905 ,
249 852 450 910 prohibet
471 851 586 893 idem
607 850 1036 909 Apostolusjudicari
1054 864 1125 892 eos
1142 884 1152 903 ,
1172 850 1241 893 cui
1266 852 1468 894 carnibus

86 921 396 974 vescebantur,
422 930 464 964 et
487 922 633 964 vinum
661 921 890 973 bibebant,
912 920 966 963 ab
990 920 1047 963 eis
1069 920 1143 979 qui
1167 936 1210 963 se
1236 921 1290 963 ab
1316 921 1469 980 hujus-

86 992 205 1036 modi
224 991 437 1035 alimentis
454 991 768 1050 temperabant.
788 1010 807 1032 «
825 991 908 1043 Qui
927 990 1162 1034 manducat
1178 991 1358 1050 ,inquit,
1380 1008 1469 1035 non

91 1080 110 1102 »
146 1062 484 1105 manducantem
501 1076 591 1103 non
608 1070 808 1119 spernat,
825 1061 956 1119 etqui
976 1076 1063 1103 non
1082 1062 1329 1115 manducat,
1351 1077 1470 1104 man-

91 1150 111 1174 »
146 1132 379 1175 ducantem
408 1146 496 1174 non
526 1131 707 1189 judicet.
735 1131 801 1174 lbi
838 1130 964 1173 etiarn
989 1131 1072 1174 ait:
1101 1134 1165 1173 Tu
1189 1131 1284 1190 quis
1322 1147 1365 1174 es
1395 1132 1470 1190 qui

90 1220 110 1243 »
139 1201 306 1261 judices
321 1201 511 1244 alienum
531 1202 732 1244 servum?
751 1199 936 1243 Domino
953 1215 1031 1243 suo
1053 1209 1136 1243 stat
1151 1235 1161 1253 ,
1184 1211 1258 1243 aut
1272 1201 1385 1244 cadit
1398 1203 1427 1243 ¹.
1447 1220 1467 1241 n

87 1274 150 1315 De
171 1271 331 1315 talibus
354 1270 469 1313 enim
502 1270 632 1313 rebus
654 1285 754 1328 quae
790 1278 971 1328 possunt
994 1269 1109 1312 bono
1139 1279 1182 1313 et
1212 1269 1394 1329 simplici
1429 1278 1472 1313 et

87 1357 244 1399 magno
277 1342 422 1384 animo
460 1341 552 1384 fieri
572 1375 583 1393 ,
613 1340 811 1400 quamvis
844 1340 1008 1399 possint
1035 1340 1161 1383 etiam
1204 1357 1291 1384 non
1329 1341 1468 1394 bono,

90 1411 293 1455 volebant
316 1410 378 1453 illi
396 1425 495 1453 cum
525 1411 722 1453 hommes
744 1419 908 1464 essent,
934 1410 977 1452 in
1000 1410 1169 1453 occulta
1193 1410 1333 1454 cordis
1360 1410 1472 1454 ferre

0 1470 3 1474 ’
54 1517 58 1529 ,,
88 1481 346 1525 sententiam
362 1515 372 1532 ,
388 1480 442 1522 de
460 1479 620 1538 quibus
642 1478 757 1522 solus
773 1482 887 1544 Deus
902 1479 1085 1538 judicat.

149 1552 240 1594 Lx.
267 1550 334 1593 Ad
352 1550 435 1593 hoc
454 1549 641 1607 pertinet
662 1549 790 1591 etiam
814 1548 924 1592 illud
946 1548 1066 1608 quod
1088 1548 1171 1592 alio
1203 1547 1300 1592 loco
1329 1548 1435 1593 dicit
1460 1568 1469 1594 ε

94 1639 114 1663 «
147 1619 289 1664 Nolite
306 1628 407 1662 ante
427 1628 595 1677 ternpus
614 1618 854 1678 quidquam
869 1619 1079 1678 judicare,
1100 1619 1385 1678 quoadusque
1402 1634 1470 1663 ve-

93 1709 114 1732 »
149 1690 240 1734 niat
256 1690 477 1743 Dominus,
490 1692 564 1748 qui
579 1699 621 1732 et
635 1689 896 1732 illuminabit
910 1690 1159 1733 abscondita
1178 1690 1471 1743 tenebrarum,

94 1778 114 1801 »
149 1769 193 1803 et
227 1759 522 1802 manifestabit
555 1759 835 1815 cogitationes
865 1760 1004 1802 cordis
1036 1775 1044 1799 τ
1073 1769 1115 1802 et
1136 1769 1241 1803 tunc
1278 1760 1370 1804 laus
1394 1760 1475 1802 erit

96 1848 115 1871 ι)
150 1830 386 1888 unicuique
407 1844 429 1871 a
454 1832 586 1872 Deo‘2.
616 1847 636 1868 »
667 1831 777 1872 Sunt
797 1843 900 1886 ergo
923 1829 1123 1888 quaedam
1160 1829 1271 1872 sacta
1304 1829 1442 1872 media
1461 1864 1471 1882 ,

92 1916 190 1959 quae
210 1900 459 1958 ignoramus
487 1913 575 1957 quo
599 1898 743 1941 animo
762 1898 894 1951 fiant,
920 1898 1022 1956 quia
1051 1907 1094 1940 et
1128 1897 1244 1941 bono
1279 1907 1322 1941 et
1360 1898 1476 1941 malo

93 1971 185 2013 fieri
199 1978 391 2028 possunt,
408 1968 631 2026 dequibus
643 1968 919 2011 temerarium
931 1977 994 2011 est
1007 1967 1217 2026 judicare,
1234 1969 1414 2012 maxime
1428 1978 1477 2012 ut

95 2039 450 2084 condemnemus.
467 2041 632 2081 Horum
646 2047 791 2081 autem
804 2038 950 2081 veniet
964 2046 1049 2080 tem
1058 2053 1136 2096 pus
1150 2037 1472 2097 utjudicentur,

100 2129 120 2151 «
144 2112 256 2154 Cum
286 2109 495 2153 Dominus
520 2108 786 2151 illuminabit
819 2109 1071 2151 abscondita
1104 2108 1380 2153 tenebrarum
1398 2144 1408 2162 ,
1433 2119 1477 2153 et

99 2197 119 2220 »
156 2178 447 2223 manifestabit
460 2178 740 2235 cogitationes
763 2177 947 2221 cordisss.
968 2196 987 2218 >›
1015 2179 1124 2220 Item
1145 2177 1229 2221 alio
1250 2177 1347 2221 loco
1370 2178 1474 2222 dicit

99 2267 120 2290 »
154 2249 270 2292 idem
319 2248 551 2306 Apostolus
584 2266 593 2290 ε
622 2267 642 2289 «
685 2246 987 2300 Quorumdam
1028 2247 1253 2290 hominum
1300 2257 1476 2305 peccata

99 2336 119 2359 n
155 2316 381 2361 manifesta
394 2325 495 2360 sunt
507 2316 795 2375 praecedentia
809 2316 1101 2375 adjudicium,
1116 2317 1317 2376 quaedam
1330 2326 1478 2361 autem

100 2406 121 2430 »
156 2398 199 2432 et
220 2389 547 2448 subsequuntur
561 2389 591 2430 4.
622 2405 640 2428 »
660 2387 888 2431 Manifesta
910 2402 958 2430 ea
980 2386 1099 2440 dicit,
1125 2387 1180 2431 de
1205 2388 1365 2446 quibus
1387 2388 1478 2432 cla-

99 2474 196 2503 rum
218 2468 282 2503 est
299 2474 388 2519 quo
403 2458 546 2502 animo
560 2458 668 2502 fiant
692 2477 701 2502 ε
720 2459 811 2502 haec
833 2457 1087 2517 praecedunt
1109 2458 1163 2501 ad
1177 2457 1406 2517 judicium,
1431 2458 1479 2503 id

99 2538 162 2573 est
181 2564 192 2584 ,
215 2529 320 2589 quia
339 2528 375 2572 si
396 2526 527 2571 fuerit
547 2527 627 2571 ista
647 2528 929 2572 subsecutum
945 2526 1159 2585 judicium
1179 2561 1192 2582 ,
1216 2543 1307 2572 non
1327 2537 1392 2573 est
1414 2537 1478 2573 te-

149 2620 157 2636 ¹
185 2624 197 2645 1
220 2614 293 2646 Cor.
311 2624 346 2654 v,
369 2621 466 2645 12—
481 2618 494 2634 ²
514 2613 606 2644 Rom·
621 2623 690 2653 xxv,
711 2612 743 2652 3,
759 2610 791 2652 4.
808 2628 848 2634 -
871 2609 884 2633 3
907 2622 919 2642 1
940 2613 1013 2643 Cor.
1036 2621 1079 2652 iv,
1104 2610 1213 2643 5.—4
1235 2622 1247 2643 1
1269 2612 1350 2645 Tim.
1368 2623 1403 2654 v,
1423 2612 1476 2654 24.
