1819 3301
367 272 414 299 ΙΝ
444 268 619 301 σοΑΝΝῙε
650 270 934 302 EvANeEuuivt
948 291 964 313 ,
997 271 1144 301 TnAcT.
1179 275 1228 301 11.
1409 265 1493 306 407

116 333 273 394 quaerit
298 335 595 378 testimonium
627 339 740 380 Deus
758 371 768 391 ‚
799 345 842 380 et
874 340 986 380 Deus
1017 345 1170 380 testem
1198 336 1331 381 habet
1352 339 1493 384 homi-

115 418 214 447 nem
230 423 239 448 :
259 404 391 447 habet
407 407 519 447 Deus
533 414 686 449 testem
702 407 938 460 hominem,
959 406 1034 450 sed
1055 412 1230 464 propter
1246 407 1490 454 hominem:

116 481 204 516 tam
236 473 396 515 infirmi
420 488 580 517 sumus.
607 477 688 517 Per
716 475 938 519 lucernam
960 477 1195 534 quaerimus
1215 475 1330 519 diem
1355 495 1363 520 z
1393 478 1495 536 quia

115 542 293 586 lucerna
320 541 462 586 dictus
485 553 547 587 est
568 545 658 602 ipse
681 547 869 588 Joannes
884 579 895 599 ,
922 546 1107 588 Domino
1132 546 1302 589 dicente
1323 565 1333 590 :
1362 565 1382 587 α
1416 546 1495 590 Ille

118 630 139 653 »
177 621 268 655 erat
288 611 465 656 lucerna
487 613 642 658 ardens
664 624 706 658 et
727 614 877 658 lucens
893 649 904 668 ‚
930 624 973 658 et
994 630 1069 658 vos
1090 615 1284 659 voluistis
1305 615 1496 660 exultare

120 697 140 722 »
175 680 230 724 ad
246 682 398 725 horam
414 682 459 724 in
475 683 641 727 lumine
655 684 745 742 ejus
759 704 769 741 3
785 699 865 742 ego
887 693 1031 727 autem
1048 684 1187 728 habeo
1203 685 1493 729 testimonium

120 768 140 791 »
175 752 313 809 majus
335 753 503 794 Joanne
519 754 549 795 ¹.
574 770 598 793 .»

99 819 103 823 ’
177 822 255 863 ΙΧ.
281 822 395 877 Ergo
424 821 612 865 ostendit
639 822 740 881 quia
757 831 934 881 propter
952 822 1149 866 homines
1169 822 1308 867 voluit
1329 838 1405 882 per
1424 823 1496 867 lu-

117 903 292 933 cernam
315 891 600 934 demonstrari
627 890 681 934 ad
706 891 839 935 fidem
868 890 1158 945 credentium⁷
1187 901 1236 935 ut
1257 907 1333 950 per
1361 893 1497 951 ipsam

113 957 335 1001 lucernam
358 959 520 1003 inimici
553 960 645 1018 ejus
666 959 1055 1004 confunderentur.
1094 960 1163 1003 Illi
1188 962 1303 1004 enim
1334 962 1497 1005 inimici

114 1029 190 1087 qui
211 1027 335 1074 illum
357 1029 586 1072 tentabant
603 1063 613 1083 ‚
639 1038 682 1072 et
697 1028 901 1073 dicebant
923 1049 931 1074 :
951 1049 972 1072 «
996 1031 1073 1074 Dic
1090 1031 1229 1081 nobis,
1249 1031 1294 1073 in
1315 1046 1402 1090 qua
1423 1047 1499 1089 po-

118 1113 139 1137 >›
173 1106 326 1140 testate
348 1098 425 1141 ista
442 1097 579 1141 facis?
602 1099 886 1156 Interrogabo
907 1113 982 1143 vos
1004 1108 1047 1142 et
1063 1113 1159 1156 ego,
1179 1099 1337 1158 inquit,
1357 1115 1495 1143 unum

117 1185 138 1208 »
173 1182 415 1211 sermonem
444 1187 452 1212 :
480 1169 617 1212 Dicite
639 1169 771 1212 mihi:
795 1169 1038 1226 Baptismus
1061 1169 1239 1211 Joannis
1260 1160 1378 1211 unde
1400 1159 1497 1212 est?

119 1254 140 1278 »
175 1236 230 1279 de
252 1236 364 1280 coelo
380 1271 391 1288 ‚
417 1252 472 1280 an
498 1237 553 1280 ab
582 1237 868 1280 hominibus?
890 1239 945 1280 Et
968 1237 1129 1280 turbati
1150 1245 1273 1291 sunt,
1300 1246 1343 1280 et
1372 1236 1495 1281 dixe-

117 1324 138 1347 »
173 1315 277 1349 runt
298 1305 415 1364 apud
438 1308 688 1365 semetipsos
709 1325 718 1351 ε
742 1307 784 1351 Si
799 1306 1029 1350 dixerimus
1048 1326 1056 1350 :
1078 1309 1139 1349 De
1155 1306 1283 1361 coelo,
1302 1306 1496 1350 dicturus

117 1393 138 1416 »
173 1384 236 1418 est
257 1376 382 1419 nobis
406 1395 413 1419 :
439 1379 581 1428 Quare
610 1392 712 1435 ergo
744 1392 834 1420 non
871 1375 1111 1420 credidistis
1139 1375 1232 1418 illi?
1258 1377 1392 1435 (quia
1421 1376 1495 1420 ille

118 1463 138 1485 »
173 1446 346 1489 Christo
368 1446 647 1504 perhibuerat
667 1446 986 1499 testimonium,
1012 1454 1056 1488 et
1072 1445 1236 1488 dixerat
1257 1465 1265 1490 :
1283 1448 1379 1490 Non
1401 1461 1497 1489 sum

116 1532 138 1555 »
168 1528 248 1571 ego
270 1515 482 1568 Christus,
500 1514 574 1558 sed
589 1515 676 1557 ille.
693 1516 709 1572 )
725 1515 764 1559 Si
784 1522 928 1558 autem
939 1529 989 1557 ex
1001 1514 1251 1558 hominibus
1265 1513 1496 1559 dixerimus

118 1601 138 1625 »
173 1599 285 1638 esse⁷
311 1584 514 1628 timemus
543 1584 756 1642 populum
776 1599 830 1627 ne
851 1583 1015 1642 lapidet
1036 1599 1113 1627 nos
1135 1602 1144 1627 ε
1165 1584 1266 1642 quia
1286 1593 1493 1643 tanquam

116 1671 137 1695 »
174 1655 437 1712 Prophetam
458 1654 678 1698 habebant
696 1656 719 1696 J
724 1668 910 1697 oannem
925 1656 963 1696 ²:
992 1671 1011 1693 »
1031 1653 1244 1696 Timentes
1261 1653 1493 1712 lapidatio-

114 1737 230 1776 nem,
248 1723 320 1766 sed
346 1722 442 1781 plus
466 1723 665 1766 timentes
686 1723 878 1767 veritatis
899 1720 1240 1777 confessionem,
1260 1723 1493 1781 responde-

114 1802 218 1836 runt
233 1792 506 1836 mendacium
521 1793 690 1837 veritati
707 1813 718 1849 3
735 1795 826 1836 «Et
838 1792 1018 1835 mentita
1036 1801 1098 1835 est
1120 1793 1322 1851 iniquitas
1336 1793 1418 1836 sibi
1430 1795 1461 1837 3.
1471 1814 1491 1836 »

115 1864 325 1907 Dixerunt
345 1863 461 1906 enim
485 1882 493 1906 :
518 1863 789 1908 «Nescimus.
811 1882 828 1902 »
846 1863 903 1906 Et
920 1862 1144 1916 Dominus,
1164 1862 1266 1921 quia
1287 1863 1367 1920 ipsi
1384 1879 1493 1908 con-

114 1941 181 1976 tra
207 1948 251 1975 se
279 1932 545 1986 clauserant,
585 1931 784 1989 negando
811 1946 856 1974 se
878 1931 985 1974 scire
1007 1930 1128 1989 quod
1155 1941 1390 1986 noverant,
1416 1947 1495 1977 nec

114 2003 204 2062 ipse
224 2002 308 2046 illis
331 2003 514 2061 aperuit,
529 2003 631 2061 quia
653 2017 741 2045 non
758 2001 1055 2060 pulsaverunt.
1075 2001 1246 2045 Dictum
1268 2011 1331 2045 est
1352 2004 1490 2048 enim:

119 2091 140 2114 «
175 2071 368 2125 Pulsate,
403 2081 446 2115 et
480 2073 696 2129 aperietur
722 2071 845 2115 vobis
863 2072 894 2114 4.
923 2088 944 2112 »
975 2073 1073 2116 Non
1103 2071 1243 2114 solum
1266 2080 1411 2115 autem
1431 2072 1495 2115 illi
1542 2093 1558 2102 ‘

115 2158 205 2186 non
236 2142 545 2200 pulsaverunt,
582 2151 630 2186 ut
662 2142 902 2200 aperiretur
930 2141 1038 2185 :sed
1072 2141 1272 2199 negando
1291 2175 1302 2195 ‚
1336 2142 1494 2186 ostium

115 2213 255 2270 ipsum
279 2220 429 2255 contra
450 2227 494 2255 se
516 2212 836 2256 obstruxerunt.
862 2214 918 2255 Et
940 2212 998 2254 ait
1019 2211 1078 2254 eis
1100 2211 1306 2254 Dominus
1333 2230 1342 2255 2
1366 2230 1385 2252 «
1408 2214 1495 2256 Nec

119 2299 140 2322 »
174 2295 252 2338 ego
272 2281 370 2325 dico
384 2281 505 2325 vobis
527 2300 536 2325 ι
560 2282 605 2324 in
622 2297 709 2340 qua
730 2289 941 2339 potestate
964 2281 1040 2323 ista
1060 2279 1186 2323 facio.
1211 2297 1231 2320 »
1253 2283 1309 2323 Et
1325 2281 1495 2324 confusi

115 2360 214 2394 sunt
231 2366 306 2409 per
328 2354 540 2395 Joannem
562 2371 572 2407 3
593 2350 911 2410 impletumque
932 2350 978 2392 in
998 2350 1080 2392 illis
1101 2359 1190 2404 est,
1214 2369 1232 2391 «
1259 2351 1408 2394 Paravi
1425 2351 1495 2394 lu-

120 2438 140 2462 »
175 2421 527 2464 cernamChristo
542 2435 654 2475 meo,
666 2421 860 2464 inimicos
875 2420 964 2478 ejus
981 2419 1159 2463 induam
1173 2419 1491 2464 corifusi011e⁵.»

164 2522 174 2538 ¹
194 2517 282 2547 Joan.
304 2526 338 2555 v,
358 2515 412 2556 35,
431 2515 536 2546 36.—
552 2522 565 2537 ²
579 2516 698 2547 Matth.
719 2527 781 2555 xxi,
795 2515 897 2556 23-27
913 2524 922 2553 3
938 2516 1042 2547 Marc.
1064 2515 1245 2556 x1‚28-33;
1259 2518 1334 2548 Luc.
1349 2526 1404 2558 xx,
1417 2518 1492 2550 2-8.

121 2574 153 2602 et
169 2574 259 2603 Joan.
279 2570 491 2612 1‚2o—27.—-³
505 2572 686 2610 Psal.xxv1‚
700 2581 797 2605 12.--
808 2570 824 2601 4
835 2572 954 2603 Matth.
974 2582 1018 2603 vn
1030 2596 1039 2612 ‚
1050 2570 1152 2612 7.-⁵
1164 2572 1243 2604 Psal.
1254 2582 1358 2612 cxxxi,
1374 2583 1426 2615 17,
1438 2575 1489 2606 18.
