1819 3301
365 261 419 301 94
805 274 837 298 s.
874 268 1105 299 AUGUSTINI
1138 268 1319 298 EPIScom

365 357 386 381 »
422 338 602 382 tentiam
623 346 666 381 et
688 335 981 381 remissionem
1018 345 1296 395 peccatorum
1318 335 1364 380 in
1400 349 1550 379 omnes
1572 343 1720 394 gentes
1738 369 1750 391 ,
1803 328 1809 336 ⁸

364 427 384 452 »
418 408 726 468 incipientibus
749 408 804 451 ab
827 406 1068 451 Jerusalem
1097 426 1105 452 :
1129 422 1205 452 vos
1223 416 1370 451 autem
1400 406 1499 450 estis
1524 414 1653 450 testes
1671 406 1754 451 ho-

365 498 385 522 »
420 495 533 524 rum.
560 483 616 524 Et
637 495 718 538 ego
746 479 872 522 mitto
901 477 1162 537 promissum
1185 477 1322 522 Patris
1353 476 1439 521 mei
1468 476 1513 520 in
1545 491 1652 522 vos:
1678 492 1754 522 vos

366 570 385 593 »
421 560 567 596 autem
587 549 732 594 sedete
757 550 802 593 in
823 548 996 593 civitate
1019 548 1307 609 quoadusque
1338 547 1586 592 induamini
1611 548 1754 593 virtu-

367 640 386 663 »
422 631 508 667 tem
527 637 578 665 ex
601 620 688 664 alto
704 622 734 663 ¹.
757 638 775 661 »
803 622 915 664 Eece
932 618 1155 679 quomodo
1177 619 1535 664 commemoravit
1551 627 1595 662 et
1614 621 1754 663 Lucas

362 693 690 753 promissionem
715 692 897 751 Spiritus
918 691 1068 746 sancti,
1095 706 1228 751 quam
1247 706 1336 735 non
1355 691 1602 735 invenimus
1619 706 1643 735 a
1656 694 1755 736 'Do-

363 765 482 809 mino
500 761 681 818 factam,
707 763 787 807 nisi
810 763 855 806 in
873 761 1110 821 Evangelio
1133 765 1157 806 J
1162 762 1353 806 oannis2.
1380 762 1510 815 Quod
1528 777 1618 806 non
1639 777 1754 821 prae-

364 844 585 879 tereunter
602 832 919 878 advertendum
941 842 1026 887 est,
1052 841 1101 876 ut
1118 833 1443 876 meminerimus
1464 832 1754 892 quemadmo-

364 904 469 949 dum
493 903 575 948 sibi
606 903 894 962 Evangelistae
922 903 1109 946 invicem
1131 910 1393 946 attestantur
1415 901 1470 946 de
1492 902 1755 962 quibusdam

364 975 493 1019 ctiam
512 990 611 1033 quae
630 973 710 1033 ipsi
732 988 821 1017 non
836 973 1005 1027 dicunt,
1022 981 1065 1015 et
1088 981 1233 1016 tamen
1256 972 1371 1016 dicta
1393 981 1626 1017 noverunt.
1654 975 1756 1017 Post

364 1046 458 1089 haec
479 1047 617 1089 Lucas
645 1059 744 1103 quae
767 1052 882 1101 gesta
914 1052 1017 1087 sunt
1041 1042 1187 1086 omnia
1212 1042 1506 1102 praetermittit
1524 1077 1536 1098 ,
1561 1057 1643 1093 nec
1659 1057 1755 1088 om-

364 1117 470 1160 nino
487 1124 820 1169 commemorat,
847 1114 927 1157 nisi
949 1112 1127 1173 quando
1145 1115 1169 1156 J
1173 1128 1268 1157 esus
1286 1112 1480 1157 ascendit
1493 1113 1539 1156 in
1560 1112 1723 1157 coelum
1742 1135 1753 1172 3

365 1195 494 1246 atque
514 1185 557 1229 id
580 1194 726 1228 tamen
743 1185 803 1228 ita
820 1183 1049 1243 conjungit
1061 1184 1183 1243 quasi
1198 1184 1280 1228 hoc
1297 1195 1504 1243 sequatur
1519 1184 1612 1228 haec
1625 1183 1756 1228 verba

368 1273 467 1316 quae
484 1255 592 1300 dixit
610 1276 620 1312 3
640 1270 741 1299 cum
760 1255 844 1299 hoc
867 1264 1035 1313 gestum
1058 1254 1112 1298 sit
1134 1270 1221 1298 ‘una
1243 1254 1528 1299 sabbatorum
1543 1289 1554 1310 ,
1579 1270 1669 1315 quo
1686 1254 1756 1299 die

367 1327 579 1371 Dominus
598 1326 857 1384 resurrexit3
882 1324 993 1369 illud
1015 1334 1159 1368 autem
1183 1324 1511 1385 quadragesimo
1529 1323 1621 1381 die,
1647 1323 1758 1369 sicut

366 1397 482 1442 idem
504 1397 593 1458 ipse
616 1400 754 1441 Lucas
781 1396 827 1440 in
864 1395 1172 1455 Apostolorum
1198 1396 1380 1440 Actibus
1401 1397 1588 1440 narrat³.
1627 1395 1757 1449 Quod

367 1477 512 1512 autem
533 1467 639 1512 dicit
662 1470 871 1522 Joannes,
892 1482 981 1511 non
1003 1481 1103 1511 cum
1126 1465 1208 1510 illis
1231 1465 1364 1511 fuisse
1381 1476 1488 1511 tunc
1510 1466 1757 1526 apostolum

369 1541 604 1595 Thomam,
630 1554 732 1583 cum
763 1537 1004 1583 secundum
1027 1541 1191 1582 Lucam
1226 1539 1315 1582 duo
1336 1538 1399 1582 illi
1419 1573 1430 1593 ,
1455 1554 1645 1598 quorum
1667 1547 1758 1582 erat

369 1627 481 1655 unus
499 1611 715 1669 Cleophas
731 1645 741 1665 ,
777 1609 955 1668 regressi
978 1609 1216 1653 Jerusalem
1255 1609 1500 1654 invenerint
1520 1624 1758 1668 congrega-

368 1692 433 1726 tos
456 1681 660 1725 undecim
674 1716 683 1734 ‚
703 1689 746 1723 et
768 1695 839 1723 eos
860 1680 936 1739 qui
959 1695 1060 1723 cum
1081 1679 1182 1738 ipsis
1200 1689 1350 1737 erant3
1372 1680 1526 1739 procul
1542 1680 1678 1724 dubio
1694 1680 1759 1724 in-

369 1751 655 1811 telligendum
690 1761 753 1795 est
778 1750 898 1811 quod
929 1750 1032 1794 inde
1059 1751 1246 1795 Thomas
1268 1752 1415 1796 exierit
1443 1760 1678 1812 antequam
1699 1751 1758 1795 eis

370 1823 583 1870 Dominus
602 1823 696 1866 haec
712 1820 993 1881 loquentibus
1021 1830 1260 1880 appareret.

428 1895 604 1937 LXXV.
646 1892 757 1936 Hinc
773 1891 862 1951 jam
895 1893 1084 1934 Joannes
1108 1891 1235 1934 aliam
1259 1899 1571 1935 commemorat
1593 1891 1658 1934 sui
1677 1890 1756 1935 de-

370 1963 727 2008 monstrationem
746 1977 768 2005 a
785 1961 969 2005 Domino
992 1960 1218 2020 Discipulis
1233 1959 1391 2005 factam
1409 1969 1507 2020 post
1526 1960 1617 2005 dies
1639 1970 1754 2016 octo,

372 2036 449 2079 ubi
465 2044 555 2079 crat
571 2043 613 2078 et
625 2034 810 2077 Thomas
825 2033 899 2092 qui
916 2033 1032 2091 prius
1048 2048 1144 2075 eum
1162 2048 1252 2077 non
1266 2032 1447 2076 viderat.
1459 2034 1546 2076 «Et
1557 2041 1656 2092 post
1667 2031 1756 2076 dies

376 2125 395 2147 »
432 2115 547 2159 octo,
574 2104 732 2164 inquit,
757 2103 914 2146 iterum
935 2111 1058 2145 erant
1080 2102 1287 2162 Discipuli
1309 2103 1400 2162 ejus
1422 2103 1555 2157 intus,
1571 2111 1613 2146 et
1638 2103 1756 2148 Tho-

375 2196 394 2219 »
431 2192 520 2220 mas
539 2191 637 2220 cum
659 2174 717 2218 eis
736 2195 744 2218 :
765 2173 884 2217 venit
898 2175 1021 2217 Jesus
1031 2174 1175 2233 januis
1198 2173 1368 2229 clausis,
1397 2183 1438 2217 et
1461 2174 1579 2217 stetit
1601 2174 1646 2217 in
1667 2189 1758 2217 me-

375 2265 395 2288 »
431 2246 529 2301 dio,
557 2256 600 2289 et
621 2244 730 2288 dixit
757 2263 765 2288 2
790 2247 879 2287 Pax
909 2243 1047 2287 vobis.
1072 2243 1238 2288 Deinde
1275 2243 1381 2288 dicit
1404 2244 1582 2288 Thomae
1604 2263 1612 2288 ε
1639 2243 1758 2288 Infer

376 2336 395 2358 »
431 2317 624 2376 digitum
647 2325 771 2359 tuum
797 2315 906 2368 huc,
936 2324 978 2358 et
999 2314 1099 2358 vide
1131 2331 1284 2359 manus
1308 2331 1450 2370 meas,
1475 2325 1518 2359 et
1537 2315 1644 2359 affer
1665 2330 1758 2359 ma-

377 2406 397 2429 »
433 2403 539 2431 num
566 2397 683 2430 tuam
705 2421 715 2439 ‚
743 2394 786 2428 et
810 2385 933 2428 mitte
958 2386 1002 2428 in
1023 2385 1136 2429 latus
1159 2402 1306 2430 meum
1329 2395 1372 2430 et
1393 2385 1483 2430 noli
1504 2401 1593 2430 esse
1614 2386 1757 2431 incre-

378 2477 398 2500 »
435 2459 564 2503 dulus
580 2493 591 2514 ‚
610 2456 688 2502 sed
707 2455 858 2500 fidelis.
885 2457 1127 2515 Respondit
1151 2458 1360 2513 Thomas,
1382 2467 1425 2501 et
1451 2456 1558 2502 dixit
1579 2458 1616 2502 ei
1640 2476 1649 2502 z
1670 2461 1758 2503 Do-

424 2561 432 2576 ¹
454 2556 531 2586 Luc.
559 2565 648 2595 xxiv,
669 2552 784 2596 44-49.
822 2569 862 2574 -
883 2558 895 2574 2
926 2554 1016 2584 Joan.
1037 2562 1102 2594 xiv,
1120 2553 1174 2592 26,
1207 2558 1240 2586 et
1269 2564 1323 2595 xv,
1351 2553 1403 2586 26.
1436 2569 1475 2575 —
1497 2551 1509 2576 ³
1528 2555 1601 2586 Act.
1628 2563 1652 2595 1,
1669 2564 1704 2597 9,
1725 2557 1758 2585 et

375 2610 466 2642 Joan.
488 2620 541 2650 xx,
560 2609 613 2651 24.
