1819 3301
353 271 436 310 240
796 287 827 312 s.
865 283 1094 312 AL?GUS'1·1N1
1128 284 1307 312 Erlscom

350 365 462 404 mus,
483 349 557 394 sed
579 349 680 410 quia
705 351 985 395 commodum
1009 351 1063 393 ab
1083 351 1141 394 eis
1164 348 1341 410 aliquod
1360 359 1536 410 propter
1557 353 1737 396 necessi-

350 428 482 464 tatem
504 420 724 479 praesentis
755 421 855 464 viiae
886 420 1063 479 adipisci
1091 420 1308 466 volumus.
1344 421 1562 466 Debemus
1590 431 1736 467 autem

347 490 603 536 benefacere
627 490 709 534 illis
731 500 909 550 propter
946 490 1128 536 salutem
1158 492 1351 551 ipsorum
1381 501 1614 549 aeternam,
1648 509 1737 538 non

346 571 523 621 propter
556 561 795 620 temporale
833 562 1114 607 commodum
1151 574 1364 608 nostrum.
1412 563 1599 608 Inelinet
1635 579 1736 622 ergo

346 635 459 676 Deus
489 648 561 676 eor
592 642 786 676 nostrum
823 633 866 676 in
895 633 1139 678 testimonia
1168 650 1269 689 sua,
1295 643 1338 678 et
1371 648 1461 678 non
1495 634 1539 678 in
1568 634 1735 679 emolu-

346 712 541 747 mentum
557 705 586 746 ¹.
608 703 727 747 Finis
745 704 861 748 euim
879 706 1084 764 prceeepti
1100 714 1163 749 est
1178 705 1366 749 charitas
1384 706 1438 750 de
1456 705 1586 750 corde
1603 701 1731 766 puro,
1767 753 1772 759 ,

345 782 388 817 et
409 774 671 818 conscientia
693 775 831 830 bona,
855 784 898 819 et
919 776 1004 819 fide
1017 791 1105 820 non
1128 776 1228 820 ficta
1242 778 1273 820 ².
1291 776 1375 830 Qui
1393 786 1537 821 autem
1557 786 1734 837 propter

343 861 464 889 suam
488 846 529 889 in
555 846 634 890 hac
656 846 744 890 vita
767 847 1067 891 necessitatem
1091 845 1215 891 fratri
1236 848 1445 903 consulit,
1470 864 1559 893 non
1581 849 1733 909 utique

342 916 550 960 charitate
579 915 769 961 consulit'
802 936 810 961 :
845 918 948 978 quia
971 933 1059 962 non
1091 917 1152 961 itti
1171 954 1180 972 ‚
1207 934 1338 979 quem
1361 918 1493 963 debet
1520 928 1732 981 tanquam

341 1003 386 1033 se
408 988 551 1048 ipsum
574 988 751 1047 diligere
769 1025 779 1045 ‚
806 990 882 1034 sed
904 989 986 1034 sibi
1012 990 1224 1048 consulit3
1251 991 1321 1035 vel
1343 991 1487 1051 potius
1509 1007 1589 1036 nec
1610 991 1692 1036 sibi
1718 1010 1727 1036 ε

341 1059 699 1121 quandoquidem
721 1061 824 1105 hino
846 1061 928 1105 sibi
945 1060 1050 1105 facit
1068 1060 1229 1121 duplex
1252 1078 1326 1107 eor
1346 1097 1356 1118 ‚
1381 1078 1471 1123 quo
1492 1061 1731 1122 impeditur

341 1130 397 1175 ad
419 1130 655 1176 videndum
690 1135 828 1177 Deum
867 1152 875 1178 :
906 1133 952 1177 in
981 1149 1068 1193 qua
1098 1131 1188 1178 sola
1218 1133 1382 1178 visione
1414 1132 1640 1179 beatitudo
1667 1140 1730 1178 est

340 1212 456 1248 certa
478 1213 609 1264 atque
627 1213 852 1264 perpetua.

338 1385 407 1403 Λῆιὶἱ
415 1386 547 1403 wvumoe
550 1385 752 1403 ΜΛΊΩΜΜΛΝΆ
756 1385 823 1403 &xxx
826 1386 894 1402 &am-2
898 1385 1035 1403 ΜΊΛΛΛΊ
1040 1386 1244 1404 ΚἏΊΝΏΚΑΨἮΊ
1250 1386 1316 1403 Nm
1319 1386 1726 1404 mxvvuwwmmwwum

837 1533 1052 1584 CAPUT
1087 1536 1230 1583 XHI.

391 1692 546 1735 XLIV.
579 1693 722 1735 Ram
758 1704 860 1749 ergo
897 1690 1117 1751 sequitur,
1153 1698 1197 1733 et
1229 1689 1451 1749 praecipit,
1476 1689 1553 1750 qui
1587 1704 1721 1733 mun-

332 1761 478 1807 dando
501 1761 622 1807 cordi
640 1770 788 1807 nostro
802 1761 949 1817 instat,
975 1761 1122 1805 dicens
1150 1780 1158 1805 ι
1189 1779 1209 1802 «
1229 1759 1372 1806 Nolite
1389 1760 1512 1806 vobis
1534 1759 1722 1805 condere

334 1852 354 1876 »
392 1835 615 1879 thesauros
631 1835 677 1878 in
698 1843 828 1888 terra,
854 1834 930 1877 ubi
950 1834 1065 1877 tinea
1087 1841 1130 1877 et
1150 1841 1393 1877 comestura
1411 1833 1717 1890 exterminant,

333 1924 354 1948 »
390 1916 433 1951 et
455 1907 532 1950 ubi
555 1906 671 1950 fures
694 1905 911 1950 effodiunt
933 1914 976 1949 et
1001 1905 1206 1949 furantur
1232 1923 1240 1949 :
1266 1905 1552 1949 thesaurizate
1573 1913 1721 1949 autem

333 1996 353 2019 »
389 1978 512 2022 vohis
532 1979 753 2022 thesauros
772 1977 816 2020 in
840 1975 978 2031 coelo,
994 1977 1072 2020 ubi
1085 1991 1227 2036 neque
1247 1976 1378 2030 tinea,
1397 1991 1541 2035 neque
1558 1990 1720 2019 comes-

312 2066 352 2090 ⁴»
388 2057 486 2093 tura
500 2049 820 2102 exterminant,
845 2056 889 2091 et
920 2046 998 2090 ubi
1019 2045 1136 2090 fures
1159 2062 1249 2091 non
1281 2045 1514 2100 effodiunt,
1540 2061 1620 2090 nee
1643 2046 1718 2089 fua

330 2137 351 2161 >›
389 2129 555 2165 rantur.
591 2120 675 2164 Ubi
705 2119 819 2163 enim
853 2127 916 2163 est
944 2119 1172 2162 thesaurus
1204 2128 1329 2172 tuus,
1362 2117 1422 2161 ibi
1455 2117 1536 2161 erit
1572 2126 1615 2161 et
1643 2132 1718 2162 cor

329 2208 349 2231 »
386 2200 511 2235 tuum
535 2193 566 2235 3.
597 2209 617 2231 »
645 2193 760 2248 Ergo
783 2190 816 2234 si
840 2189 885 2233 in
908 2198 1021 2233 terra
1043 2189 1124 2232 erit
1146 2204 1221 2233 cor
1240 2224 1251 2244 ‚
1276 2189 1322 2232 id
1344 2198 1429 2243 est,
1454 2188 1489 2232 si
1510 2203 1562 2232 eo
1584 2187 1715 2232 corde

324 2261 511 2322 quisque
528 2270 732 2321 operetur
749 2259 932 2320 aliquid,
954 2269 1003 2304 ut
1022 2269 1243 2304 terrenum
1261 2259 1541 2304 commodum
1559 2258 1716 2318 adipis-

323 2342 466 2388 catur,
492 2331 716 2393 quomodo
740 2332 820 2375 erit
843 2330 1086 2387 mundum,
1112 2330 1232 2392 quod
1261 2332 1305 2375 in
1331 2341 1441 2376 terra
1460 2330 1714 2375 volutatur?

325 2403 367 2447 Si
388 2412 533 2446 autem
556 2403 600 2446 in
623 2401 760 2458 eoelo,
785 2401 1002 2445 mundum
1021 2402 1122 2457 erit,
1151 2401 1253 2462 quia
1276 2401 1440 2446 munda
1461 2411 1562 2446 sunt
1587 2417 1712 2462 quae-

322 2489 511 2534 eumque
541 2473 750 2518 eoelestia.
789 2472 1004 2517 Sordescit
1030 2473 1145 2516 enim
1169 2472 1355 2533 aliquid,
1385 2488 1485 2517 cum
1518 2470 1712 2517 inferiori

322 2545 525 2589 miscetur
551 2555 741 2600 naturae,
771 2544 969 2605 quamvis
992 2543 1037 2587 in
1069 2559 1146 2588 suo
1169 2558 1349 2603 genere,
1375 2559 1464 2589 non
1491 2542 1708 2601 sordidae3

370 2648 379 2665 ¹
403 2641 482 2674 psal.
497 2652 603 2684 cxviii,
624 2641 675 2676 36.
698 2659 739 2666 -
758 2647 770 2665 2
791 2652 801 2674 1
823 2641 903 2673 Tim.
932 2651 955 2683 1,
977 2640 1006 2673 3.
1025 2656 1066 2663 --
1087 2638 1099 2663 3
1119 2640 1236 2673 Matth.
1255 2651 1301 2682 Vl,
1324 2649 1441 2683 19-21.
