1819 3301
345 302 427 341 218
783 312 817 342 s.
853 313 1084 342 Auens-run
1117 314 1299 342 zmscom

343 387 446 422 tem.
468 377 832 439 Quandoquidem
857 378 929 422 ille
946 379 1029 423 hoc
1047 379 1287 423 contemnit
1309 379 1355 422 in
1384 378 1607 436 mendico,
1638 395 1729 440 quo

343 458 387 493 et
420 450 509 509 ipse
545 459 686 509 potest
721 465 862 493 rerum
902 451 1193 495 humanarum
1222 450 1453 509 fragilitate
1481 450 1685 497 devenire
1716 471 1726 497 ε

343 523 459 564 Deus
478 530 621 564 autem
645 521 689 563 in
712 519 907 564 sordidos
935 536 1076 565 mores
1102 538 1325 582 nunquam
1344 521 1475 566 eadit.
1502 525 1558 566 Et
1575 523 1729 580 gratias

342 590 646 635 misericordiae
665 591 816 650 ipsius,
836 591 911 651 qui
929 592 1012 636 hoc
1030 607 1050 636 a
1067 592 1190 636 nobis
1208 592 1354 650 exigit,
1375 602 1425 635 ut
1442 596 1567 636 Pater
1584 603 1731 638 noster

341 663 395 705 sit
423 681 430 705 :
451 662 571 720 quod
595 660 718 705 nullo
736 671 934 721 sumptu,
960 662 1034 707 sed
1058 662 1146 707 sola
1171 663 1285 707 bona
1307 661 1533 707 voluntate
1551 679 1730 723 eompa-

342 733 424 776 rari
448 741 602 791 potest.
623 731 927 777 Admonentur
948 734 1078 777 etiam
1096 734 1166 778 hic
1187 733 1355 788 divites,
1380 733 1450 777 vel
1473 750 1630 793 genere
1647 751 1729 780 no-

341 802 450 847 biles
474 801 715 847 seeundum
738 803 943 847 saeculum
963 840 973 858 ,
1002 820 1102 848 eum
1132 804 1366 849 Christiani
1395 803 1497 849 facti
1531 804 1727 862 fuerint,

341 891 430 919 non
460 876 683 935 superbire
706 875 908 920 adversus
937 891 1146 935 pauperes
1179 885 1223 920 et
1250 875 1486 935 ignobiles3
1521 878 1731 937 quoniam

341 945 469 989 simul
492 946 645 990 dicunt
673 949 788 1001 Deo,
816 966 835 987 «
861 950 987 990 Pater
1020 955 1195 991 noster:
1226 965 1245 987 η
1271 946 1391 1007 quod
1430 963 1520 991 non
1550 957 1731 1007 possunt

340 1031 441 1060 vere
459 1031 506 1060 ac
524 1018 592 1076 pie
609 1016 772 1072 dicere,
792 1017 871 1061 nisi
892 1032 935 1061 se
958 1016 1108 1062 fratres
1129 1033 1218 1062 esse
1240 1027 1519 1077 cognoscant.

342 1197 784 1214 mmmmmx

982 1199 1549 1215 mmmmmwwmm
1554 1199 1728 1215 mmmm

879 1345 1095 1394 CAPUT
1138 1346 1197 1393 V.

400 1502 544 1545 XVII.
554 1503 733 1545 UTATUR
747 1515 850 1560 ergo
867 1516 975 1546 voce
985 1500 1095 1546 Novi
1113 1500 1376 1544 Testamenti
1390 1499 1580 1560 populus
1593 1515 1732 1545 novus

343 1570 396 1616 ad
421 1580 629 1615 aeternam
646 1571 946 1615 haereditatem
964 1580 1158 1625 vocatus,
1175 1581 1217 1615 et
1237 1571 1353 1615 dieat
1371 1591 1380 1616 ε
1406 1591 1424 1613 (ι
1444 1575 1571 1616 Pater
1587 1580 1733 1616 noster

346 1660 365 1683 »ι
402 1642 479 1701 qui
500 1657 543 1684 es
564 1641 609 1684 in
631 1641 754 1685 coelis
777 1657 786 1682 ι
810 1660 830 1685 »
851 1641 895 1685 id
915 1650 994 1695 est,
1015 1642 1060 1685 in
1083 1641 1240 1686 sanetis
1264 1642 1458 1700 etjustis.
1486 1644 1583 1685 Non
1615 1642 1733 1685 enim

344 1712 481 1771 spatio
494 1711 691 1756 locorum
706 1712 955 1756 continetur
970 1715 1095 1756 Deus.
1112 1714 1221 1756 Sunt
1232 1711 1348 1755 enim
1365 1711 1465 1756 coeli
1479 1711 1732 1756 excellentia

344 1781 522 1842 quidem
544 1782 697 1826 mundi
735 1797 943 1841 corpora,
977 1781 1052 1826 sed
1091 1791 1234 1826 tamen
1256 1797 1464 1841 corpora,
1510 1797 1610 1841 quae
1642 1797 1732 1825 non

344 1861 526 1912 possunt
545 1867 634 1895 esse
651 1852 730 1896 nisi
754 1852 799 1895 in
821 1852 918 1896 loeo
945 1867 955 1893 z
979 1851 1055 1896 sed
1082 1853 1113 1896 si
1137 1853 1181 1896 in
1210 1852 1331 1896 coelis
1353 1861 1563 1912 tanquam
1592 1852 1637 1896 in
1660 1867 1733 1896 su-

345 1923 587 1984 perioribus
605 1922 758 1966 mundi
777 1923 972 1982 partibus
993 1922 1114 1967 locus
1137 1923 1212 1966 Dei
1235 1938 1324 1966 esse
1340 1923 1532 1967 ereditur
1547 1958 1558 1976 ‚
1577 1922 1734 1967 melio-

346 1996 402 2038 ris
423 1993 565 2036 meriti
600 2002 701 2036 sunt
726 2009 845 2048 aves,
871 2009 1056 2053 quarum
1081 1994 1168 2037 vita
1194 2003 1257 2037 est
1279 1997 1368 2037 Deo
1406 1994 1603 2038 vicinior.
1635 1996 1734 2039 Non

347 2074 491 2109 autem
514 2064 723 2122 scriptum
746 2074 838 2119 est,
864 2068 1004 2123 Prope
1025 2074 1089 2108 est
1113 2066 1319 2109 Dominus
1340 2064 1516 2108 excelsis
1546 2064 1735 2108 homini-

348 2136 430 2181 bus
447 2171 457 2190 ,
485 2145 558 2180 aut
581 2135 640 2179 eis
659 2135 734 2194 qui
756 2135 800 2188 in
823 2135 1046 2178 montibus
1067 2134 1268 2179 habitant
1288 2153 1296 2178 :
1317 2133 1391 2178 sed
1406 2135 1615 2193 scriptum
1638 2142 1701 2178 est
1721 2153 1731 2178 ε

352 2225 372 2248 ι(
399 2209 539 2265 Prope
561 2214 625 2250 est
642 2205 850 2250 Dominus
872 2205 1043 2249 obtritis
1065 2204 1218 2249 corde1
1248 2223 1255 2249 :
1284 2223 1304 2245 »
1331 2204 1452 2265 quod
1473 2205 1606 2262 magis
1632 2219 1734 2264 per—

347 2277 457 2322 tinet
478 2276 533 2321 ad
555 2274 860 2320 humilitatem.
888 2275 972 2320 Sed
1002 2273 1376 2335 quemadmodum
1399 2284 1512 2318 terra
1540 2274 1734 2334 appella-

348 2356 418 2392 tus
440 2356 503 2392 est
520 2355 745 2407 peccator,
785 2361 886 2390 cum
912 2347 949 2389 ei
974 2344 1141 2390 dietum
1172 2354 1262 2400 est,
1291 2364 1311 2387 «
1340 2348 1470 2390 Terra
1502 2360 1546 2389 es
1564 2379 1574 2395 ,
1609 2354 1653 2389 et
1689 2346 1735 2390 in

351 2436 372 2459 »
407 2427 566 2462 terram
583 2418 664 2462 ibis
677 2419 693 2442 ²
713 2436 722 2462 :
745 2435 764 2458 υ
781 2416 842 2461 sic
854 2416 1014 2460 eoelum
1031 2417 1174 2476 justus
1191 2431 1214 2459 e
1232 2415 1449 2460 contrario
1464 2415 1550 2459 dici
1571 2424 1729 2475 potest.

348 2489 480 2532 Justis
495 2489 611 2532 enim
640 2487 823 2532 dicitur:
854 2506 873 2529 «
907 2484 1137 2545 Templum
1159 2486 1275 2529 enim
1308 2486 1384 2530 Dei
1420 2494 1617 2530 sanctum
1639 2494 1728 2540 est,

351 2575 372 2598 »
406 2557 527 2618 quod
548 2558 646 2602 estis
667 2573 741 2602 vos
759 2559 791 2600 ³.
820 2575 839 2598 >›
865 2559 1140 2617 Quapropter
1160 2556 1194 2599 si
1215 2556 1259 2599 in
1282 2554 1441 2615 templo
1458 2570 1536 2599 suo
1560 2554 1728 2600 habitat
1768 2592 1771 2595 ,
1808 2612 1810 2620 y

397 2660 405 2674 ¹
425 2653 502 2685 Psal.
527 2664 640 2694 xxxin,
665 2665 713 2695 ¹9·
731 2670 771 2675 —
792 2660 803 2675 ¹
824 2654 904 2684 Gen.
920 2663 973 2693 ιιι,
998 2663 1047 2694 ¹9·
1069 2668 1109 2674 —
1131 2649 1143 2672 3
1168 2662 1179 2682 1
1201 2653 1276 2683 Cor.
1295 2661 1344 2691 nl,
1365 2661 1416 2693 17.
