<?xml version="1.0" encoding="UTF-8"?>
<!DOCTYPE html PUBLIC "-//W3C//DTD XHTML 1.0 Transitional//EN"
    "http://www.w3.org/TR/xhtml1/DTD/xhtml1-transitional.dtd">
<html xmlns="http://www.w3.org/1999/xhtml" xml:lang="en" lang="en">
 <head>
  <title>
</title>
<meta http-equiv="Content-Type" content="text/html;charset=utf-8" />
  <meta name='ocr-system' content='tesseract 3.04.00' />
  <meta name='ocr-capabilities' content='ocr_page ocr_carea ocr_par ocr_line ocrx_word'/>
</head>
<body>
  <div class='ocr_page' id='page_1' title='image "./operaomniaaccura14auguuoft_0387.png"; bbox 0 0 1819 3301; ppageno 0'>
   <div class='ocr_carea' id='block_1_1' title="bbox 392 267 1507 312">
    <p class='ocr_par' dir='ltr' id='par_1_1' title="bbox 392 267 1507 312">
     <span class='ocr_line' id='line_1_1' title="bbox 392 267 1507 312; baseline 0.004 -13"><span class='ocrx_word' id='word_1_1' title='bbox 392 273 675 308; x_wconf 69' lang='lat' dir='ltr'>QUAEsTtoNUM</span> <span class='ocrx_word' id='word_1_2' title='bbox 708 271 1068 312; x_wconf 62' lang='lat' dir='ltr'>nvtivessnonum,</span> <span class='ocrx_word' id='word_1_3' title='bbox 1104 275 1184 301; x_wconf 73' lang='lat' dir='ltr'>mu.</span> <span class='ocrx_word' id='word_1_4' title='bbox 1221 277 1251 301; x_wconf 69' lang='grc' dir='ltr'>π.</span> <span class='ocrx_word' id='word_1_5' title='bbox 1424 267 1507 304; x_wconf 83' lang='grc'>357</span> 
     </span>
    </p>
   </div>
   <div class='ocr_carea' id='block_1_2' title="bbox 598 405 1034 455">
    <p class='ocr_par' dir='ltr' id='par_1_2' title="bbox 598 405 1034 455">
     <span class='ocr_line' id='line_1_2' title="bbox 598 405 1034 455; baseline 0.007 -11"><span class='ocrx_word' id='word_1_6' title='bbox 598 405 833 455; x_wconf 83' lang='lat' dir='ltr'><strong>QUAESTIO</strong></span> <span class='ocrx_word' id='word_1_7' title='bbox 864 408 1034 447; x_wconf 87' lang='lat' dir='ltr'><strong>XLVIII.</strong></span> 
     </span>
    </p>
   </div>
   <div class='ocr_carea' id='block_1_3' title="bbox 70 525 1513 2417">
    <p class='ocr_par' dir='ltr' id='par_1_3' title="bbox 70 525 1513 2332">
     <span class='ocr_line' id='line_1_3' title="bbox 190 525 1513 586; baseline 0.003 -17"><span class='ocrx_word' id='word_1_8' title='bbox 190 528 226 569; x_wconf 90' lang='grc' dir='ltr'>Ι.</span> <span class='ocrx_word' id='word_1_9' title='bbox 264 528 480 570; x_wconf 63' lang='lat' dir='ltr'>Possumus</span> <span class='ocrx_word' id='word_1_10' title='bbox 522 525 577 569; x_wconf 91' lang='lat' dir='ltr'>de</span> <span class='ocrx_word' id='word_1_11' title='bbox 599 525 994 586; x_wconf 80' lang='lat' dir='ltr'>propinquantibus</span> <span class='ocrx_word' id='word_1_12' title='bbox 1024 527 1079 571; x_wconf 87' lang='lat' dir='ltr'>ad</span> <span class='ocrx_word' id='word_1_13' title='bbox 1096 527 1320 583; x_wconf 84' lang='lat' dir='ltr'>Jericho1‚</span> <span class='ocrx_word' id='word_1_14' title='bbox 1356 529 1416 573; x_wconf 92' lang='lat' dir='ltr'>sic</span> <span class='ocrx_word' id='word_1_15' title='bbox 1445 530 1513 574; x_wconf 85' lang='lat' dir='ltr'>in-</span> 
     </span>
     <span class='ocr_line' id='line_1_4' title="bbox 70 594 1510 656; baseline 0.003 -17"><span class='ocrx_word' id='word_1_16' title='bbox 70 614 74 619; x_wconf 51' lang='lat'><em>1</em></span> <span class='ocrx_word' id='word_1_17' title='bbox 127 594 321 654; x_wconf 87' lang='lat' dir='ltr'>telligere</span> <span class='ocrx_word' id='word_1_18' title='bbox 337 631 347 650; x_wconf 94' lang='lat'>,</span> <span class='ocrx_word' id='word_1_19' title='bbox 373 605 420 639; x_wconf 92' lang='lat' dir='ltr'>ut</span> <span class='ocrx_word' id='word_1_20' title='bbox 439 598 528 656; x_wconf 83' lang='lat' dir='ltr'>jam</span> <span class='ocrx_word' id='word_1_21' title='bbox 551 596 653 640; x_wconf 91' lang='lat' dir='ltr'>inde</span> <span class='ocrx_word' id='word_1_22' title='bbox 671 596 853 654; x_wconf 86' lang='lat' dir='ltr'>egressi,</span> <span class='ocrx_word' id='word_1_23' title='bbox 880 611 1014 656; x_wconf 85' lang='lat' dir='ltr'>prope</span> <span class='ocrx_word' id='word_1_24' title='bbox 1036 605 1182 640; x_wconf 86' lang='lat' dir='ltr'>tamen</span> <span class='ocrx_word' id='word_1_25' title='bbox 1204 596 1348 642; x_wconf 87' lang='lat' dir='ltr'>adhuc</span> <span class='ocrx_word' id='word_1_26' title='bbox 1369 608 1510 644; x_wconf 88' lang='lat' dir='ltr'>essent</span> 
     </span>
     <span class='ocr_line' id='line_1_5' title="bbox 127 665 1506 726; baseline 0.003 -17"><span class='ocrx_word' id='word_1_27' title='bbox 127 665 182 709; x_wconf 87' lang='lat' dir='ltr'>ad</span> <span class='ocrx_word' id='word_1_28' title='bbox 204 681 298 709; x_wconf 86' lang='lat' dir='ltr'>eam</span> <span class='ocrx_word' id='word_1_29' title='bbox 321 666 536 710; x_wconf 88' lang='lat' dir='ltr'>civitatem</span> <span class='ocrx_word' id='word_1_30' title='bbox 559 685 567 710; x_wconf 91' lang='lat'>:</span> <span class='ocrx_word' id='word_1_31' title='bbox 595 665 714 725; x_wconf 84' lang='lat' dir='ltr'>quod</span> <span class='ocrx_word' id='word_1_32' title='bbox 749 665 926 726; x_wconf 90' lang='lat' dir='ltr'>quidem</span> <span class='ocrx_word' id='word_1_33' title='bbox 949 667 1092 710; x_wconf 89' lang='lat' dir='ltr'>minus</span> <span class='ocrx_word' id='word_1_34' title='bbox 1132 667 1283 711; x_wconf 86' lang='lat' dir='ltr'>usitate</span> <span class='ocrx_word' id='word_1_35' title='bbox 1314 668 1476 713; x_wconf 87' lang='lat' dir='ltr'>dicitur</span> <span class='ocrx_word' id='word_1_36' title='bbox 1495 706 1506 726; x_wconf 82' lang='lat'>,</span> 
     </span>
     <span class='ocr_line' id='line_1_6' title="bbox 127 735 1510 797; baseline 0.004 -17"><span class='ocrx_word' id='word_1_37' title='bbox 127 736 202 781; x_wconf 89' lang='lat' dir='ltr'>sed</span> <span class='ocrx_word' id='word_1_38' title='bbox 225 746 369 780; x_wconf 87' lang='lat' dir='ltr'>tamen</span> <span class='ocrx_word' id='word_1_39' title='bbox 392 737 529 780; x_wconf 73' lang='lat' dir='ltr'>videri</span> <span class='ocrx_word' id='word_1_40' title='bbox 552 737 684 796; x_wconf 84' lang='lat' dir='ltr'>possit</span> <span class='ocrx_word' id='word_1_41' title='bbox 714 737 797 781; x_wconf 92' lang='lat' dir='ltr'>hoc</span> <span class='ocrx_word' id='word_1_42' title='bbox 818 735 985 781; x_wconf 83' lang='lat' dir='ltr'>dictum</span> <span class='ocrx_word' id='word_1_43' title='bbox 1005 772 1016 792; x_wconf 94' lang='lat'>,</span> <span class='ocrx_word' id='word_1_44' title='bbox 1048 738 1254 797; x_wconf 87' lang='lat' dir='ltr'>quoniam</span> <span class='ocrx_word' id='word_1_45' title='bbox 1278 741 1510 786; x_wconf 83' lang='lat' dir='ltr'>Matthaeus</span> 
     </span>
     <span class='ocr_line' id='line_1_7' title="bbox 129 806 1511 865; baseline 0.004 -15"><span class='ocrx_word' id='word_1_46' title='bbox 129 806 452 865; x_wconf 75' lang='lat' dir='ltr'>egredientibus</span> <span class='ocrx_word' id='word_1_47' title='bbox 470 807 528 851; x_wconf 88' lang='lat' dir='ltr'>eis</span> <span class='ocrx_word' id='word_1_48' title='bbox 557 807 611 850; x_wconf 88' lang='lat' dir='ltr'>ab</span> <span class='ocrx_word' id='word_1_49' title='bbox 629 807 801 851; x_wconf 87' lang='lat' dir='ltr'>Jericho</span> <span class='ocrx_word' id='word_1_50' title='bbox 823 806 929 851; x_wconf 90' lang='lat' dir='ltr'>dicit</span> <span class='ocrx_word' id='word_1_51' title='bbox 956 806 1220 853; x_wconf 83' lang='lat' dir='ltr'>illuminatos</span> <span class='ocrx_word' id='word_1_52' title='bbox 1242 808 1352 854; x_wconf 90' lang='lat' dir='ltr'>duos</span> <span class='ocrx_word' id='word_1_53' title='bbox 1374 826 1511 856; x_wconf 79' lang='lat' dir='ltr'>caecos</span> 
     </span>
     <span class='ocr_line' id='line_1_8' title="bbox 126 877 1512 940; baseline 0.004 -19"><span class='ocrx_word' id='word_1_54' title='bbox 126 879 203 938; x_wconf 87' lang='lat' dir='ltr'>qui</span> <span class='ocrx_word' id='word_1_55' title='bbox 230 879 352 938; x_wconf 86' lang='lat' dir='ltr'>juxta</span> <span class='ocrx_word' id='word_1_56' title='bbox 382 879 497 922; x_wconf 89' lang='lat' dir='ltr'>viam</span> <span class='ocrx_word' id='word_1_57' title='bbox 529 877 736 923; x_wconf 82' lang='lat' dir='ltr'>sedebant</span> <span class='ocrx_word' id='word_1_58' title='bbox 752 882 784 922; x_wconf 75' lang='lat'>².</span> <span class='ocrx_word' id='word_1_59' title='bbox 813 881 873 922; x_wconf 87' lang='lat' dir='ltr'>De</span> <span class='ocrx_word' id='word_1_60' title='bbox 895 894 1078 924; x_wconf 89' lang='lat' dir='ltr'>numero</span> <span class='ocrx_word' id='word_1_61' title='bbox 1101 880 1264 940; x_wconf 86' lang='lat' dir='ltr'>quippe</span> <span class='ocrx_word' id='word_1_62' title='bbox 1291 881 1412 926; x_wconf 88' lang='lat' dir='ltr'>nulla</span> <span class='ocrx_word' id='word_1_63' title='bbox 1449 893 1512 928; x_wconf 83' lang='lat' dir='ltr'>est</span> 
     </span>
     <span class='ocr_line' id='line_1_9' title="bbox 127 949 1511 1010; baseline 0.003 -17"><span class='ocrx_word' id='word_1_64' title='bbox 127 950 336 1010; x_wconf 82' lang='lat' dir='ltr'>quaestio,</span> <span class='ocrx_word' id='word_1_65' title='bbox 373 951 406 993; x_wconf 90' lang='lat' dir='ltr'>si</span> <span class='ocrx_word' id='word_1_66' title='bbox 436 949 543 994; x_wconf 90' lang='lat' dir='ltr'>alter</span> <span class='ocrx_word' id='word_1_67' title='bbox 576 949 948 1009; x_wconf 81' lang='lat' dir='ltr'>Evangelistarum</span> <span class='ocrx_word' id='word_1_68' title='bbox 978 949 1033 994; x_wconf 90' lang='lat' dir='ltr'>de</span> <span class='ocrx_word' id='word_1_69' title='bbox 1064 967 1154 995; x_wconf 93' lang='lat' dir='ltr'>uno</span> <span class='ocrx_word' id='word_1_70' title='bbox 1191 951 1351 1007; x_wconf 88' lang='lat' dir='ltr'>tacuit,</span> <span class='ocrx_word' id='word_1_71' title='bbox 1380 953 1511 998; x_wconf 89' lang='lat' dir='ltr'>unius</span> 
     </span>
     <span class='ocr_line' id='line_1_10' title="bbox 126 1020 1510 1077; baseline 0.004 -14"><span class='ocrx_word' id='word_1_72' title='bbox 126 1020 417 1064; x_wconf 88' lang='lat' dir='ltr'>reminiscens.</span> <span class='ocrx_word' id='word_1_73' title='bbox 434 1022 543 1065; x_wconf 88' lang='lat' dir='ltr'>Nam</span> <span class='ocrx_word' id='word_1_74' title='bbox 563 1021 692 1063; x_wconf 86' lang='lat' dir='ltr'>etiam</span> <span class='ocrx_word' id='word_1_75' title='bbox 711 1023 883 1065; x_wconf 89' lang='lat' dir='ltr'>Marcus</span> <span class='ocrx_word' id='word_1_76' title='bbox 899 1036 1037 1065; x_wconf 91' lang='lat' dir='ltr'>unum</span> <span class='ocrx_word' id='word_1_77' title='bbox 1060 1031 1387 1077; x_wconf 84' lang='lat' dir='ltr'>commemorat,</span> <span class='ocrx_word' id='word_1_78' title='bbox 1409 1039 1510 1068; x_wconf 88' lang='lat' dir='ltr'>cum</span> 
     </span>
     <span class='ocr_line' id='line_1_11' title="bbox 126 1088 1509 1151; baseline 0.003 -15"><span class='ocrx_word' id='word_1_79' title='bbox 126 1101 169 1136; x_wconf 90' lang='lat' dir='ltr'>et</span> <span class='ocrx_word' id='word_1_80' title='bbox 185 1092 275 1151; x_wconf 91' lang='lat' dir='ltr'>ipse</span> <span class='ocrx_word' id='word_1_81' title='bbox 290 1090 611 1150; x_wconf 84' lang='lat' dir='ltr'>egredientibus</span> <span class='ocrx_word' id='word_1_82' title='bbox 627 1091 685 1135; x_wconf 90' lang='lat' dir='ltr'>eis</span> <span class='ocrx_word' id='word_1_83' title='bbox 697 1091 750 1136; x_wconf 88' lang='lat' dir='ltr'>ab</span> <span class='ocrx_word' id='word_1_84' title='bbox 773 1092 946 1137; x_wconf 90' lang='lat' dir='ltr'>Jericho</span> <span class='ocrx_word' id='word_1_85' title='bbox 968 1091 1409 1149; x_wconf 88' lang='lat' dir='ltr'>dicatilluminatum,</span> <span class='ocrx_word' id='word_1_86' title='bbox 1429 1088 1509 1140; x_wconf 88' lang='lat' dir='ltr'>cu-</span> 
     </span>
     <span class='ocr_line' id='line_1_12' title="bbox 119 1163 1508 1222; baseline 0.004 -17"><span class='ocrx_word' id='word_1_87' title='bbox 119 1164 190 1222; x_wconf 86' lang='lat' dir='ltr'>jus</span> <span class='ocrx_word' id='word_1_88' title='bbox 212 1172 254 1206; x_wconf 92' lang='lat' dir='ltr'>et</span> <span class='ocrx_word' id='word_1_89' title='bbox 270 1178 429 1206; x_wconf 91' lang='lat' dir='ltr'>nomen</span> <span class='ocrx_word' id='word_1_90' title='bbox 447 1163 551 1207; x_wconf 82' lang='lat' dir='ltr'>dixit</span> <span class='ocrx_word' id='word_1_91' title='bbox 572 1172 615 1207; x_wconf 92' lang='lat' dir='ltr'>et</span> <span class='ocrx_word' id='word_1_92' title='bbox 637 1172 803 1222; x_wconf 87' lang='lat' dir='ltr'>patrem</span> <span class='ocrx_word' id='word_1_93' title='bbox 817 1164 832 1189; x_wconf 80' lang='lat'><strong>3</strong></span> <span class='ocrx_word' id='word_1_94' title='bbox 855 1182 864 1207; x_wconf 75' lang='grc' dir='ltr'>ε</span> <span class='ocrx_word' id='word_1_95' title='bbox 886 1173 936 1208; x_wconf 93' lang='lat' dir='ltr'>ut</span> <span class='ocrx_word' id='word_1_96' title='bbox 948 1163 1240 1222; x_wconf 83' lang='lat' dir='ltr'>intelligamus</span> <span class='ocrx_word' id='word_1_97' title='bbox 1263 1181 1363 1209; x_wconf 91' lang='lat' dir='ltr'>eum</span> <span class='ocrx_word' id='word_1_98' title='bbox 1376 1166 1508 1211; x_wconf 86' lang='lat' dir='ltr'>fuisse</span> 
     </span>
     <span class='ocr_line' id='line_1_13' title="bbox 123 1232 1508 1291; baseline 0.003 -15"><span class='ocrx_word' id='word_1_99' title='bbox 123 1233 394 1277; x_wconf 89' lang='lat' dir='ltr'>notissimum</span> <span class='ocrx_word' id='word_1_100' title='bbox 414 1268 424 1287; x_wconf 94' lang='lat'>,</span> <span class='ocrx_word' id='word_1_101' title='bbox 446 1232 630 1276; x_wconf 88' lang='lat' dir='ltr'>alterum</span> <span class='ocrx_word' id='word_1_102' title='bbox 654 1233 870 1291; x_wconf 86' lang='lat' dir='ltr'>ignotum,</span> <span class='ocrx_word' id='word_1_103' title='bbox 892 1243 942 1277; x_wconf 88' lang='lat' dir='ltr'>ut</span> <span class='ocrx_word' id='word_1_104' title='bbox 963 1235 1117 1277; x_wconf 91' lang='lat' dir='ltr'>merito</span> <span class='ocrx_word' id='word_1_105' title='bbox 1139 1233 1212 1277; x_wconf 90' lang='lat' dir='ltr'>ille</span> <span class='ocrx_word' id='word_1_106' title='bbox 1234 1244 1364 1279; x_wconf 86' lang='lat' dir='ltr'>notus</span> <span class='ocrx_word' id='word_1_107' title='bbox 1377 1236 1508 1280; x_wconf 87' lang='lat' dir='ltr'>etiam</span> 
     </span>
     <span class='ocr_line' id='line_1_14' title="bbox 125 1303 1511 1366; baseline 0.003 -18"><span class='ocrx_word' id='word_1_108' title='bbox 125 1304 239 1348; x_wconf 83' lang='lat' dir='ltr'>solus</span> <span class='ocrx_word' id='word_1_109' title='bbox 261 1303 466 1348; x_wconf 90' lang='lat' dir='ltr'>decenter</span> <span class='ocrx_word' id='word_1_110' title='bbox 486 1314 913 1348; x_wconf 83' lang='lat' dir='ltr'>commemoraretur.</span> <span class='ocrx_word' id='word_1_111' title='bbox 943 1304 1028 1349; x_wconf 91' lang='lat' dir='ltr'>Sed</span> <span class='ocrx_word' id='word_1_112' title='bbox 1057 1305 1263 1364; x_wconf 86' lang='lat' dir='ltr'>quoniam</span> <span class='ocrx_word' id='word_1_113' title='bbox 1288 1323 1386 1366; x_wconf 81' lang='lat' dir='ltr'>quae</span> <span class='ocrx_word' id='word_1_114' title='bbox 1409 1323 1511 1352; x_wconf 89' lang='lat' dir='ltr'>con-</span> 
     </span>
     <span class='ocr_line' id='line_1_15' title="bbox 124 1374 1512 1436; baseline 0.003 -18"><span class='ocrx_word' id='word_1_115' title='bbox 124 1384 368 1434; x_wconf 84' lang='lat' dir='ltr'>sequuntur</span> <span class='ocrx_word' id='word_1_116' title='bbox 400 1375 445 1418; x_wconf 91' lang='lat' dir='ltr'>in</span> <span class='ocrx_word' id='word_1_117' title='bbox 477 1375 713 1433; x_wconf 84' lang='lat' dir='ltr'>Evangelio</span> <span class='ocrx_word' id='word_1_118' title='bbox 749 1374 989 1419; x_wconf 89' lang='lat' dir='ltr'>secundum</span> <span class='ocrx_word' id='word_1_119' title='bbox 1029 1379 1214 1431; x_wconf 87' lang='lat' dir='ltr'>Lucam,</span> <span class='ocrx_word' id='word_1_120' title='bbox 1249 1378 1512 1436; x_wconf 84' lang='lat' dir='ltr'>apertissime</span> 
     </span>
     <span class='ocr_line' id='line_1_16' title="bbox 125 1444 1513 1505; baseline 0.003 -16"><span class='ocrx_word' id='word_1_121' title='bbox 125 1445 363 1490; x_wconf 88' lang='lat' dir='ltr'>ostendunt</span> <span class='ocrx_word' id='word_1_122' title='bbox 395 1444 506 1488; x_wconf 80' lang='lat' dir='ltr'>illud</span> <span class='ocrx_word' id='word_1_123' title='bbox 541 1444 661 1505; x_wconf 87' lang='lat' dir='ltr'>quod</span> <span class='ocrx_word' id='word_1_124' title='bbox 685 1446 776 1503; x_wconf 90' lang='lat' dir='ltr'>ipse</span> <span class='ocrx_word' id='word_1_125' title='bbox 801 1454 946 1489; x_wconf 88' lang='lat' dir='ltr'>narrat</span> <span class='ocrx_word' id='word_1_126' title='bbox 979 1445 1122 1490; x_wconf 87' lang='lat' dir='ltr'>adhuc</span> <span class='ocrx_word' id='word_1_127' title='bbox 1145 1447 1419 1492; x_wconf 88' lang='lat' dir='ltr'>venientibus</span> <span class='ocrx_word' id='word_1_128' title='bbox 1454 1450 1513 1494; x_wconf 88' lang='lat' dir='ltr'>eis</span> 
     </span>
     <span class='ocr_line' id='line_1_17' title="bbox 125 1514 1512 1575; baseline 0.004 -16"><span class='ocrx_word' id='word_1_129' title='bbox 125 1516 298 1560; x_wconf 87' lang='lat' dir='ltr'>Jericho</span> <span class='ocrx_word' id='word_1_130' title='bbox 316 1514 481 1559; x_wconf 86' lang='lat' dir='ltr'>factum</span> <span class='ocrx_word' id='word_1_131' title='bbox 504 1531 592 1558; x_wconf 88' lang='lat' dir='ltr'>esse</span> <span class='ocrx_word' id='word_1_132' title='bbox 612 1536 622 1572; x_wconf 78' lang='lat'>3</span> <span class='ocrx_word' id='word_1_133' title='bbox 648 1515 757 1558; x_wconf 86' lang='lat' dir='ltr'>nihil</span> <span class='ocrx_word' id='word_1_134' title='bbox 779 1515 897 1559; x_wconf 89' lang='lat' dir='ltr'>aliud</span> <span class='ocrx_word' id='word_1_135' title='bbox 915 1525 1046 1560; x_wconf 80' lang='lat' dir='ltr'>restat</span> <span class='ocrx_word' id='word_1_136' title='bbox 1067 1516 1306 1575; x_wconf 82' lang='lat' dir='ltr'>intelligere</span> <span class='ocrx_word' id='word_1_137' title='bbox 1321 1553 1331 1573; x_wconf 95' lang='lat'>,</span> <span class='ocrx_word' id='word_1_138' title='bbox 1352 1520 1512 1564; x_wconf 88' lang='lat' dir='ltr'>nisibis</span> 
     </span>
     <span class='ocr_line' id='line_1_18' title="bbox 123 1584 1510 1643; baseline 0.003 -14"><span class='ocrx_word' id='word_1_139' title='bbox 123 1601 210 1629; x_wconf 88' lang='lat' dir='ltr'>esse</span> <span class='ocrx_word' id='word_1_140' title='bbox 240 1584 402 1629; x_wconf 86' lang='lat' dir='ltr'>factum</span> <span class='ocrx_word' id='word_1_141' title='bbox 434 1586 515 1629; x_wconf 88' lang='lat' dir='ltr'>hoc</span> <span class='ocrx_word' id='word_1_142' title='bbox 545 1585 831 1640; x_wconf 79' lang='lat' dir='ltr'>miraculum,</span> <span class='ocrx_word' id='word_1_143' title='bbox 861 1585 992 1629; x_wconf 91' lang='lat' dir='ltr'>semel</span> <span class='ocrx_word' id='word_1_144' title='bbox 1027 1586 1072 1629; x_wconf 92' lang='lat' dir='ltr'>in</span> <span class='ocrx_word' id='word_1_145' title='bbox 1106 1602 1195 1630; x_wconf 92' lang='lat' dir='ltr'>uno</span> <span class='ocrx_word' id='word_1_146' title='bbox 1226 1602 1364 1643; x_wconf 82' lang='lat' dir='ltr'>caeco,</span> <span class='ocrx_word' id='word_1_147' title='bbox 1403 1588 1510 1633; x_wconf 91' lang='lat' dir='ltr'>dum</span> 
     </span>
     <span class='ocr_line' id='line_1_19' title="bbox 123 1654 1510 1710; baseline 0.003 -11"><span class='ocrx_word' id='word_1_148' title='bbox 123 1656 266 1699; x_wconf 84' lang='lat' dir='ltr'>adhuc</span> <span class='ocrx_word' id='word_1_149' title='bbox 277 1656 443 1699; x_wconf 88' lang='lat' dir='ltr'>veniret</span> <span class='ocrx_word' id='word_1_150' title='bbox 459 1656 501 1698; x_wconf 92' lang='lat' dir='ltr'>in</span> <span class='ocrx_word' id='word_1_151' title='bbox 515 1654 634 1698; x_wconf 87' lang='lat' dir='ltr'>illam</span> <span class='ocrx_word' id='word_1_152' title='bbox 652 1655 892 1710; x_wconf 87' lang='lat' dir='ltr'>civitatem,</span> <span class='ocrx_word' id='word_1_153' title='bbox 914 1664 956 1699; x_wconf 89' lang='lat' dir='ltr'>et</span> <span class='ocrx_word' id='word_1_154' title='bbox 977 1655 1133 1698; x_wconf 91' lang='lat' dir='ltr'>iterum</span> <span class='ocrx_word' id='word_1_155' title='bbox 1151 1657 1197 1699; x_wconf 92' lang='lat' dir='ltr'>in</span> <span class='ocrx_word' id='word_1_156' title='bbox 1218 1656 1393 1702; x_wconf 89' lang='lat' dir='ltr'>duobus</span> <span class='ocrx_word' id='word_1_157' title='bbox 1410 1675 1510 1703; x_wconf 92' lang='lat' dir='ltr'>cum</span> 
     </span>
     <span class='ocr_line' id='line_1_20' title="bbox 122 1724 1511 1783; baseline 0.004 -14"><span class='ocrx_word' id='word_1_158' title='bbox 122 1726 226 1770; x_wconf 90' lang='lat' dir='ltr'>inde</span> <span class='ocrx_word' id='word_1_159' title='bbox 258 1725 534 1783; x_wconf 84' lang='lat' dir='ltr'>egrederetur</span> <span class='ocrx_word' id='word_1_160' title='bbox 559 1745 567 1769; x_wconf 88' lang='lat'>:</span> <span class='ocrx_word' id='word_1_161' title='bbox 594 1734 642 1768; x_wconf 92' lang='lat' dir='ltr'>ut</span> <span class='ocrx_word' id='word_1_162' title='bbox 664 1724 774 1768; x_wconf 87' lang='lat' dir='ltr'>illud</span> <span class='ocrx_word' id='word_1_163' title='bbox 803 1740 940 1769; x_wconf 89' lang='lat' dir='ltr'>unum</span> <span class='ocrx_word' id='word_1_164' title='bbox 974 1728 1138 1780; x_wconf 86' lang='lat' dir='ltr'>Lucas,</span> <span class='ocrx_word' id='word_1_165' title='bbox 1176 1725 1287 1771; x_wconf 90' lang='lat' dir='ltr'>illud</span> <span class='ocrx_word' id='word_1_166' title='bbox 1325 1728 1511 1774; x_wconf 90' lang='lat' dir='ltr'>alterum</span> 
     </span>
     <span class='ocr_line' id='line_1_21' title="bbox 122 1794 1507 1855; baseline 0.003 -16"><span class='ocrx_word' id='word_1_167' title='bbox 122 1797 354 1840; x_wconf 79' lang='lat' dir='ltr'>Matthaeus</span> <span class='ocrx_word' id='word_1_168' title='bbox 379 1804 624 1848; x_wconf 84' lang='lat' dir='ltr'>enarraret,</span> <span class='ocrx_word' id='word_1_169' title='bbox 663 1809 806 1853; x_wconf 85' lang='lat' dir='ltr'>neque</span> <span class='ocrx_word' id='word_1_170' title='bbox 827 1795 911 1838; x_wconf 89' lang='lat' dir='ltr'>hoc</span> <span class='ocrx_word' id='word_1_171' title='bbox 937 1794 1028 1838; x_wconf 91' lang='lat' dir='ltr'>sine</span> <span class='ocrx_word' id='word_1_172' title='bbox 1053 1795 1199 1855; x_wconf 88' lang='lat' dir='ltr'>aliquo</span> <span class='ocrx_word' id='word_1_173' title='bbox 1222 1808 1507 1844; x_wconf 84' lang='lat' dir='ltr'>sacramento.</span> 
     </span>
     <span class='ocr_line' id='line_1_22' title="bbox 125 1865 1510 1929; baseline 0.003 -19"><span class='ocrx_word' id='word_1_174' title='bbox 125 1868 167 1911; x_wconf 91' lang='lat' dir='ltr'>Si</span> <span class='ocrx_word' id='word_1_175' title='bbox 185 1868 300 1910; x_wconf 90' lang='lat' dir='ltr'>enim</span> <span class='ocrx_word' id='word_1_176' title='bbox 323 1868 495 1911; x_wconf 89' lang='lat' dir='ltr'>Jericho</span> <span class='ocrx_word' id='word_1_177' title='bbox 517 1867 690 1920; x_wconf 86' lang='lat' dir='ltr'>lunam,</span> <span class='ocrx_word' id='word_1_178' title='bbox 713 1875 755 1909; x_wconf 93' lang='lat' dir='ltr'>et</span> <span class='ocrx_word' id='word_1_179' title='bbox 776 1865 833 1910; x_wconf 88' lang='lat' dir='ltr'>ob</span> <span class='ocrx_word' id='word_1_180' title='bbox 856 1866 940 1910; x_wconf 88' lang='lat' dir='ltr'>hoc</span> <span class='ocrx_word' id='word_1_181' title='bbox 963 1866 1271 1911; x_wconf 83' lang='lat' dir='ltr'>mortalitatem</span> <span class='ocrx_word' id='word_1_182' title='bbox 1298 1870 1510 1929; x_wconf 89' lang='lat' dir='ltr'>interpre-</span> 
     </span>
     <span class='ocr_line' id='line_1_23' title="bbox 122 1936 1512 1995; baseline 0.003 -15"><span class='ocrx_word' id='word_1_183' title='bbox 122 1946 290 1991; x_wconf 82' lang='lat' dir='ltr'>tamur,</span> <span class='ocrx_word' id='word_1_184' title='bbox 320 1937 450 1981; x_wconf 90' lang='lat' dir='ltr'>morti</span> <span class='ocrx_word' id='word_1_185' title='bbox 472 1937 770 1995; x_wconf 82' lang='lat' dir='ltr'>propinquans</span> <span class='ocrx_word' id='word_1_186' title='bbox 793 1936 1021 1990; x_wconf 83' lang='lat' dir='ltr'>Dominus,</span> <span class='ocrx_word' id='word_1_187' title='bbox 1055 1937 1219 1981; x_wconf 82' lang='lat' dir='ltr'>Judaeis</span> <span class='ocrx_word' id='word_1_188' title='bbox 1241 1938 1340 1983; x_wconf 87' lang='lat' dir='ltr'>solis</span> <span class='ocrx_word' id='word_1_189' title='bbox 1361 1939 1512 1985; x_wconf 91' lang='lat' dir='ltr'>lumen</span> 
     </span>
     <span class='ocr_line' id='line_1_24' title="bbox 121 2005 1508 2065; baseline 0.003 -15"><span class='ocrx_word' id='word_1_190' title='bbox 121 2006 343 2064; x_wconf 77' lang='lat' dir='ltr'>Evangelii</span> <span class='ocrx_word' id='word_1_191' title='bbox 367 2009 553 2065; x_wconf 83' lang='lat' dir='ltr'>jusserat</span> <span class='ocrx_word' id='word_1_192' title='bbox 575 2005 799 2064; x_wconf 62' lang='lat' dir='ltr'>prfedicari</span> <span class='ocrx_word' id='word_1_193' title='bbox 818 2040 829 2059; x_wconf 96' lang='lat'>,</span> <span class='ocrx_word' id='word_1_194' title='bbox 854 2021 964 2064; x_wconf 90' lang='lat' dir='ltr'>quos</span> <span class='ocrx_word' id='word_1_195' title='bbox 997 2007 1252 2064; x_wconf 85' lang='lat' dir='ltr'>significavit</span> <span class='ocrx_word' id='word_1_196' title='bbox 1290 2008 1363 2052; x_wconf 88' lang='lat' dir='ltr'>ille</span> <span class='ocrx_word' id='word_1_197' title='bbox 1394 2026 1508 2054; x_wconf 89' lang='lat' dir='ltr'>unus</span> 
     </span>
     <span class='ocr_line' id='line_1_25' title="bbox 121 2079 1507 2136; baseline 0.001 -15"><span class='ocrx_word' id='word_1_198' title='bbox 121 2092 260 2121; x_wconf 83' lang='lat' dir='ltr'>caecus</span> <span class='ocrx_word' id='word_1_199' title='bbox 282 2092 413 2136; x_wconf 86' lang='lat' dir='ltr'>quem</span> <span class='ocrx_word' id='word_1_200' title='bbox 438 2079 574 2120; x_wconf 91' lang='lat' dir='ltr'>Lucas</span> <span class='ocrx_word' id='word_1_201' title='bbox 597 2085 913 2119; x_wconf 86' lang='lat' dir='ltr'>commemorat</span> <span class='ocrx_word' id='word_1_202' title='bbox 939 2095 948 2120; x_wconf 75' lang='grc' dir='ltr'>ε</span> <span class='ocrx_word' id='word_1_203' title='bbox 974 2092 997 2120; x_wconf 92' lang='lat' dir='ltr'>a</span> <span class='ocrx_word' id='word_1_204' title='bbox 1020 2086 1159 2120; x_wconf 89' lang='lat' dir='ltr'>morte</span> <span class='ocrx_word' id='word_1_205' title='bbox 1182 2086 1328 2122; x_wconf 87' lang='lat' dir='ltr'>autem</span> <span class='ocrx_word' id='word_1_206' title='bbox 1361 2094 1507 2123; x_wconf 88' lang='lat' dir='ltr'>resur-</span> 
     </span>
     <span class='ocr_line' id='line_1_26' title="bbox 124 2146 1510 2207; baseline 0.003 -16"><span class='ocrx_word' id='word_1_207' title='bbox 124 2161 226 2206; x_wconf 84' lang='lat' dir='ltr'>gens</span> <span class='ocrx_word' id='word_1_208' title='bbox 249 2157 379 2207; x_wconf 87' lang='lat' dir='ltr'>atque</span> <span class='ocrx_word' id='word_1_209' title='bbox 399 2146 623 2191; x_wconf 89' lang='lat' dir='ltr'>discedens</span> <span class='ocrx_word' id='word_1_210' title='bbox 638 2181 649 2201; x_wconf 92' lang='lat'>,</span> <span class='ocrx_word' id='word_1_211' title='bbox 675 2156 718 2190; x_wconf 88' lang='lat' dir='ltr'>et</span> <span class='ocrx_word' id='word_1_212' title='bbox 739 2146 900 2190; x_wconf 87' lang='lat' dir='ltr'>Judaeis</span> <span class='ocrx_word' id='word_1_213' title='bbox 928 2155 972 2191; x_wconf 87' lang='lat' dir='ltr'>et</span> <span class='ocrx_word' id='word_1_214' title='bbox 996 2147 1196 2205; x_wconf 86' lang='lat' dir='ltr'>gentibus</span> <span class='ocrx_word' id='word_1_215' title='bbox 1216 2182 1227 2202; x_wconf 90' lang='lat'>,</span> <span class='ocrx_word' id='word_1_216' title='bbox 1265 2164 1373 2207; x_wconf 90' lang='lat' dir='ltr'>quos</span> <span class='ocrx_word' id='word_1_217' title='bbox 1395 2150 1510 2195; x_wconf 90' lang='lat' dir='ltr'>duos</span> 
     </span>
     <span class='ocr_line' id='line_1_27' title="bbox 123 2216 1509 2276; baseline 0.003 -15"><span class='ocrx_word' id='word_1_218' title='bbox 123 2217 307 2276; x_wconf 91' lang='lat' dir='ltr'>populos</span> <span class='ocrx_word' id='word_1_219' title='bbox 347 2217 587 2275; x_wconf 86' lang='lat' dir='ltr'>significare</span> <span class='ocrx_word' id='word_1_220' title='bbox 618 2216 824 2261; x_wconf 86' lang='lat' dir='ltr'>videntur</span> <span class='ocrx_word' id='word_1_221' title='bbox 859 2216 948 2261; x_wconf 90' lang='lat' dir='ltr'>duo</span> <span class='ocrx_word' id='word_1_222' title='bbox 983 2217 1086 2261; x_wconf 85' lang='lat' dir='ltr'>caeei</span> <span class='ocrx_word' id='word_1_223' title='bbox 1123 2221 1448 2264; x_wconf 87' lang='lat' dir='ltr'>commemorati</span> <span class='ocrx_word' id='word_1_224' title='bbox 1485 2236 1509 2265; x_wconf 89' lang='lat' dir='ltr'>a</span> 
     </span>
     <span class='ocr_line' id='line_1_28' title="bbox 123 2280 1079 2332; baseline 0.001 0"><span class='ocrx_word' id='word_1_225' title='bbox 123 2288 348 2332; x_wconf 85' lang='lat' dir='ltr'>Matthaeo.</span> <span class='ocrx_word' id='word_1_226' title='bbox 1076 2280 1079 2283; x_wconf 69' lang='lat'>,</span> 
     </span>
    </p>

    <p class='ocr_par' dir='ltr' id='par_1_4' title="bbox 183 2356 1512 2417">
     <span class='ocr_line' id='line_1_29' title="bbox 183 2356 1512 2417; baseline 0.004 -16"><span class='ocrx_word' id='word_1_227' title='bbox 183 2361 242 2401; x_wconf 89' lang='lat' dir='ltr'>II.</span> <span class='ocrx_word' id='word_1_228' title='bbox 269 2356 507 2416; x_wconf 59' lang='lat' dir='ltr'>„Templum</span> <span class='ocrx_word' id='word_1_229' title='bbox 527 2357 542 2382; x_wconf 81' lang='lat'>⁴</span> <span class='ocrx_word' id='word_1_230' title='bbox 591 2357 636 2400; x_wconf 92' lang='lat' dir='ltr'>in</span> <span class='ocrx_word' id='word_1_231' title='bbox 694 2356 932 2416; x_wconf 89' lang='lat' dir='ltr'>Evangelio</span> <span class='ocrx_word' id='word_1_232' title='bbox 978 2357 1120 2417; x_wconf 90' lang='lat' dir='ltr'>ipsum</span> <span class='ocrx_word' id='word_1_233' title='bbox 1176 2359 1398 2403; x_wconf 90' lang='lat' dir='ltr'>hominem</span> <span class='ocrx_word' id='word_1_234' title='bbox 1441 2362 1512 2407; x_wconf 88' lang='lat' dir='ltr'>in-</span> 
     </span>
    </p>
   </div>
   <div class='ocr_carea' id='block_1_4' title="bbox 124 2440 1519 2657">
    <p class='ocr_par' dir='ltr' id='par_1_5' title="bbox 124 2440 1519 2657">
     <span class='ocr_line' id='line_1_30' title="bbox 171 2440 1513 2485; baseline 0.004 -11"><span class='ocrx_word' id='word_1_235' title='bbox 171 2449 180 2465; x_wconf 87' lang='lat'>¹</span> <span class='ocrx_word' id='word_1_236' title='bbox 198 2445 275 2475; x_wconf 92' lang='lat' dir='ltr'>Luc.</span> <span class='ocrx_word' id='word_1_237' title='bbox 302 2453 393 2483; x_wconf 78' lang='lat' dir='ltr'>xvm,</span> <span class='ocrx_word' id='word_1_238' title='bbox 413 2441 466 2473; x_wconf 81' lang='lat'>35.</span> <span class='ocrx_word' id='word_1_239' title='bbox 491 2459 532 2464; x_wconf 91' lang='lat'>—</span> <span class='ocrx_word' id='word_1_240' title='bbox 553 2449 564 2464; x_wconf 82' lang='lat'>²</span> <span class='ocrx_word' id='word_1_241' title='bbox 587 2442 707 2473; x_wconf 83' lang='lat' dir='ltr'>Matth.</span> <span class='ocrx_word' id='word_1_242' title='bbox 737 2453 790 2481; x_wconf 81' lang='lat' dir='ltr'>xx,</span> <span class='ocrx_word' id='word_1_243' title='bbox 814 2451 867 2484; x_wconf 81' lang='lat'>29.</span> <span class='ocrx_word' id='word_1_244' title='bbox 894 2459 935 2464; x_wconf 93' lang='lat'><strong>—</strong></span> <span class='ocrx_word' id='word_1_245' title='bbox 956 2440 969 2464; x_wconf 85' lang='lat'>3</span> <span class='ocrx_word' id='word_1_246' title='bbox 987 2443 1089 2475; x_wconf 85' lang='lat' dir='ltr'>Marc.</span> <span class='ocrx_word' id='word_1_247' title='bbox 1116 2454 1170 2483; x_wconf 85' lang='lat' dir='ltr'>xx,</span> <span class='ocrx_word' id='word_1_248' title='bbox 1204 2442 1258 2485; x_wconf 76' lang='lat'>46.</span> <span class='ocrx_word' id='word_1_249' title='bbox 1278 2461 1320 2466; x_wconf 91' lang='lat'>-—</span> <span class='ocrx_word' id='word_1_250' title='bbox 1341 2445 1356 2469; x_wconf 71' lang='lat'><strong><em>⁶</em></strong></span> <span class='ocrx_word' id='word_1_251' title='bbox 1376 2447 1465 2479; x_wconf 81' lang='lat' dir='ltr'>Hanc</span> <span class='ocrx_word' id='word_1_252' title='bbox 1481 2448 1513 2480; x_wconf 89' lang='lat' dir='ltr'>in</span> 
     </span>
     <span class='ocr_line' id='line_1_31' title="bbox 127 2498 1519 2541; baseline 0.004 -10"><span class='ocrx_word' id='word_1_253' title='bbox 127 2499 283 2541; x_wconf 79' lang='lat' dir='ltr'>templum</span> <span class='ocrx_word' id='word_1_254' title='bbox 297 2500 537 2531; x_wconf 77' lang='lat' dir='ltr'>annotationem</span> <span class='ocrx_word' id='word_1_255' title='bbox 555 2498 745 2540; x_wconf 80' lang='lat' dir='ltr'>Augustinus</span> <span class='ocrx_word' id='word_1_256' title='bbox 770 2498 799 2529; x_wconf 89' lang='lat' dir='ltr'>in</span> <span class='ocrx_word' id='word_1_257' title='bbox 819 2498 944 2540; x_wconf 77' lang='lat' dir='ltr'>praessxo</span> <span class='ocrx_word' id='word_1_258' title='bbox 962 2498 1035 2530; x_wconf 88' lang='lat' dir='ltr'>huic</span> <span class='ocrx_word' id='word_1_259' title='bbox 1051 2500 1140 2541; x_wconf 82' lang='lat' dir='ltr'>operi</span> <span class='ocrx_word' id='word_1_260' title='bbox 1155 2500 1364 2537; x_wconf 69' lang='lat' dir='ltr'>Quaestionum</span> <span class='ocrx_word' id='word_1_261' title='bbox 1381 2502 1519 2536; x_wconf 83' lang='lat' dir='ltr'>Elencho</span> 
     </span>
     <span class='ocr_line' id='line_1_32' title="bbox 124 2555 1518 2599; baseline 0.004 -13"><span class='ocrx_word' id='word_1_262' title='bbox 124 2566 187 2586; x_wconf 89' lang='lat' dir='ltr'>non</span> <span class='ocrx_word' id='word_1_263' title='bbox 205 2559 363 2587; x_wconf 76' lang='lat' dir='ltr'>recenset.</span> <span class='ocrx_word' id='word_1_264' title='bbox 383 2556 483 2597; x_wconf 81' lang='lat' dir='ltr'>Apud.</span> <span class='ocrx_word' id='word_1_265' title='bbox 507 2558 583 2587; x_wconf 85' lang='lat' dir='ltr'>Lov.</span> <span class='ocrx_word' id='word_1_266' title='bbox 605 2555 725 2598; x_wconf 83' lang='lat' dir='ltr'>incipit</span> <span class='ocrx_word' id='word_1_267' title='bbox 751 2555 798 2586; x_wconf 85' lang='lat' dir='ltr'>sic</span> <span class='ocrx_word' id='word_1_268' title='bbox 820 2567 825 2585; x_wconf 90' lang='lat'>:</span> <span class='ocrx_word' id='word_1_269' title='bbox 849 2555 1025 2599; x_wconf 78' lang='lat' dir='ltr'>Templum</span> <span class='ocrx_word' id='word_1_270' title='bbox 1042 2556 1077 2586; x_wconf 77' lang='lat' dir='ltr'>in</span> <span class='ocrx_word' id='word_1_271' title='bbox 1099 2556 1285 2598; x_wconf 73' lang='lat' dir='ltr'>Evangelio</span> <span class='ocrx_word' id='word_1_272' title='bbox 1296 2558 1402 2599; x_wconf 79' lang='lat' dir='ltr'>ipsum</span> <span class='ocrx_word' id='word_1_273' title='bbox 1413 2560 1518 2592; x_wconf 83' lang='lat' dir='ltr'>Deum</span> 
     </span>
     <span class='ocr_line' id='line_1_33' title="bbox 127 2610 1498 2657; baseline 0.006 -17"><span class='ocrx_word' id='word_1_274' title='bbox 127 2610 291 2643; x_wconf 72' lang='lat' dir='ltr'>hominem</span> <span class='ocrx_word' id='word_1_275' title='bbox 305 2612 438 2653; x_wconf 65' lang='lat' dir='ltr'>fin-tum</span> <span class='ocrx_word' id='word_1_276' title='bbox 460 2612 626 2651; x_wconf 54' lang='lat' dir='ltr'>intellig-,25</span> <span class='ocrx_word' id='word_1_277' title='bbox 645 2631 650 2643; x_wconf 46' lang='grc' dir='ltr'>,ι</span> <span class='ocrx_word' id='word_1_278' title='bbox 672 2617 705 2645; x_wconf 87' lang='lat' dir='ltr'>at</span> <span class='ocrx_word' id='word_1_279' title='bbox 726 2611 779 2644; x_wconf 80' lang='lat' dir='ltr'>atii</span> <span class='ocrx_word' id='word_1_280' title='bbox 795 2612 919 2644; x_wconf 85' lang='lat' dir='ltr'>codices</span> <span class='ocrx_word' id='word_1_281' title='bbox 936 2623 997 2645; x_wconf 88' lang='lat' dir='ltr'>nec</span> <span class='ocrx_word' id='word_1_282' title='bbox 1009 2613 1114 2644; x_wconf 77' lang='lat' dir='ltr'>Deum</span> <span class='ocrx_word' id='word_1_283' title='bbox 1129 2613 1266 2655; x_wconf 86' lang='lat' dir='ltr'>addunt,</span> <span class='ocrx_word' id='word_1_284' title='bbox 1288 2616 1498 2657; x_wconf 77' lang='lat' dir='ltr'>necfizctum.</span> 
     </span>
    </p>
   </div>
  </div>
 </body>
</html>
