1819 3301
364 279 502 307 SERMO
534 278 691 307 nomm
723 279 768 306 ΙΝ
799 278 969 316 MONTE,
1004 278 1087 305 Lm.
1122 279 1171 304 11.
1365 271 1450 309 239

73 347 184 391 ciem
223 344 479 405 quotidiana
517 342 832 389 consuetudine
870 343 1063 388 lavemus
1093 376 1104 398 ,
1145 342 1287 386 unctis
1321 344 1451 389 etiam

73 416 288 476 capitibus
314 430 414 459 cum
431 415 694 474 jejunamus,
720 429 797 458 nos
828 428 917 457 esse
939 412 1114 457 debere.
1139 410 1268 464 Quod
1291 413 1324 456 si
1356 422 1453 457 tur-
1489 432 1492 439 ⁴

74 487 296 546 pissimum
328 501 476 530 omnes
504 484 720 539 fatentur,
752 483 1088 543 intelligendum
1117 491 1182 526 est
1214 483 1298 527 hoc
1336 499 1451 542 prae-
1494 540 1496 542 -

75 567 249 618 ceptum
273 555 466 615 ungendi
488 565 640 614 caput,
668 564 712 598 et
740 553 893 598 faciem
915 553 1106 608 lavandi,
1129 553 1184 597 ad
1204 553 1453 598 interiorem

74 628 296 672 hominem
314 626 545 686 pertinere.
570 627 741 683 Ungere
763 640 865 682 ergo
883 634 1030 683 caput,
1055 623 1110 668 ad
1141 623 1335 668 laetitiam
1364 640 1457 684 pedr-

76 699 185 743 tinet
211 717 219 741 :
244 697 388 741 lavare
405 705 550 740 autern
571 695 742 749 faciem,
766 694 821 738 ad
838 695 1094 738 munditiam
1121 714 1129 739 ι
1154 705 1197 739 et
1214 694 1312 739 ideo
1328 704 1458 754 caput

76 767 201 826 ungit
234 767 310 826 qui
349 765 524 810 laetatur
570 765 751 809 interius
791 773 938 807 mente
972 773 1102 824 atque
1144 765 1323 809 ratione.
1366 767 1459 809 Hoc

77 840 193 883 enim
221 847 336 881 recte
358 837 591 895 accipimus
619 844 772 894 caput,
802 835 917 894 quod
944 835 989 877 in
1011 835 1154 878 anima
1177 836 1429 893 praeeminet
1444 871 1456 890 ‚

72 918 123 953 >et
141 923 229 968 quo
249 917 404 951 caetera
433 906 619 950 hominis
643 905 733 964 regi
756 914 799 948 et
827 905 1058 963 gubernari
1078 906 1355 949 manifestum
1378 915 1455 949 est.

78 982 136 1023 Et
155 980 239 1023 hoc
255 979 359 1022 facit
379 978 455 1038 qui
472 993 559 1022 non
584 975 686 1020 foris
709 976 864 1036 quaerit
881 975 1093 1030 laetitiam,
1121 984 1170 1019 ut
1183 976 1238 1019 de
1257 975 1460 1020 laudibus

79 1050 306 1098 hominum
342 1041 571 1093 carnaliter
602 1046 803 1106 gaudeat.
843 1048 953 1090 Caro
986 1047 1097 1089 enim
1134 1062 1233 1106 quae
1269 1047 1461 1106 subjecta

81 1136 170 1166 esse
192 1120 343 1174 debet,
369 1118 646 1163 nullomodo
668 1127 731 1160 est
748 1117 879 1161 totius
900 1126 1066 1160 naturae
1086 1117 1289 1160 humanae
1312 1126 1458 1176 caput.

86 1210 106 1233 «
142 1194 277 1236 Nemo
307 1190 485 1250 quidem
506 1204 700 1249 unquam
731 1203 904 1232 carnem
932 1203 1052 1230 suam
1077 1187 1177 1231 odio
1204 1188 1358 1232 habuit
1382 1190 1411 1242 ²,
1443 1208 1460 1229 »

83 1263 194 1306 sicut
216 1262 446 1321 Apostolus
472 1260 604 1314 dicit,
627 1275 726 1304 cum
749 1260 802 1301 de
834 1258 1051 1316 diligenda
1074 1274 1205 1302 uxore
1225 1259 1419 1318 praecipit
1454 1278 1462 1303 ·.

84 1333 159 1376 sed
177 1341 308 1391 caput
328 1330 520 1375 mulieris
538 1330 617 1384 vir,
640 1329 710 1373 cui
732 1330 824 1372 viro
847 1338 978 1388 caput
999 1339 1061 1372 est
1083 1329 1278 1373 Christus
1301 1333 1332 1372 2.
1356 1332 1466 1373 Inte-

86 1403 174 1447 rius
196 1418 298 1461 ergo
322 1401 511 1461 gaudeat
537 1402 581 1444 in
597 1400 763 1461 jejunio
786 1416 888 1454 suo,
922 1416 972 1443 co
1001 1401 1091 1459 ipso
1114 1417 1202 1459 quo
1220 1402 1277 1444 sic
1300 1402 1468 1461 sejeju-

86 1472 233 1516 nando
257 1473 410 1516 avertit
432 1487 453 1515 a
476 1471 702 1530 voluptate
723 1469 869 1513 saeculi
892 1478 940 1513 ut
961 1471 1013 1513 sit
1041 1470 1240 1514 subditus
1269 1471 1441 1515 Christo
1456 1505 1466 1525 ‚

88 1543 163 1602 qui
208 1541 449 1586 secundum
488 1542 571 1585 hoc
610 1549 874 1600 praeceptum
923 1549 1054 1599 caput
1089 1550 1269 1584 unctum
1311 1541 1470 1584 habere

88 1611 317 1655 desiderat.
343 1615 407 1655 Ita
430 1611 542 1654 enim
565 1620 607 1654 et
623 1611 775 1654 faciem
794 1609 971 1664 lavabit,
988 1610 1031 1653 id
1049 1621 1126 1663 est,
1141 1626 1214 1654 cor
1224 1611 1468 1665 mundabit,

90 1698 178 1743 quo
202 1683 371 1727 visurus
397 1692 461 1726 est
483 1685 622 1725 Deum
640 1716 650 1736 ‚
676 1697 765 1724 non
786 1681 1039 1739 interposito
1061 1681 1274 1725 velamine
1296 1691 1474 1740 propter

90 1753 386 1797 infirmitatem
405 1761 674 1796 contractam
695 1750 750 1794 de
771 1750 993 1808 sordibus,
1017 1752 1088 1795 sed
1114 1752 1263 1795 firmus
1281 1762 1324 1795 et
1345 1752 1476 1796 stabi·
1524 1797 1531 1811 -.

92 1824 165 1879 lis,
191 1824 400 1884 quoniam
422 1822 614 1867 mundus
651 1831 694 1866 et
731 1822 925 1881 simplex.
970 1841 990 1864 «
1025 1823 1272 1878 Lavamini,
1304 1824 1472 1883 inquit,
1530 1876 1531 1879 Ἴ

96 1914 116 1938 »
152 1894 306 1939 mundi
326 1903 477 1948 estote,
498 1892 666 1937 auferte
686 1893 898 1952 nequitias
914 1894 968 1936 ab
990 1893 1142 1937 animis
1159 1895 1325 1949 vestris,
1346 1904 1477 1955 atque

98 1984 119 2008 »
155 1982 179 2010 a
218 1974 454 2025 conspectu
494 1965 724 2010 oculorum
762 1979 958 2008 meorum
996 1966 1027 2007 3.
1074 1985 1091 2005 »
1133 1965 1201 2008 Ab
1238 1966 1304 2009 his
1346 1967 1478 2025 igitur

96 2035 297 2081 sordibus
328 2034 457 2080 facies
483 2044 626 2079 nostra
660 2033 842 2078 lavanda
874 2044 959 2089 est,
988 2035 1150 2094 quibus
1176 2035 1253 2078 Dei
1284 2046 1479 2095 aspectus

99 2105 352 2150 offenditur.
378 2108 464 2151 Nos
487 2105 603 2149 enim
627 2104 814 2148 revelata
837 2105 946 2148 facie
968 2104 1145 2162 gloriam
1181 2106 1353 2150 Domini
1380 2122 1480 2166 spe-

100 2175 310 2230 culantes,
335 2176 380 2219 in
398 2173 594 2219 eamdem
613 2175 844 2232 imaginem
867 2174 1275 2219 transformabimur
1299 2177 1331 2220 4.

159 2247 322 2290 XLIII.
356 2246 477 2304 Saepe
508 2244 637 2288 etiam
669 2244 871 2302 cogitatio
904 2245 1237 2289 necessariarum
1262 2261 1405 2290 rerum
1428 2246 1485 2291 ad

45 2325 47 2327 '
102 2315 227 2359 istam
250 2315 380 2358 vitam
407 2314 736 2373 pertinentium,
764 2315 927 2360 sauciat
954 2324 996 2358 et
1023 2315 1215 2358 sordidat
1236 2315 1485 2360 interiorem

105 2385 282 2430 oculum
300 2393 497 2428 nostrum
525 2403 534 2427 ε
559 2393 602 2428 et
624 2385 881 2445 plerumque
903 2400 977 2429 cor
999 2385 1218 2444 duplicat,
1244 2395 1293 2429 ut
1314 2402 1362 2430 ea
1385 2403 1485 2447 quae

104 2456 302 2500 videmur
325 2469 426 2498 cum
447 2454 698 2498 hominibus
717 2464 831 2498 recte
855 2454 1010 2509 facere,
1031 2471 1119 2498 non
1141 2470 1192 2498 eo
1213 2457 1342 2500 corde
1358 2455 1488 2501 facia-

107 2542 217 2581 mus,
242 2541 331 2586 quo
355 2525 564 2569 Dominus
587 2526 806 2584 praecipit,
832 2524 877 2568 id
909 2534 994 2580 est,
1018 2540 1107 2568 non
1129 2525 1231 2585 quia
1253 2541 1324 2570 eos
1346 2526 1488 2587 diligi-

158 2618 163 2633 ¹
188 2611 303 2653 Ephes.
326 2622 360 2651 v,
379 2619 433 2653 29.
455 2620 491 2632 Α·
509 2615 521 2632 ²
543 2621 553 2641 ι
576 2612 648 2643 Cor.
666 2621 711 2651 xi,
731 2611 761 2642 3.
784 2626 822 2632 —
845 2608 936 2642 3lsa'1'
972 2622 996 2652 1,
1018 2610 1070 2642 16.
1089 2627 1129 2633 —
1150 2609 1199 2643 42
1223 2613 1296 2644 Cor.
1317 2622 1363 2654 ιιι,
1386 2613 1436 2645 18.
