1819 3301
369 290 654 326 QUAEsTioMJM
686 286 1049 324 EVANGEIAORUM,
1085 288 1167 314 Lm.
1205 289 1250 313 11.
1420 277 1498 316 331

121 370 207 415 que
227 352 450 398 descendit
471 375 482 411 3
507 354 607 413 quia
632 357 745 396 Deus
763 361 853 395 erat
871 352 915 394 in
927 351 1099 396 Christo
1114 351 1331 395 muudum
1350 366 1503 396 recon-

120 424 269 469 cilians
292 425 373 467 sibi
392 426 403 449 ¹
430 443 437 467 :
461 433 504 467 et
524 424 613 483 ipse
643 423 845 467 Dominus
864 423 948 466 ait:
978 442 995 462 «
1024 425 1149 466 Pater
1170 423 1216 466 in
1237 437 1306 465 me
1327 437 1503 466 manens

122 514 141 536 »
177 496 267 554 ipse
290 494 391 538 facit
413 510 543 553 opera
566 510 642 537 sua
658 498 690 537 ².
721 512 739 534 »
767 493 882 545 Quid
905 502 966 536 est
988 502 1132 536 autem
1148 528 1158 547 ,
1182 494 1311 552 super
1342 492 1503 536 collum

122 567 215 626 ejus
236 565 389 609 cadere
405 599 415 618 ,
441 565 521 608 nisi
539 563 746 607 inclinare
764 573 807 607 et
827 564 1054 607 humiliare
1075 565 1119 606 in
1146 563 1387 623 amplexum
1414 564 1506 623 ejus

119 636 347 680 brachium
382 650 509 678 suum
533 653 542 679 :
571 653 590 675 «
616 637 673 677 Et
708 634 932 677 brachium
964 634 1146 677 Domini
1162 634 1231 677 cui
1266 633 1503 677 revelatum

120 724 140 747 »
175 707 300 750 estss?
319 723 337 745 »
365 705 483 764 quod
506 713 568 748 est
584 705 733 763 utique
756 704 965 747 Dominus
983 713 1127 747 noster
1149 707 1270 748 Jesus
1291 703 1500 750 Christus.

121 795 140 817 «
177 778 233 820 Et
252 774 470 819 osculatus
493 784 556 818 est
579 773 717 817 illurn.
748 792 767 814 »
790 774 1015 818 Consolari
1032 774 1164 819 verbo
1185 776 1330 832 gratiae
1358 775 1430 818 Dei
1449 774 1503 818 ad

114 861 233 904 spem
251 844 535 904 indulgentiae
553 854 826 904 peccatorum
840 880 850 900 ,
868 846 950 889 hoc
964 855 1050 899 est,
1076 856 1172 904 post
1197 846 1326 903 longa
1350 846 1503 889 itinera

114 925 378 960 remeantem
406 916 560 959 mereri
583 932 605 960 a
626 914 745 975 patre
773 915 971 960 osculum
1000 916 1237 960 charitatis.
1268 919 1324 959 Et
1352 916 1504 974 incipit

109 988 200 1046 jam
233 995 409 1046 peccata
443 987 705 1031 constitutus
736 987 780 1030 in
803 986 993 1030 Ecclesia
1028 987 1239 1031 confiteri.
1277 989 1365 1032 Nee
1399 987 1505 1031 dicit

115 1058 260 1101 omnia
295 1074 394 1117 quae
428 1056 647 1101 dicturum
675 1073 718 1101 se
749 1073 838 1101 esse
869 1057 1150 1116 promiserat,
1181 1056 1256 1102 sed
1280 1073 1416 1117 usque
1448 1056 1502 1101 ad

113 1127 224 1171 illud
247 1145 255 1169 ι
283 1147 301 1169 «
327 1132 424 1172 Non
455 1144 551 1172 sum
585 1128 741 1187 dignus
764 1129 907 1172 vocari
931 1127 1043 1172 filius
1069 1138 1183 1172 tuus.
1210 1146 1229 1168 »
1257 1131 1350 1172 Hoc
1387 1128 1501 1171 enim

114 1198 208 1242 vult
230 1199 321 1242 fieri
343 1215 416 1257 per
445 1199 648 1257 gratiam,
680 1215 769 1259 quo
803 1214 846 1242 se
867 1199 1093 1256 indignum
1122 1214 1210 1243 esse
1239 1214 1316 1257 per
1348 1198 1501 1242 merita

113 1268 288 1313 fatetur.
310 1272 407 1314 Non
428 1269 549 1313 addit
571 1270 688 1330 quod
709 1270 754 1313 in
773 1269 846 1313 illa
862 1270 1143 1314 meditatione
1165 1269 1354 1313 dixerat:
1376 1288 1396 1310 «
1416 1272 1503 1313 Fac

116 1358 135 1381 n
167 1355 236 1383 me
258 1340 371 1384 sicut
390 1356 527 1383 unum
550 1339 604 1383 de
626 1341 898 1384 mercenariis
917 1341 1015 1384 tuis.
1045 1343 1193 1385 »Cum
1209 1341 1323 1383 enim
1345 1355 1502 1399 panem

112 1426 202 1455 non
225 1408 404 1455 haberet
422 1446 432 1465 ‚
467 1410 537 1455 vel
558 1412 850 1455 mercenarius
891 1427 982 1455 esse
1004 1411 1209 1470 cupiebat
1231 1430 1238 1456 :
1264 1411 1384 1471 quod
1406 1419 1502 1470 post

116 1481 313 1525 osculum
338 1481 470 1539 patris
494 1482 819 1539 generosissime
833 1483 920 1541 jam
948 1481 1223 1539 dedignatur.

171 1554 224 1595 V.
249 1551 364 1596 Stola
382 1552 519 1610 prima
533 1587 542 1602 ‚
563 1561 627 1596 est
641 1552 827 1610 dignitas
843 1568 974 1611 quam
999 1551 1188 1611 perdidit
1206 1551 1360 1595 Adam.
1380 1553 1487 1597 Serv

111 1622 188 1681 qui
210 1637 303 1665 eam
332 1621 560 1680 proferunt
581 1656 591 1676 ‚
619 1621 979 1666 reconciliationis
1000 1622 1322 1680 praedicatores.
1343 1625 1498 1666 Annu-

111 1691 179 1736 lus
196 1692 240 1735 in
270 1707 426 1747 manu,
464 1692 622 1751 pignus
662 1692 845 1751 Spiritus
868 1693 1002 1736 sancti
1026 1702 1204 1752 propter
1227 1693 1374 1751 gratiae
1398 1708 1500 1752 par-

112 1762 310 1806 titionem
329 1797 339 1816 ,
365 1777 464 1821 quae
495 1762 629 1819 digito
663 1762 773 1805 bene
810 1763 1089 1819 significatur.
1122 1762 1424 1807 Calceamenta
1455 1763 1500 1806 in

111 1831 261 1891 pedes,
290 1832 545 1890 praeparatio
562 1832 886 1890 evangelizandi
903 1832 956 1875 ad
971 1848 1058 1876 non
1076 1832 1292 1889 tangenda
1309 1842 1496 1878 terrena.

111 1901 284 1947 Vitulus
307 1903 524 1960 saginatus
542 1903 632 1961 ipse
649 1903 764 1946 idem
791 1904 999 1946 Dominus
1014 1938 1025 1953 ,
1045 1903 1120 1946 sed
1142 1903 1384 1947 secundum
1405 1919 1501 1948 car-

112 1989 212 2016 nem
245 1973 421 2016 satiatus
445 1973 704 2033 opprobriis.
744 1974 871 2026 Quod
894 1983 1039 2017 autem
1072 1975 1255 2033 imperat
1285 1984 1334 2018 ut
1362 1975 1502 2018 addu-

111 2052 212 2087 cant
234 2059 332 2086 eum
349 2078 360 2098 ‚
386 2043 492 2103 quid
511 2043 646 2097 aliud,
673 2045 754 2087 nisi
777 2054 825 2088 ut
843 2045 1081 2103 praedicent
1112 2060 1209 2087 eum
1224 2080 1233 2098 ‚
1260 2054 1303 2088 et
1326 2060 1499 2088 annun-

114 2113 260 2157 tiando
286 2114 430 2157 venire
453 2113 614 2158 faciant
630 2115 674 2157 in
691 2116 895 2158 exhausta
912 2115 1025 2158 fame
1037 2116 1197 2158 viscera
1215 2115 1289 2158 filii
1303 2115 1498 2158 esurien-

111 2184 189 2228 tis?
212 2187 319 2229 Nam
343 2184 468 2227 etiam
486 2194 535 2228 ut
550 2184 750 2229 occidant
767 2201 867 2229 eum
883 2187 1032 2245 jubet,
1054 2187 1137 2229 hoc
1150 2195 1227 2240 est,
1247 2194 1294 2228 ut
1312 2197 1497 2230 mortem

111 2256 201 2315 ejus
217 2255 439 2298 insinuent
465 2274 473 2299 ;
498 2265 603 2299 tunc
631 2256 745 2299 enirn
772 2257 930 2316 cuique
967 2256 1179 2300 occiditur
1196 2291 1206 2309 ‚
1232 2272 1330 2300 cum
1360 2255 1497 2300 credit

111 2326 316 2369 occisum.
346 2345 364 2366 «
387 2328 441 2368 Et
465 2325 716 2384 epulemur,
739 2346 756 2366 υ
777 2327 920 2386 inquit
945 2346 953 2370 2
975 2327 1058 2370 hoc
1076 2325 1127 2369 ad
1151 2325 1345 2370 laetitiam
1362 2326 1492 2383 valet,

112 2405 288 2455 propter
326 2395 398 2438 illa
432 2412 530 2455 quac
560 2407 875 2456 consequenter
907 2397 1010 2440 dicit
1042 2416 1049 2440 ς
1087 2417 1105 2438 «
1142 2397 1248 2449 Quia
1279 2397 1348 2441 hic
1378 2394 1496 2443 'filius

115 2486 134 2508 »
172 2482 292 2510 meus
308 2476 504 2510 mortuus
517 2476 623 2522 erat,
638 2477 679 2511 et
695 2468 846 2511 revixit
863 2468 1068 2527 :perierat
1084 2478 1126 2512 et
1143 2468 1342 2512 inventus
1359 2470 1460 2512 est4.
1473 2489 1491 2511 »

111 2540 167 2580 Et
188 2538 279 2581 istae
301 2536 440 2596 epulae
464 2546 594 2597 atque
621 2537 828 2582 festivitas
855 2554 972 2582 nunc
1004 2538 1299 2594 celebrantur,
1325 2555 1401 2598 per
1421 2555 1494 2584 or-

159 2628 166 2643 ¹
187 2630 206 2653 2
228 2624 351 2662 C01·.v‚
374 2632 423 2663 ¹9·
447 2638 484 2645 -v
504 2629 516 2644 2
532 2624 707 2663 Joan.x1v‚
730 2633 776 2654 ιο.
796 2640 834 2645 —-
859 2621 870 2646 3
891 2621 1255 2663 1sa1.t111‚1.—4Luc.
1277 2634 1334 2664 xv,
1359 2623 1416 2666 24,
1435 2625 1489 2657 25.
