1819 3301
357 248 438 286 146
786 260 818 286 S.
859 261 1085 288 AUGUSTINI
1121 263 1300 287 EPISCOPl

351 342 370 365 »
405 324 452 367 in
483 339 571 384 quo
608 323 809 368 salietur¹
828 327 846 368 P
867 343 886 365 »
913 323 958 367 id
981 333 1044 369 est
1063 358 1074 378 ‚
1106 325 1140 367 si
1169 340 1244 369 vos
1270 339 1347 383 per
1369 339 1478 384 quos
1499 326 1736 370 condiendi

348 402 448 436 sunt
476 393 667 453 quodam
698 393 829 437 modo
854 393 1023 451 populi,
1049 402 1170 437 metu
1191 395 1541 452 persecutionum
1564 404 1736 454 tempo-

347 463 504 508 ralium
527 463 753 507 amiseritis
784 478 914 520 regna
936 463 1176 522 coelorum3
1197 466 1272 525 qui
1293 475 1421 509 erunt
1442 466 1638 510 homines
1660 481 1736 525 per

347 550 456 594 quos
479 551 501 578 a
518 534 640 577 vobis
657 549 776 577 error
798 533 1023 577 auferatur
1038 568 1049 588 ,
1070 549 1172 578 cum
1194 550 1269 579 vos
1292 534 1470 593 elegerit
1492 538 1608 579 Deus
1624 569 1636 590 ,
1660 550 1738 594 per

347 620 456 665 quos
478 618 667 647 errorem
687 603 858 646 auferat
871 612 1131 647 caeterorum
1151 606 1167 645 ἱ)
1191 607 1307 662 Ergo
1327 623 1346 645 «
1374 604 1441 647 Ad
1463 604 1648 648 nihilum
1670 620 1737 649 va-

350 692 369 714 »
404 674 465 716 let
495 673 555 716 sal
589 672 850 716 infatuatum
869 707 880 728 ,
923 673 1004 716 nisi
1042 682 1092 716 ut
1120 674 1318 717 mittatur
1347 671 1486 728 foras,
1525 684 1567 718 et
1597 673 1737 718 calce-

350 761 369 783 »
406 751 477 786 tur
492 743 546 786 ab
570 742 836 786 hominibus.
863 760 881 782 »
910 744 1008 787 Non
1030 743 1176 801 itaque
1200 741 1392 786 calcatur
1413 743 1468 786 ab
1486 743 1735 788 hominibus

347 813 423 872 qui
441 813 604 872 patitur
618 813 980 871 persecutionem,
998 811 1072 855 sed
1088 812 1165 871 qui
1180 812 1523 870 persecutionem
1542 813 1737 858 timendo

346 883 601 928 infatuatur,
624 881 791 927 Calcari
812 882 928 924 enim
950 897 1040 924 non
1066 891 1206 940 potest
1227 882 1306 925 nisi
1331 881 1509 926 inferior
1534 902 1543 927 z
1569 883 1645 926 sed
1665 883 1733 926 in-

346 953 476 997 ferior
511 968 597 996 non
624 961 687 995 est
708 952 784 1011 qui
807 951 1004 1010 quamvis
1035 966 1218 1010 corpore
1242 950 1381 995 multa
1403 952 1449 995 in
1471 961 1585 996 terra
1600 953 1731 996 susti·-

347 1033 446 1067 neat
464 1058 474 1077 ‚
500 1024 630 1066 corde
652 1033 797 1066 tamen
821 1023 930 1065 fixus
952 1022 996 1064 in
1018 1021 1132 1065 coelo
1156 1031 1233 1066 est.

404 1096 544 1137 XVII.
575 1112 594 1134 «
626 1096 711 1136 Vos
734 1093 831 1135 estis
858 1092 1008 1135 lumen
1034 1091 1201 1135 mundi.
1232 1110 1251 1133 »
1283 1091 1511 1145 Quomodo
1528 1091 1635 1136 dixit
1656 1108 1730 1136 su-

348 1165 489 1223 perius
516 1182 524 1208 ς
556 1183 576 1204 «
599 1163 668 1207 Sal
692 1173 815 1206 terrae
831 1197 842 1217 ,
870 1163 968 1205 »sic
987 1178 1106 1205 nunc
1130 1162 1272 1206 dicit«
1296 1166 1465 1205 Lumen
1485 1162 1682 1206 mundi2.
1706 1182 1726 1203 »

346 1237 454 1278 Nam
479 1248 622 1292 neque
650 1233 844 1290 superius
871 1232 951 1275 ista
974 1241 1088 1275 terra
1110 1231 1358 1289 accipienda
1381 1241 1465 1285 est,
1498 1247 1630 1290 quarn
1655 1247 1735 1292 pe-

345 1303 472 1346 dibus
504 1303 723 1360 corporeis
741 1301 979 1354 calcamus,
1005 1300 1081 1347 sed
1100 1301 1295 1344 homines
1316 1301 1392 1359 qui
1408 1300 1453 1343 in
1475 1309 1588 1344 terra
1610 1301 1737 1345 habi-

348 1383 460 1428 tant,
486 1373 556 1417 vel
577 1374 707 1416 etiam
738 1381 983 1430 peccatores
1004 1406 1015 1425 ,
1041 1386 1229 1430 quorum
1252 1371 1507 1414 condiendis
1528 1381 1571 1414 et
1595 1372 1735 1414 extin-

347 1444 531 1501 guendis
553 1442 783 1501 putoribus
806 1440 1093 1499 apostolicum
1128 1440 1260 1484 salem
1291 1440 1501 1483 Dominus
1524 1440 1656 1484 misit.
1683 1443 1739 1484 Et

347 1514 418 1556 hic
436 1511 652 1555 mundum
670 1508 760 1554 non
781 1510 944 1553 coelum
967 1519 1010 1552 et
1030 1518 1205 1563 terram,
1223 1508 1297 1552 sed
1321 1510 1517 1553 homines
1539 1510 1616 1568 qui
1637 1518 1739 1553 sunt

346 1585 391 1626 in
414 1582 580 1625 mundo
603 1581 672 1625 vel
694 1580 884 1637 diligunt
902 1578 1134 1633 mundum,
1161 1587 1333 1637 oportet
1355 1577 1556 1636 intelligi,
1578 1579 1738 1637 quibus

348 1646 857 1708 illuminandis‘Apostoli
880 1650 995 1692 missi
1011 1658 1126 1692 sunt.
1159 1668 1178 1690 «
1193 1651 1290 1694 Non
1306 1657 1449 1707 potest
1467 1649 1615 1692 civitas
1637 1649 1738 1692 abs-

354 1744 372 1765 »
408 1723 536 1768 condi
558 1737 685 1781 super
715 1730 906 1764 montem
930 1721 1166 1763 constituta
1189 1739 1198 1764 z
1227 1738 1246 1760 »
1272 1718 1316 1762 id
1337 1728 1401 1762 est
1417 1753 1428 1770 ‚
1452 1717 1636 1761 fundata
1663 1733 1738 1761 su-

350 1811 425 1854 per
446 1794 661 1851 insignem
680 1790 1211 1848 inagnamtpiejustitiam„
1230 1805 1362 1848 quam
1385 1788 1597 1845 significat
1608 1788 1738 1831 etiam

351 1867 441 1925 ipse
463 1879 586 1907 mons
608 1864 653 1905 in
676 1877 764 1920 quo
799 1860 992 1919 disputat
1016 1860 1238 1903 Dominus.
1276 1878 1295 1900 «
1321 1862 1471 1917 Neque
1493 1857 1738 1901 accendunt

355 1954 374 1975 »
410 1934 648 1985 lucernam⁷
664 1941 706 1973 et
725 1939 895 1988 ponunt
912 1944 1006 1971 eam
1024 1929 1104 1971 sub
1124 1928 1270 1971 modio
1286 1929 1347 1970 3.»
1375 1926 1487 1979 Quid
1508 1928 1738 1984 putamus?

353 2007 410 2049 ita
432 2019 520 2047 esse
545 2002 710 2046 dictum
740 2020 757 2040 «
787 2000 876 2043 Sub
904 2000 1050 2043 modio
1068 2033 1078 2053 ‚
1106 2017 1126 2039 »
1155 2008 1203 2041 ut
1226 1998 1459 2055 occultatio
1478 2006 1646 2040 tantum
1665 1996 1737 2040 lu-

352 2090 492 2118 cernae
512 2070 758 2129 accipienda
780 2070 834 2112 sit
849 2103 859 2121 ,
886 2079 1092 2126 tanquam
1112 2068 1145 2110 si
1169 2068 1332 2110 diceret
1352 2085 1360 2109 ε
1385 2069 1522 2110 Nemo
1541 2065 1737 2108 accendit

352 2146 572 2188 lucernam
589 2177 599 2195 ‚
624 2151 667 2184 et
684 2139 873 2183 occultat
890 2139 1038 2181 illam?
1060 2153 1114 2181 an
1136 2136 1301 2196 aliquid
1320 2137 1450 2178 etiam
1468 2135 1638 2178 modius
1652 2136 1738 2193 sig-

353 2215 499 2258 nificat
514 2249 523 2265 ,
545 2221 594 2255 ut
618 2212 701 2254 hoc
720 2211 773 2253 sit
799 2223 959 2267 ponere
975 2207 1197 2251 lucernam
1226 2206 1307 2249 sub
1323 2203 1491 2257 modio,
1517 2206 1735 2262 superiora

353 2283 493 2327 facere
513 2280 702 2338 corporis
718 2276 945 2321 commoda
965 2311 975 2329 ‚
996 2290 1125 2334 quam
1145 2274 1496 2332 praedicationem
1520 2273 1733 2330 veritati33

353 2362 402 2396 ut
434 2351 533 2394 ideo
560 2350 749 2409 quisque
776 2346 999 2390 veritatem
1023 2358 1112 2387 non
1133 2342 1342 2401 praedicet
1358 2377 1368 2395 ‚
1407 2341 1513 2385 dum
1535 2342 1659 2384 timet
1680 2354 1736 2384 ne

353 2421 517 2480 aliquid
549 2420 594 2462 in
624 2419 752 2460 rebus
783 2413 1081 2473 corporalibus
1118 2420 1161 2455 et
1191 2410 1506 2470 temporalibus
1527 2410 1736 2454 molestiae

352 2491 574 2550 patiatur?
595 2490 651 2531 Et
672 2487 784 2530 bene
818 2482 987 2527 modius
1012 2482 1194 2534 dicitur,
1235 2480 1323 2524 sive
1345 2489 1522 2539 propter
1546 2478 1736 2523 retribu-

402 2581 409 2595 =
435 2573 553 2604 Mauh.
576 2582 611 2611 v,
635 2570 687 2602 13.
704 2585 745 2591 -
765 2564 943 2605 21bid.14.
972 2581 1011 2587 —
1029 2563 1141 2595 ³1bid.
1163 2562 1200 2594 15
