1819 3301
413 316 550 344 SERMO
584 318 740 345 Doivnm
773 317 817 344 IN
840 309 1026 354 MONTE,
1061 315 1143 342 Lm.
1180 315 1228 341 11.
1413 303 1494 342 265

116 494 184 510 MN!
191 494 255 510 ἏΜ
261 494 325 509 &ux
331 492 603 509 wfflRSWMWWWMM
608 490 809 506 mmm
816 487 1370 506 MWUMNWQRAMMMWWMOESMM
1375 487 1440 503 vm
1445 488 1493 503 ’νΙΛ

629 635 844 685 CAPUT
882 637 1021 682 523st

172 795 327 837 LXXI.
354 795 465 838 Cum
489 793 619 852 igitur
643 801 908 852 praeceptum
928 800 1051 846 esset,
1077 806 1131 834 ne
1149 799 1345 835 sanctum
1369 790 1497 835 detur

112 865 314 919 canibus,
335 873 378 909 et
399 865 641 923 margaritae
661 873 761 909 ante
778 879 927 924 porcos
942 864 1184 917 mittantur,
1211 862 1355 921 potuit
1376 861 1495 906 audi-

112 945 179 981 tor
200 951 447 990 occurrere,
474 945 516 979 et
538 935 695 990 dicere,
727 936 923 979 conscius
943 934 1197 993 ignorantiae
1225 943 1355 994 atque
1372 933 1495 977 infir-

110 1006 269 1050 mitatis
292 1022 397 1061 suae,
423 1016 466 1050 et
488 1006 666 1050 audiens
684 1005 860 1065 praecipi
881 1004 963 1049 sibi
983 1020 1038 1048 ne
1060 1004 1197 1060 daret,
1219 1003 1339 1065 quod
1362 1019 1405 1048 se
1427 1004 1495 1063 ip-

109 1092 205 1120 sum
229 1076 426 1121 nondum
448 1077 659 1137 accepisse
681 1077 894 1121 sentiebat
919 1096 926 1121 :
950 1076 1098 1135 potuit
1117 1091 1217 1134 ergo
1244 1090 1491 1128 occurrere,

110 1163 159 1192 ac
181 1148 321 1191 dicere
348 1167 356 1192 ;
383 1147 512 1201 Quod
534 1157 731 1191 sanctum
754 1163 823 1191 me
840 1147 942 1191 dare
964 1147 1167 1201 canibus,
1189 1156 1231 1191 et
1253 1162 1359 1207 quas
1379 1162 1493 1190 mar-

109 1221 265 1277 garitas
291 1234 360 1261 me
386 1219 556 1262 mittere
590 1227 689 1262 ante
711 1233 863 1277 porcos
886 1226 1003 1262 vetas
1021 1252 1031 1272 ,
1062 1233 1160 1262 eum
1183 1217 1327 1261 adhuc
1349 1233 1396 1261 ea
1427 1233 1495 1262 me

107 1289 267 1332 habere
304 1304 393 1332 non
428 1288 628 1333 videam?
662 1288 1021 1348 opportunissime
1055 1289 1268 1348 subjecit,
1310 1287 1490 1333 dicens:

113 1378 131 1401 «
166 1359 325 1413 Petite,
352 1368 395 1402 et
416 1358 593 1402 dabitur
614 1358 766 1416 vobis,
798 1359 1006 1419 quaerite,
1040 1368 1083 1403 et
1110 1360 1362 1416 invenietis,
1392 1359 1493 1419 pul-

110 1448 129 1471 »
165 1438 270 1484 sate,
287 1438 328 1473 et
342 1430 557 1488 aperietur
572 1429 708 1473 vobis.
727 1429 877 1473 Omnis
891 1430 1006 1473 enim
1023 1430 1098 1490 qui
1114 1431 1241 1489 petit,
1258 1431 1428 1490 accipit,
1451 1439 1493 1474 et

107 1519 126 1542 n
160 1502 236 1560 qui
259 1501 415 1560 quaerit
438 1501 618 1555 invenit,
639 1509 681 1544 et
705 1500 886 1558 pulsanti
904 1501 1160 1560 aperietur¹.
1185 1521 1202 1542 »
1221 1503 1376 1546 Petitio
1398 1517 1492 1562 per-

105 1572 215 1616 tinet
237 1571 292 1615 ad
312 1571 627 1630 impetrandam
651 1572 878 1616 sanitatem
903 1573 1239 1633 firmitatemque
1262 1573 1419 1628 animi,
1442 1582 1491 1617 ut

104 1658 152 1687 ea
176 1660 274 1703 quae
296 1643 627 1702 prfeeipiuntui·,
653 1643 833 1702 implere
856 1644 1009 1702 possim
1019 1661 1088 1702 us3
1107 1645 1327 1704 inquisitio
1345 1654 1490 1688 autem

103 1713 158 1757 ad
180 1712 484 1757 inveniendam
514 1714 753 1756 veritatem.
790 1716 900 1758 Cum
925 1715 1037 1757 enim
1062 1717 1186 1759 beata
1210 1716 1295 1759 vita
1320 1715 1489 1759 actione

102 1793 144 1827 et
167 1783 415 1842 cognitione
442 1783 712 1841 compleatur
730 1818 740 1837 ,
766 1788 878 1828 actio
903 1784 1151 1829 facultatem
1175 1786 1359 1840 virium,
1385 1802 1489 1830 eon-

101 1855 328 1914 templatio
351 1852 746 1897 manifestationem
768 1870 911 1897 rerum
944 1854 1188 1912 desiderat,
1211 1856 1367 1899 horum
1387 1872 1487 1914 ergo

49 1951 57 1956 =
99 1926 289 1985 primum
315 1924 549 1984 petendum
571 1959 580 1979 ,
606 1924 844 1968 seeundum
869 1925 1154 1984 quaerendum
1178 1934 1266 1981 est,
1295 1935 1342 1970 ut
1377 1926 1486 1972 illud

100 1996 243 2051 detur,
269 1996 352 2040 hoc
375 1997 646 2053 inveniatur,
671 1996 746 2039 sed
768 1997 955 2054 cognitio
973 1996 1018 2038 in
1040 1997 1120 2040 hac
1138 1997 1249 2052 vita,
1270 1997 1349 2041 vise
1368 1998 1484 2057 prius

98 2082 229 2126 quam
262 2067 392 2126 ipsius
426 2066 701 2126 possessionis
736 2076 798 2111 est
835 2086 844 2111 :
886 2065 962 2110 sed
992 2082 1091 2110 cum
1122 2067 1306 2127 quisque
1339 2083 1482 2112 veram

96 2137 211 2180 viam
243 2137 477 2191 invenerit,
516 2137 740 2197 perveniet
771 2137 825 2181 ad
855 2137 989 2197 ipsam
1018 2138 1351 2197 possessionem,
1384 2155 1483 2200 quae

97 2216 243 2251 tamen
265 2206 455 2265 pulsanti
477 2209 682 2267 aperitur.

155 2279 334 2320 LXXII.
364 2280 419 2321 Ut
441 2293 542 2336 ergo
565 2279 644 2322 tria
676 2279 754 2323 ista
773 2314 783 2333 ,
820 2279 865 2322 id
894 2287 988 2333 est,
1015 2279 1192 2338 petitio,
1228 2280 1475 2341 inquisitio,

94 2347 304 2407 pulsatio,
331 2347 555 2392 manifesta
582 2350 712 2404 fiant,
740 2350 819 2394 sub
840 2349 987 2410 aliquo
1020 2351 1216 2411 exemplo
1238 2367 1475 2412 ponamus,

94 2417 284 2476 aliquem
302 2418 482 2462 infirmis
501 2419 683 2478 pedibus
703 2419 929 2464 ambulare
952 2436 1039 2465 non
1058 2437 1181 2480 posse
1209 2442 1217 2467 ε
1241 2423 1358 2482 prius
1376 2439 1478 2482 ergo

93 2486 310 2531 sanandus
338 2496 380 2531 et
402 2489 639 2534 firmandus
672 2499 736 2534 est
771 2489 825 2533 ad
860 2490 1203 2548 ambulandum,
1241 2501 1284 2536 et
1316 2492 1477 2539 adhoc

92 2557 295 2616 pertinet,
320 2558 438 2617 quod
457 2557 565 2605 dixit
588 2579 597 2604 ;
622 2560 809 2606 «Petite.
832 2561 984 2614 »Quid
1002 2571 1146 2607 autem
1163 2562 1339 2622 prodest
1355 2564 1476 2625 quod

143 2655 151 2671 ¹
171 2652 285 2686 Matth.
306 2664 362 2696 vu,
381 2654 412 2687 8.
