1819 3301
334 274 417 312 230
769 287 799 312 s.
838 285 1064 313 Atouscrmi
1102 286 1281 315 zmscom

328 365 501 394 necesse
523 358 586 393 est
604 350 702 407 igne
725 350 976 403 examinari,
1004 365 1092 392 non
1115 359 1208 393 oret
1229 359 1278 394 ut
1298 350 1398 409 igne
1424 365 1513 395 non
1541 351 1715 395 contin-

331 431 475 480 gatur,
501 419 575 464 sed
596 429 643 463 ut
670 436 756 463 non
776 429 994 463 exuratur.
1024 422 1132 464 Vasa
1154 422 1271 465 enim
1294 420 1416 480 figuli
1439 421 1595 480 probat
1621 420 1713 466 sor—

330 508 429 546 nax,
447 502 488 534 et
511 491 705 533 homines
717 491 856 548 justos
879 490 1060 533 tentatio
1082 491 1412 535 tribulationis¹.
1434 492 1595 552 Josepb
1612 507 1715 550 ergo

329 571 519 606 tentatus
541 569 602 603 est
627 559 827 603 illecebra
846 560 1007 619 stupri,
1034 560 1109 605 sed
1132 577 1220 605 non
1243 571 1306 605 est
1336 562 1482 605 illatus
1504 562 1549 605 in
1573 572 1716 606 tenta-

329 634 521 677 nont-1112
543 650 552 674 ι
580 633 774 674 Susanna
796 634 958 674 tentata
981 640 1071 685 est,
1093 647 1173 675 nec
1194 632 1283 691 ipsa
1306 631 1485 676 inducta
1506 632 1575 676 vel
1599 631 1718 676 illata

328 704 372 746 in
391 701 674 744 tentationem
693 704 737 758 ὃς
760 701 976 761 multique
996 701 1067 745 alii
1092 703 1322 762 utriusque
1349 717 1472 746 sexus
1499 722 1508 747 :
1534 702 1609 747 sed
1632 703 1716 747 Job

326 773 512 816 maxime
543 772 666 831 cujus
694 770 995 815 admirabilem
1032 770 1312 816 stabilitatem
1346 773 1390 815 in
1421 775 1509 817 Deo
1532 773 1718 818 Domino

327 860 431 898 suo,
467 858 566 886 cum
593 842 656 885 illi
684 842 874 886 haeretici
910 843 1054 887 hostes
1078 843 1244 887 Veteris
1269 844 1532 887 Testamenti
1557 859 1632 888 ore
1655 859 1720 888 sa-

327 914 488 972 crilego
522 912 699 956 irridere
734 912 974 968 voluerint,
1016 912 1126 957 illud
1161 929 1251 972 prae
1276 913 1441 958 caeteris
1475 914 1689 958 ventilant
1704 950 1715 970 ,

329 985 449 1045 quod
468 988 643 1027 Satanas
666 983 840 1042 petierit
854 999 956 1027 eum
979 986 1240 1028 tentandum
1255 985 1286 1027 4.
1307 988 1518 1038 Quaerunt
1534 985 1649 1029 enim
1663 985 1719 1029 ab

328 1056 537 1115 imperitis
563 1055 814 1099 hominibus
843 1054 944 1099 talia
972 1055 1214 1114 intelligere
1237 1070 1516 1115 nequaquam
1533 1055 1721 1101 valenti-

330 1128 412 1172 bus
428 1162 441 1180 ,
466 1125 690 1186 quomodo
715 1129 891 1171 Satanas
922 1142 1023 1170 cum
1046 1129 1135 1171 Deo
1161 1126 1283 1186 loqui
1303 1128 1526 1186 potuerit:
1552 1127 1722 1172 nonin-

332 1206 504 1242 tuentes
521 1232 531 1251 ,
564 1200 580 1253 (
595 1213 683 1240 non
712 1197 829 1240 enim
860 1205 1060 1256 possunt,
1085 1211 1185 1240 cum
1216 1197 1522 1256 superstitione
1545 1206 1588 1242 et
1615 1213 1722 1242 con-

333 1268 527 1313 tentione
542 1267 691 1311 caecati
703 1267 802 1322 sint,
818 1269 985 1324 >Deum
998 1282 1086 1311 non
1101 1266 1184 1311 loci
1201 1268 1389 1327 spatium
1403 1267 1517 1312 mole
1531 1269 1722 1328 corporis

334 1352 574 1397 occupare,
605 1346 648 1381 et
675 1337 735 1381 sic
769 1337 871 1380 alibi
894 1352 1007 1391 esse,
1039 1336 1142 1381 alibi
1165 1353 1255 1381 non
1278 1353 1389 1392 esse,
1427 1337 1492 1382 vel
1516 1347 1633 1382 certe
1654 1339 1724 1382 hic

331 1409 494 1453 habere
513 1416 679 1466 partem
704 1406 831 1451 aliam
858 1416 900 1451 et
922 1406 1024 1450 alibi
1046 1406 1172 1451 aliam
1190 1428 1202 1466 3
1221 1407 1297 1452 sed
1315 1409 1536 1468 majestate
1557 1408 1724 1468 ubique

333 1488 494 1539 praesto
510 1494 615 1533 esse,
632 1494 718 1522 non
737 1493 814 1537 per
826 1487 968 1537 partes
982 1478 1184 1534 divisum,
1199 1478 1275 1523 sed
1286 1479 1451 1539 ubique
1462 1480 1720 1539 perfectum.

338 1551 465 1604 Quod
489 1550 520 1593 si
539 1549 770 1593 carnaliter
807 1550 1036 1593 intuentur
1063 1549 1183 1609 quod
1205 1549 1369 1593 dictum
1392 1559 1456 1593 est
1480 1569 1488 1594 ε
1513 1568 1532 1592 «
1551 1549 1724 1596 Coelum

339 1639 359 1661 »
377 1620 483 1663 mihi
496 1620 680 1663 thronus
702 1629 780 1674 est,
801 1628 842 1663 et
857 1629 970 1663 terra
983 1618 1222 1663 scabellum
1240 1619 1402 1678 pedum
1421 1635 1618 1664 meorum
1635 1622 1650 1646 ⁵
1668 1639 1677 1664 ε
1701 1638 1721 1661 »

337 1692 408 1736 cui
425 1691 523 1735 loco
540 1701 582 1735 et
597 1691 806 1735 Dominus
827 1700 1050 1734 attestatur
1067 1690 1236 1735 dicens:
1252 1693 1383 1735 «Non
1396 1692 1566 1751 juretis,
1583 1706 1726 1751 neque

340 1781 361 1805 »
396 1778 474 1822 per
493 1761 655 1806 coelum
675 1797 685 1815 ‚
711 1762 811 1821 quia
834 1762 1018 1805 thronus
1041 1761 1117 1805 Dei
1147 1771 1234 1818 est,
1269 1777 1412 1821 neque
1443 1777 1520 1821 per
1541 1771 1723 1816 terram,

341 1852 362 1875 »
397 1834 498 1892 quia
521 1832 759 1876 scabellum
793 1841 855 1875 est
883 1831 1047 1891 pedum
1080 1832 1199 1891 ejus⁰
1223 1851 1231 1876 ε
1261 1849 1281 1872 »
1306 1832 1414 1891 quid
1443 1833 1603 1876 mirum
1626 1833 1661 1876 si
1682 1832 1727 1875 in

337 1912 451 1948 terra
469 1902 668 1946 diabolus
691 1902 967 1953 constitutus,
994 1910 1094 1944 ante
1109 1902 1239 1959 pedes
1262 1903 1337 1944 Dei
1360 1902 1492 1956 stetit,
1519 1911 1563 1945 et
1581 1917 1727 1946 coram

339 1973 415 2017 illo
439 1972 604 2032 aliquid
626 1972 799 2016 locutus
824 1973 920 2015 cst?
950 1974 1059 2016 Nam
1089 1971 1266 2031 quando
1298 1971 1361 2015 illi
1394 1972 1543 2016 valent
1569 1971 1729 2017 intelli-

343 2059 463 2102 gere,
486 2042 650 2086 nullam
671 2057 760 2085 esse
777 2043 963 2085 animam
983 2076 994 2095 ‚
1020 2041 1218 2100 quamvis
1241 2057 1484 2100 perversam
1505 2077 1515 2096 ,
1541 2058 1641 2102 quae
1659 2051 1728 2086 ta-

343 2129 443 2157 men
474 2112 565 2156 ullo
594 2112 725 2156 modo
759 2112 1000 2155 ratiocinari
1031 2121 1195 2170 potest,
1228 2113 1272 2154 in
1308 2113 1430 2171 cujus
1465 2112 1728 2157 conscientia

343 2200 433 2228 non
450 2184 822 2243 loquaturDeus?
839 2183 944 2235 Quis
966 2183 1080 2226 enim
1104 2183 1272 2240 scripsit
1293 2183 1337 2227 in
1363 2182 1569 2227 cordibus
1587 2184 1730 2228 homi-

343 2269 451 2298 num
468 2252 710 2297 naturalem
740 2252 894 2309 legem,
919 2252 999 2295 nisi
1024 2254 1167 2295 Deus?
1187 2255 1249 2295 De
1271 2268 1357 2312 qua
1380 2252 1474 2309 lege
1496 2253 1729 2312 Apostolus

343 2324 431 2367 ait:
461 2343 480 2365 «
506 2326 616 2367 Cum
646 2323 760 2365 enim
784 2330 929 2379 gentes
963 2337 1061 2380 quae
1083 2320 1221 2380 legem
1258 2338 1347 2366 non
1374 2323 1566 2374 habent,
1600 2332 1729 2368 natu-

344 2411 365 2433 »
402 2392 548 2436 raliter
569 2408 667 2452 quae
688 2392 793 2449 legis
816 2400 917 2434 sunt
940 2390 1106 2434 faciunt
1123 2425 1133 2443 ‚
1157 2391 1201 2434 hi
1230 2391 1369 2448 legem
1397 2407 1486 2436 non
1518 2393 1728 2436 habentes

343 2479 365 2502 »
399 2462 479 2519 ipsi
504 2462 585 2505 sibi
612 2470 714 2505 sunt
741 2460 834 2514 lex,
871 2461 946 2520 qui
978 2460 1214 2504 ostendunt
1247 2476 1356 2519 opus
1384 2461 1491 2520 legis
1513 2463 1725 2521 scriptum

390 2562 397 2576 ¹
420 2557 516 2587 liceli.
538 2567 635 2596 xxvii,
653 2559 684 2588 6.
707 2572 747 2578 —
768 2562 779 2578 ²
806 2557 885 2587 Gen.
906 2566 1016 2595 xxxix,
1038 2566 1069 2595 7.
1089 2572 1130 2578 —-
1152 2553 1259 2587 3Dan.
1284 2566 1352 2597 xm,
1373 2565 1427 2589 20.
1453 2573 1495 2579 -—·
1520 2555 1623 2589 liJob.
1646 2568 1669 2597 1,
1692 2568 1722 2589 ι.

344 2627 385 2633 -—
401 2609 414 2633 5
433 2612 503 2642 lsai.
524 2622 606 2651 vai,
630 2608 749 2652 ¹·..-⁴⁶
768 2610 888 2641 Matth.
916 2621 950 2647 v,
970 2608 1025 2650 34,
1046 2610 1099 2641 35.
