1819 3301
399 245 443 270 m
475 243 651 271 soumis
683 242 965 273 EvANGELmM
987 261 998 281 ,
1034 245 1179 272 narem.
1218 249 1275 273 iv.
1454 235 1534 275 437

155 309 282 368 gelio.
312 310 441 353 Venit
459 312 581 353 Jesus
602 331 613 367 3
637 319 679 353 et
698 309 804 369 quid
822 309 928 354 dicit
943 309 1038 354 ille?
1068 330 1086 352 «
1106 314 1218 355 Ecce
1236 315 1384 370 Agnus
1397 315 1488 357 Dei.
1516 333 1536 355 η

156 380 197 424 Si
220 395 356 438 agnus
374 380 597 435 innocens,
618 389 660 424 et
677 383 865 424 Joannes
883 395 1031 438 agnus.
1065 384 1224 425 Annon
1247 392 1289 425 et
1307 383 1395 437 ipse
1413 384 1541 428 inno-

152 451 280 493 cens?
305 448 389 493 Sed
415 450 510 508 quis
534 450 773 494 innocens?
798 460 1013 510 quantum
1036 451 1272 496 innocens?
1299 454 1459 496 Omnes
1488 470 1539 498 ex

151 518 225 562 illa
247 520 426 561 traduce
458 518 642 562 veniunt
664 528 707 562 et
728 535 777 562 ex
798 519 872 563 illa
903 521 1165 579 propagine,
1199 521 1253 565 de
1283 537 1368 582 qua
1391 532 1540 567 cantat

153 604 327 649 gemens
363 588 527 644 David,
564 609 583 630 «
619 591 714 648 Ego
742 590 786 632 in
816 590 1043 649 iniquitate
1078 601 1312 651 conceptus
1342 608 1465 648 sum,
1495 602 1539 637 et

154 677 174 700 »
210 659 254 702 in
277 659 463 718 peccatis
483 668 618 703 mater
640 675 734 703 mea
752 660 796 703 in
820 669 945 704 utero
963 676 1031 704 me
1055 660 1162 705 aluit
1185 664 1215 706 ¹.
1245 681 1264 703 »
1293 661 1417 707 Solus
1435 678 1538 721 ergo

150 727 224 771 ille
261 731 433 786 Agnus,
464 729 540 788 qui
572 744 661 773 non
690 729 748 773 sic
781 729 914 773 venit.
954 732 1051 775 Non
1079 731 1195 774 enim
1229 731 1274 775 in
1306 732 1537 792 iniquitate

151 809 386 859 conceptus
405 808 490 856 est,
511 800 611 860 quia
635 816 723 844 non
745 799 799 845 de
813 800 1073 845 mortalitate
1096 811 1330 861 conceptus
1346 812 1435 860 est,
1456 818 1536 847 nec

150 884 249 913 eum
269 869 313 912 in
336 870 520 928 peccatis
537 879 672 913 mater
685 871 775 929 ejus
796 870 841 913 in
863 880 988 914 utero
1011 870 1132 926 aluit,
1148 886 1279 931 quem
1295 872 1416 930 virgo
1431 888 1537 917 con-

150 939 278 998 cepit,
304 939 423 995 virgo
447 939 635 997 peperit,
660 940 760 999 quia
783 938 869 983 fide
891 941 1113 999 concepit,
1146 950 1188 984 et
1210 940 1295 984 fide
1327 942 1530 1000 suscepit.

150 1013 263 1067 Ergo
299 1028 319 1050 «
352 1012 463 1053 Ecce
481 1012 652 1067 Agnus»
690 1009 781 1053 Dei.
807 1028 826 1051 η
861 1013 958 1055 Non
980 1011 1112 1053 habet
1135 1011 1213 1055 iste
1236 1011 1459 1055 traducem
1482 1011 1536 1056 de

149 1079 289 1124 Adam
316 1099 323 1124 :
350 1095 521 1123 carnem
541 1089 714 1124 tantum
736 1081 918 1139 sumpsit
939 1080 992 1124 de
1011 1080 1147 1124 Adam
1164 1117 1174 1136 ‚
1199 1091 1424 1140 peccatum
1444 1098 1534 1127 non

149 1151 390 1210 assumpsit.
420 1151 503 1203 Qui
528 1167 616 1195 non
639 1151 867 1210 assumpsit
890 1151 944 1194 de
965 1160 1111 1195 nostra
1134 1168 1269 1195 massa
1286 1162 1531 1211 peccatum,

148 1223 237 1282 ipse
269 1231 332 1266 est
364 1222 439 1281 qui
464 1222 576 1265 tollit
594 1232 790 1266 nostrum
815 1231 1059 1281 peccatum.
1087 1242 1106 1264 «
1131 1225 1243 1267 Ecce
1259 1227 1409 1283 Agnus
1427 1226 1532 1282 Dei,

151 1310 171 1333 »
208 1308 307 1337 ecce
323 1293 399 1351 qui
419 1291 531 1335 tollit
552 1302 779 1351 peccatum
797 1292 966 1336 mundi.
995 1310 1016 1333 >›

208 1366 287 1406 XI.
311 1364 451 1407 Nostis
468 1363 568 1422 quia
591 1362 770 1422 quidam
787 1363 983 1406 homines
1000 1362 1152 1407 dicunt
1173 1364 1429 1423 aliquando:
1447 1368 1533 1411 Nos

148 1434 340 1478 tollimus
369 1443 545 1493 peecata
567 1434 839 1488 hominibus,
876 1434 952 1493 qui
981 1435 1117 1478 sancti
1149 1450 1295 1479 sumus
1322 1455 1330 1481 :
1356 1437 1390 1480 si
1419 1438 1534 1481 enim

147 1521 236 1549 non
262 1504 388 1548 fuerit
406 1514 577 1548 sanctus
602 1505 676 1564 qui
698 1505 903 1564 baptizat,
927 1505 1149 1564 quomodo
1171 1505 1283 1550 tollit
1305 1517 1530 1566 peccatum

147 1576 320 1620 alterius
335 1610 346 1631 ‚
377 1591 476 1619 cuni
498 1576 551 1619 sit
572 1577 704 1619 homo
728 1576 816 1634 ipse
834 1575 988 1635 plenus
1011 1579 1219 1635 peccato?
1250 1579 1411 1622 Contra
1433 1579 1533 1625 istas

147 1645 458 1704 disputationes
480 1646 613 1690 verba
637 1655 782 1690 nostra
806 1662 894 1689 non
914 1646 1106 1690 dicamus
1123 1682 1133 1701 ,
1159 1648 1277 1691 hunc
1298 1648 1492 1708 legamus
1519 1671 1528 1696 :

151 1735 170 1758 «
206 1719 318 1760 Ecce
356 1719 504 1774 Agnus
541 1716 637 1770 Dei,
675 1730 772 1759 ecce
806 1716 881 1775 qui
910 1714 1022 1759 tollit
1054 1726 1279 1775 peccatum
1309 1719 1478 1763 mundi.
1507 1740 1527 1763 »

147 1789 245 1831 Non
271 1786 324 1829 sit
346 1785 626 1844 praesumptio
644 1786 893 1829 hominibus
912 1786 957 1828 in
974 1786 1170 1830 homines
1196 1806 1205 1831 ι
1231 1803 1320 1831 non
1337 1790 1534 1833 transmi-

149 1865 242 1914 gret
270 1871 412 1914 passer
441 1856 486 1898 in
516 1865 684 1899 montes
702 1890 712 1910 ‚
742 1856 787 1898 in
810 1856 995 1899 Domino
1023 1855 1268 1914 confidam,
1295 1867 1338 1901 et
1358 1859 1393 1902 si
1420 1859 1534 1906 levat

148 1926 297 1970 oculos
313 1927 354 1968 in
374 1935 557 1978 montes,
582 1927 699 1969 unde
717 1926 859 1969 veniet
882 1925 1091 1969 auxilium
1109 1926 1147 1968 ei
1161 1927 1191 1980 ³,
1210 1926 1420 1985 intelligat
1433 1930 1534 1989 quia

148 1996 354 2040 auxilium
390 1997 480 2055 ejus
525 2012 547 2038 a
583 1996 789 2049 Domino,
826 1995 902 2055 qui
937 1993 1040 2039 fecit
1077 1995 1239 2040 coelum
1275 2006 1318 2041 et
1356 2007 1529 2044 terram.

150 2070 298 2110 Tantae
326 2065 592 2109 excellentiae
621 2068 834 2119 JoanneS,
866 2064 1026 2108 dicitur
1047 2065 1084 2108 ei
1112 2084 1120 2108 :
1152 2068 1217 2109 Tu
1239 2081 1282 2110 es
1311 2068 1534 2114 Christus?

149 2136 274 2190 dicit,
293 2139 402 2180 Non.
432 2139 497 2179 Tu
515 2152 557 2179 es
573 2135 711 2178 Elias?
729 2135 850 2191 dicit,
873 2126 985 2179 Non.
1010 2138 1073 2178 Tu
1089 2151 1132 2179 es
1150 2138 1365 2195 Propheta
1379 2140 1397 2182 Ρ
1409 2140 1529 2197 dicit,

147 2210 259 2252 Non.
288 2209 430 2259 Quare
453 2222 554 2265 ergo
578 2206 797 2265 baptizas?
834 2225 853 2248 «
889 2209 1001 2250 Ecce
1026 2209 1177 2264 Agnus
1199 2208 1299 2262 Dei,
1332 2224 1431 2253 ecce
1456 2212 1532 2271 qui

152 2296 172 2319 »
210 2277 323 2321 tollit
344 2286 572 2336 peccatum
601 2276 754 2320 mundi
787 2276 887 2321 :hic
909 2286 972 2320 est
999 2277 1053 2319 de
1076 2292 1164 2336 quo
1194 2277 1306 2334 dixi,
1334 2283 1433 2324 Post
1462 2297 1532 2325 me

153 2366 173 2389 »
209 2348 327 2391 venit
349 2348 414 2391 vir
435 2348 513 2407 qui
535 2357 634 2391 ante
655 2362 724 2391 me
750 2347 890 2391 factus
913 2355 997 2400 est,
1024 2346 1124 2406 quia
1146 2348 1263 2406 prior
1295 2364 1364 2393 me
1386 2360 1477 2395 erat
1500 2352 1531 2396 4.

154 2436 174 2459 »
211 2421 313 2461 Post
336 2433 404 2461 me
427 2418 545 2461 venit
561 2453 571 2472 ,
600 2436 619 2459 »
643 2418 745 2477 quia
768 2417 982 2477 posterius
1003 2425 1129 2461 natus
1159 2427 1222 2463 est
1251 2437 1260 2464 z
1285 2438 1305 2461 «
1332 2423 1446 2465 Ante
1468 2438 1538 2467 me

151 2488 290 2532 factus
309 2498 392 2543 est,
414 2507 433 2529 »
453 2489 554 2549 quia
571 2488 774 2548 praelatus
793 2497 855 2531 est
872 2487 978 2531 mihi
995 2506 1003 2532 :
1033 2506 1053 2529 «
1077 2488 1198 2533 Prior
1215 2504 1284 2533 me
1303 2501 1416 2548 erat,
1438 2493 1541 2552 quia

200 2590 208 2604 ¹
228 2582 306 2614 psal.
327 2594 355 2623 ι,
377 2595 408 2624 7.
430 2600 470 2606 —-·
498 2591 508 2605 ²
528 2583 573 2615 111.
593 2594 623 2623 x,
649 2592 680 2614 ¹2.
703 2599 743 2605 —
760 2581 772 2605 3
793 2582 839 2615 Id.
860 2593 932 2623 cxx,
957 2593 987 2623 1,
1012 2590 1043 2615 2.
1064 2581 1135 2613 -4
1156 2585 1246 2616 Joan.
1269 2596 1294 2625 1,
1313 2588 1369 2627 29,
1392 2586 1445 2621 30.
