1819 3301
337 299 623 335 QUAEsTmNUM
655 298 1018 338 EVANGELIORUM,
1053 300 1135 327 mn.
1171 301 1219 328 11.
1388 290 1471 330 325

567 456 802 504 QUAEsrlo
835 458 991 497 xxvn.

155 590 281 641 Qnon
310 587 519 632 Dominus
541 586 647 631 dicit
666 606 675 632 :
697 584 717 629 i<
736 589 848 632 Cum
866 588 1056 633 videritis
1079 588 1243 632 nubem
1265 588 1477 633 orientem

98 676 118 699 »
154 658 208 701 ab
237 659 403 702 Occasu
421 659 434 683 1
448 693 458 712 ,
485 676 504 698 »
531 672 705 701 carnem
728 672 850 701 suam
873 673 896 701 a
918 667 1056 702 morte
1078 667 1371 716 resurgentem
1390 659 1476 717 sig-

95 728 243 772 nificat
269 747 277 772 ε
313 744 364 772 ex
396 725 471 772 illo
505 728 619 771 enim
657 728 860 772 omnibus
892 729 1014 772 terris
1045 729 1185 772 imber
1219 729 1476 789 evangelicae

95 798 410 858 praedicationis
444 797 612 842 infusus
640 808 716 842 est.
756 817 776 840 «
807 802 1017 843 Austrum
1048 799 1278 857 flantem²⁷
1319 819 1340 843 »
1377 809 1478 845 ante

95 878 223 913 aestus
237 904 249 926 ‚
275 869 570 914 tribulationes
587 867 769 913 leviores
790 878 890 914 ante
906 870 1140 930 judicium.

567 1019 802 1069 QUAESTlo
833 1021 1007 1060 XXVIII.

153 1152 278 1203 Quon
296 1149 505 1194 Dominus
528 1148 657 1194 dicit:
677 1169 696 1192 «
718 1151 760 1195 Si
783 1151 898 1194 enim
917 1149 1037 1210 quod
1059 1151 1287 1195 minimum
1305 1161 1368 1196 est
1388 1167 1480 1198 non

97 1239 117 1262 »
152 1222 356 1280 potestis³
385 1240 394 1265 :
417 1239 436 1262 »
457 1236 555 1265 cum
576 1222 630 1264 de
652 1221 851 1280 augenda
877 1222 1067 1281 corporis
1094 1230 1255 1266 statura
1277 1222 1441 1269 diceret
1467 1242 1477 1270 :

94 1290 322 1336 minimum
345 1301 409 1336 est
430 1292 546 1336 enirn
567 1292 650 1337 hoc
664 1327 675 1347 ,
701 1291 777 1336 sed
800 1295 889 1337 Deo
910 1327 921 1347 ‚
942 1308 1123 1352 corpora
1144 1294 1327 1353 operari.

594 1441 830 1491 QUAEs'rlo
860 1443 1001 1482 xxlx.

152 1576 185 1617 Ι.
212 1575 323 1618 Cum
350 1574 512 1618 diceret
539 1573 766 1632 Discipulis
786 1609 797 1628 ‚
823 1589 913 1618 non
940 1572 1098 1617 debere
1138 1572 1290 1617 haberi
1323 1572 1479 1619 sollici-

94 1645 289 1689 tudinem
313 1645 366 1688 de
389 1645 512 1699 cibis,
542 1645 601 1688 ait
642 1664 650 1689 :
680 1647 775 1688 «Et
802 1644 937 1688 nolite
958 1645 1005 1687 in
1025 1644 1210 1688 sublime
1232 1644 1424 1690 extolli⁴.
1454 1663 1475 1687 »

93 1716 238 1759 Primo
263 1716 379 1758 enim
396 1716 490 1759 haec
512 1715 567 1758 ad
588 1715 885 1759 necessitatem
909 1714 1177 1774 implendam
1199 1715 1331 1759 homo
1354 1732 1479 1775 quae-

92 1786 148 1830 rit
172 1805 180 1830 2
208 1801 306 1829 cum
336 1794 479 1828 autem
503 1786 596 1828 haec
627 1784 976 1838 abundaverint,
1002 1784 1156 1844 incipit
1185 1793 1228 1829 et
1255 1786 1478 1844 superbire

92 1855 146 1900 de
169 1855 339 1899 talibus.
362 1854 463 1898 Tale
485 1864 548 1898 est
565 1855 647 1898 hoc
661 1871 709 1899 ac
727 1856 757 1898 si
775 1870 818 1898 se
837 1854 1089 1899 vulneratus
1112 1856 1207 1915 quis
1221 1857 1356 1916 jactet
1377 1857 1480 1916 quia

90 1927 224 1970 habet
246 1925 383 1969 multa
405 1925 634 1984 emplastra
650 1926 691 1967 in
715 1925 861 1980 domo,
879 1941 979 1970 cum
1002 1926 1085 1970 hoc
1104 1925 1167 1969 illi
1191 1927 1355 1970 bonum
1371 1936 1480 1972 esset

92 2005 143 2040 ut
181 1995 361 2040 vulnera
399 2011 487 2039 non
523 1996 731 2051 liaberet,
761 2004 804 2039 et
838 2011 893 2039 ne
925 2011 1014 2039 uno
1046 1995 1224 2055 quidem
1267 1996 1483 2056 indigeret

93 2066 339 2125 emplastro.

152 2139 239 2180 11.⁵
258 2139 559 2195 Congruenter
581 2156 598 2177 «
628 2136 928 2196 Hydropicum
947 2136 1161 2180 »animali
1183 2137 1303 2196 quod
1325 2137 1482 2183 cecidit

91 2209 134 2253 in
160 2218 336 2268 puteum
352 2244 366 2263 ,
389 2207 710 2267 comparavit⁰3
734 2209 918 2252 humore
939 2207 1053 2250 enim
1085 2206 1313 2252 laborabat
1338 2228 1347 2253 ε
1373 2210 1484 2254 sicut

92 2289 135 2323 et
156 2279 272 2323 illam
301 2299 320 2321 «
345 2278 570 2323 Mulierem
594 2294 724 2338 quam
744 2277 895 2322 decem
919 2286 962 2321 et
985 2286 1083 2321 octo
1106 2278 1227 2322 annis
1262 2278 1481 2338 alligatam

95 2368 115 2391 υ
151 2350 316 2393 dixerat
332 2351 346 2375 ⁷
363 2384 374 2405 ‚
392 2368 410 2390 »
431 2349 549 2393 etab
572 2348 768 2393 eamdem
793 2348 1040 2407 alligatione
1059 2348 1277 2405 solvebat,
1300 2366 1481 2411 compa-

142 2476 150 2492 ¹
173 2472 249 2502 Luc.
269 2481 324 2509 ιιι,
341 2468 393 2510 54.
413 2485 449 2491 -·
470 2477 482 2491 ²
501 2469 581 2501 Ibid.
606 2469 659 2501 55.
680 2486 722 2492 —-
743 2467 854 2501 31bid.
874 2476 927 2500 20.
948 2485 990 2490 —
1005 2466 1117 2499 41bid.
1139 2476 1192 2510 29.
1209 2485 1250 2491 —
1269 2467 1344 2501 5De
1361 2469 1480 2512 reliqua

94 2531 186 2570 parte
203 2527 300 2567 hujus
321 2525 499 2568 quaestionis
522 2526 598 2558 nihil
616 2526 715 2558 habet
733 2526 830 2568 ipsius
847 2525 959 2557 titulus
978 2527 1008 2556 in
1032 2524 1172 2556 Elencho
1196 2536 1300 2567 supra.
1324 2528 1419 2558 Extat
1431 2532 1482 2559 ta-

95 2593 168 2614 men
198 2582 293 2614 etiam
324 2582 407 2624 apud
430 2582 617 2624 AEugypiuni
633 2607 639 2622 2
669 2593 739 2614 cum
771 2581 866 2613 tilulo
886 2581 1031 2614 auctiore
1047 2581 1095 2612 his
1112 2580 1219 2613 verbis
1233 2605 1242 2623 ,
1257 2588 1289 2612 ec
1305 2580 1346 2614 de
1360 2581 1485 2626 hydro-

94 2639 169 2679 pico
190 2639 246 2672 rel
264 2637 454 2671 demulsero
472 2646 623 2671 curvata.
640 2655 680 2662 —-
694 2636 709 2660 6
724 2640 801 2671 Luc.
821 2648 912 2679 xxw,
932 2637 962 2671 5.
983 2653 1024 2663 -·
1049 2644 1062 2670 7
1080 2637 1128 2670 Id.
1148 2647 1217 2680 xm,
1238 2648 1290 2671 11.
