1819 3301
368 288 505 316 εΕιιΜο
537 286 694 315 nomm
726 286 772 313 m
802 285 976 320 mona-E,
1012 285 1094 312 Lm.
1130 285 1158 310 1.
1368 271 1444 310 151

75 443 1455 466 mmmmmmmmmmmmmmmtmmmm

584 567 799 615 CAPUT
837 570 924 614 IX.

136 703 257 747 XXI.
282 719 302 743 «
327 690 430 744 Dmo
460 699 573 743 enim
603 698 746 752 vobis,
772 698 873 758 quia
896 698 976 741 nisi
996 697 1279 742 abundaverit
1291 698 1456 758 justitia

82 790 103 814 »
137 780 276 816 vestra
299 769 395 829 plus
418 785 548 828 quam
574 769 818 813 Scribarum
841 777 883 811 et
907 769 1219 812 Pharisaeorum
1237 803 1247 822 ‚
1277 783 1366 811 non
1387 768 1457 810 in-

82 861 102 883 »
136 841 305 886 trahitis
321 841 367 883 in
385 854 568 898 regnum
591 839 833 883 coelorum¹
860 858 868 882 ;
895 857 915 879 »
941 837 985 881 id
1003 847 1087 892 est,
1112 838 1190 881 nisi
1213 854 1301 882 non
1319 838 1460 881 solum

79 911 149 956 illa
175 910 352 955 minima
377 910 500 967 Legis
522 918 737 967 praecepta
760 907 1038 966 impleveritis
1051 908 1368 967 quaeinchoant
1387 907 1463 950 ho-

80 981 241 1025 minem
258 1015 269 1034 ‚
295 979 370 1023 sed
388 980 516 1023 etiam
538 979 618 1022 ista
640 994 740 1037 quae
762 994 785 1021 a
809 993 877 1021 me
899 977 1138 1031 adduntur,
1160 978 1236 1037 qui
1253 993 1342 1021 non
1364 978 1463 1021 veni

80 1050 244 1095 solvere
275 1053 461 1106 Legem,
491 1048 566 1091 sed
594 1048 802 1106 implere,
830 1063 918 1092 non
952 1048 1167 1091 intrabitis
1199 1048 1244 1091 in
1282 1062 1463 1105 regnum

83 1119 336 1163 coelorum2.
367 1116 449 1162 Sed
473 1117 578 1160 dicis
607 1117 712 1160 mihi
740 1137 748 1161 :
778 1117 820 1161 Si
842 1116 896 1160 de
924 1117 1007 1160 illis
1041 1117 1255 1161 mandatis
1277 1117 1465 1160 minimis

82 1204 181 1236 cum
197 1188 393 1246 superius
414 1186 690 1246 loqueretur,
717 1186 824 1230 dixit
845 1187 1072 1230 minimum
1097 1187 1242 1231 vocari
1265 1187 1309 1229 in
1332 1201 1464 1243 regno

85 1259 299 1304 coelorum
341 1257 533 1316 quisquis
562 1272 699 1300 unum
732 1272 883 1300 eorum
922 1256 1115 1309 solverit,
1152 1266 1194 1300 et
1225 1255 1465 1300 secundum

84 1344 205 1375 suam
229 1327 489 1373 solutionem
521 1326 746 1383 docuerit3
783 1341 991 1385 magnum
1014 1336 1159 1370 autem
1183 1327 1327 1370 vocari
1348 1327 1467 1384 quis-

83 1398 180 1457 quis
202 1412 248 1440 ea
269 1395 440 1449 fecerit,
460 1405 509 1448 ‘et
529 1396 588 1439 sic
611 1394 808 1439 docuerit
822 1431 832 1450 ‚
854 1404 896 1439 et
919 1411 967 1439 ex
986 1411 1036 1439 eo
1048 1397 1136 1454 jam
1155 1396 1199 1438 in
1222 1410 1352 1452 regno
1374 1410 1460 1438 coe-

84 1467 230 1513 lorum
248 1466 446 1510 futurum
469 1481 557 1509 esse
575 1466 675 1525 quia
698 1480 880 1524 magnus
903 1474 965 1509 est
992 1485 1000 1509 :
1026 1463 1132 1525 quid
1155 1480 1263 1523 opus
1281 1474 1344 1508 est
1366 1464 1467 1508 addi

83 1537 307 1596 praeceptis
336 1535 460 1593 Legis
482 1535 670 1583 minimis
690 1569 701 1588 ,
733 1535 765 1579 si
785 1537 876 1594 jam
910 1535 955 1578 in
988 1550 1120 1592 regno
1152 1535 1366 1578 coelorum
1390 1550 1469 1593 po-

84 1615 166 1650 test
193 1621 282 1649 esse
299 1640 310 1659 ‚
336 1605 438 1664 quia
467 1620 652 1662 magnus
674 1614 738 1648 est
759 1605 954 1663 quisquis
976 1619 1024 1647 ea
1047 1604 1218 1657 fecerit,
1244 1612 1287 1646 et
1309 1604 1367 1647 sic
1390 1604 1470 1648 do-

85 1675 254 1723 cuerit?
274 1679 544 1733 Quapropter
560 1674 619 1717 sic
635 1683 699 1717 est
721 1673 969 1732 accipienda
990 1672 1062 1716 illa
1081 1674 1293 1716 sententia
1311 1692 1319 1716 :
1345 1692 1364 1714 «
1385 1675 1470 1725 Qui

89 1762 109 1785 υ
145 1752 289 1790 autem
311 1742 460 1787 fecerit
479 1751 523 1785 et
539 1742 736 1786 docuerit
752 1743 826 1796 sic,
841 1757 1024 1799 magnus
1036 1741 1261 1785 vocabitur
1273 1742 1318 1784 in
1336 1757 1470 1800 regno

91 1832 111 1855 »
147 1812 360 1858 coelorum
390 1831 398 1856 :
430 1830 449 1852 »
474 1811 521 1855 id
544 1821 607 1854 est
625 1846 636 1865 ‚
671 1827 759 1855 non
787 1811 1029 1855 secundum
1063 1811 1135 1854 illa
1169 1811 1372 1866 minima⁷
1396 1813 1471 1855 sed

87 1883 326 1929 secundum
347 1897 396 1927 ea
411 1897 508 1940 quae
527 1896 608 1938 ego
623 1879 820 1924 dicturus
837 1895 946 1923 sum.
960 1883 1067 1932 Quae
1085 1889 1187 1923 sunt
1204 1888 1349 1923 autem
1367 1881 1472 1924 ista?

89 1954 146 1996 Ut
174 1951 369 1997 abundet
397 1950 586 2009 justitia,
619 1950 784 2008 inquit,
816 1958 954 1993 vestra
989 1964 1118 2008 super
1149 1950 1396 1994 Scribarum
1430 1960 1473 1994 et

90 2022 421 2075 Pharisaeorum,
442 2022 544 2080 quia
560 2020 640 2063 uisi
657 2019 959 2073 abundaverit,
971 2035 1060 2063 non
1077 2020 1290 2064 intrabitis
1311 2021 1357 2063 in
1376 2035 1472 2078 reg-

90 2105 194 2137 num
223 2089 450 2134 coelorum.
479 2092 591 2146 Ergo
613 2089 689 2148 qui
713 2088 888 2133 solverit
908 2089 979 2133 illa
1002 2090 1180 2133 minima
1198 2124 1208 2144 ,
1240 2099 1283 2133 et
1305 2091 1364 2133 sic
1392 2091 1475 2134 do-

91 2158 254 2212 cuerit,
288 2157 493 2200 minimus
514 2158 741 2204 vocabitur
766 2159 876 2217 :qui
905 2168 1049 2201 autem
1080 2158 1228 2201 fecerit
1250 2159 1322 2202 illa
1344 2160 1474 2202 mini-

93 2244 161 2272 ma
179 2263 190 2283 ,
215 2237 258 2271 et
292 2228 349 2271 sic
372 2227 597 2280 docuerit,
636 2242 723 2270 non
759 2230 849 2286 jam
884 2244 1067 2286 magnus
1102 2230 1329 2273 habendus
1351 2239 1414 2273 est
1435 2239 1478 2273 et

94 2298 276 2342 idoneus
309 2313 444 2355 regno
477 2296 720 2354 coelorum3
745 2297 820 2340 sed
852 2306 997 2340 tamen
1032 2313 1119 2342 non
1158 2308 1243 2342 tam
1276 2300 1478 2344 minimus

95 2382 228 2427 quam
244 2367 316 2410 ilie
333 2367 409 2426 qui
433 2365 583 2412 solvit:
601 2375 651 2410 ut
674 2376 820 2410 autem
835 2367 887 2410 sit
910 2383 1093 2425 magnus
1116 2377 1245 2427 atque
1268 2369 1329 2411 illi
1348 2385 1479 2427 regno

96 2448 221 2496 aptus
235 2471 245 2491 ‚
268 2437 407 2479 facere
430 2436 561 2479 debet
578 2445 621 2479 et
642 2435 797 2480 docere
814 2471 824 2490 ‚
851 2437 960 2480 sicut
975 2438 1169 2481 Christus
1192 2455 1309 2482 nunc
1324 2439 1474 2494 docet⁷

98 2507 143 2551 id
172 2516 235 2551 est
251 2541 262 2561 ‚
288 2515 337 2549 ut
368 2506 563 2550 abundet
584 2506 749 2565 justitia
773 2507 863 2564 ejus
884 2521 1013 2565 super
1038 2508 1283 2551 Scribarum
1301 2517 1343 2552 et
1367 2511 1478 2554 Pha-

147 2610 155 2626 ¹
176 2603 296 2635 Matth.
316 2613 348 2643 v,
366 2611 418 2635 20.
440 2619 479 2624 -—
500 2609 511 2624 ²
530 2602 607 2633 Vide
625 2604 766 2634 Reti-act.
794 2602 847 2633 lib.
869 2613 891 2643 ι,
910 2613 982 2644 cap.
1006 2614 1055 2644 ις),
1077 2615 1107 2633 n.
1129 2604 1157 2643 4.
