1819 3301
342 284 628 320 QUAESTIONUM
660 278 1027 321 EVANGELIORUM,
1062 282 1145 310 Lm.
1181 283 1228 309 11.
1382 272 1464 312 313

601 419 836 481 QUAEsTlo
867 432 952 471 vn.

143 568 269 618 Quot)
285 564 389 608 dicit
408 562 616 608 Dominus
638 565 662 606 J
668 562 816 611 udaeis,
832 561 887 606 de
911 577 961 606 eo
983 561 1059 622 qui
1080 560 1274 605 habebat⁴
1287 577 1466 606 manum

84 636 305 680 dexteram
342 633 530 688 aridam,
575 651 594 674 «
629 632 913 690 Interrogabo
939 648 1015 677 vos
1036 667 1045 685 ‚
1084 632 1117 675 si
1151 631 1251 676 licet
1285 633 1466 676 sabbato

86 725 107 748 »
142 707 253 750 bene
276 705 440 759 facere,
467 721 521 748 an
545 703 682 747 male:
708 703 896 746 animam
919 701 1079 747 salvam
1099 701 1237 746 facere
1258 737 1268 757 ‚
1296 719 1350 746 an
1368 719 1467 762 per-

86 796 106 819 »
142 777 310 821 dere1?
331 795 349 817 »
388 776 610 829 Quaeritur
642 790 743 818 cum
776 789 932 833 corpus
964 774 1208 828 curaverit,
1245 790 1379 833 quare
1407 775 1466 819 sic

81 848 435 907 interrogaverit:
467 867 486 889 «
513 847 714 890 Animam
738 845 897 890 salvam
926 844 1067 890 facere
1085 881 1095 899 ‚
1126 861 1181 888 an
1204 845 1416 904 perdere?
1442 864 1462 887 »

82 919 163 963 Vel
186 919 305 979 quod
327 918 400 962 illa
429 917 634 962 miracula
657 925 834 976 propter
857 915 986 959 fidem
1011 914 1225 970 faciebat,
1252 915 1330 958 ubi
1353 915 1467 960 salus

82 999 145 1034 est
178 990 330 1034 animae
353 1009 360 1034 :
385 989 454 1032 vel
479 988 599 1048 quod
633 988 723 1047 ipsa
746 987 910 1031 sanatio
932 1003 1087 1030 manus
1113 986 1322 1041 dexterae,
1348 985 1465 1030 salu-

82 1069 169 1104 tem
193 1061 347 1103 animae
379 1058 677 1118 significabat,
710 1073 809 1117 quae
840 1074 861 1100 a
892 1057 1016 1101 bonis
1045 1058 1247 1116 operibus
1270 1072 1462 1112 cessans,

82 1130 242 1173 aridam
283 1130 473 1189 quodam
509 1127 638 1171 modo
671 1127 889 1170 dexteram
911 1127 1073 1170 habere
1105 1126 1333 1170 videbatur
1363 1146 1371 1171 z
1397 1127 1466 1171 vel

83 1200 268 1244 animam
290 1215 369 1259 pro
391 1198 566 1243 homine
592 1197 762 1256 posuit,
797 1196 907 1241 sicut
930 1197 1013 1240 dici
1034 1196 1143 1241 solet
1169 1215 1178 1240 ;
1210 1199 1291 1241 Tot
1310 1197 1464 1240 animae

82 1271 143 1314 ibi
164 1269 359 1315 fuerunt.

580 1417 814 1466 QuAEsrlo
845 1419 948 1457 vm.

138 1551 264 1602 Quoi)
287 1549 496 1593 Dominus
516 1548 621 1592 dicit
645 1568 653 1593 ;
683 1567 703 1591 «
728 1551 835 1593 Date
854 1585 863 1604 ‚
899 1558 941 1592 et
962 1548 1139 1592 dabitur
1160 1548 1281 1592 vobis
1298 1583 1308 1603 ,
1335 1564 1462 1593 men-

83 1639 103 1662 »
137 1636 280 1665 suram
302 1620 461 1664 bonam
480 1655 490 1675 ,
522 1621 763 1664 confertam
782 1630 825 1664 et
846 1621 1103 1679 coagitatam
1121 1629 1164 1664 et
1187 1621 1462 1679 superfluen-

83 1709 103 1732 »
138 1700 226 1734 tem
267 1689 437 1734 dabunt
472 1691 516 1733 in
554 1691 695 1733 sinum
734 1693 980 1745 vestrum2‚
1011 1709 1030 1731 »
1066 1707 1115 1734 ex
1145 1690 1216 1734 illa
1250 1691 1462 1736 sententia

80 1761 214 1820 accipi
243 1769 409 1820 potest,
438 1777 524 1820 qua
551 1760 655 1803 dicit
680 1770 723 1804 et
759 1761 843 1806 alio
872 1761 968 1806 loco
991 1781 999 1806 :
1029 1781 1048 1803 «
1076 1764 1132 1805 Ut
1152 1761 1231 1821 ipsi
1254 1762 1463 1820 recipiant

80 1852 100 1874 »
136 1848 210 1876 vos
231 1833 275 1875 in
292 1841 453 1875 aeterna
477 1831 780 1876 tabernacula3
804 1852 811 1876 :
839 1852 857 1874 η
880 1843 929 1877 ut
951 1834 1068 1892 plebi
1087 1842 1354 1892 praeceptum
1374 1848 1463 1877 esse

77 1902 297 1955 videatur,
334 1902 454 1961 quod
483 1901 650 1945 dictum
684 1912 749 1946 est
772 1923 780 1947 :
808 1923 826 1945 «
854 1908 960 1947 Date
978 1939 988 1958 ‚
1014 1913 1057 1947 et
1079 1903 1255 1947 dabitur
1276 1904 1413 1948 vobis.
1439 1920 1459 1945 »

80 1972 330 2017 Secundum
359 1987 489 2032 quam
514 1973 767 2016 sententiam
791 1973 896 2017 dicit
918 1973 1148 2032 Apostolus
1176 1993 1183 2018 :
1211 1993 1229 2015 «
1250 1977 1462 2018 Commu-

80 2062 100 2084 »
136 2044 252 2088 nicet
287 2044 363 2104 qui
391 2044 680 2087 catechizatur
711 2046 871 2098 verbo,
898 2046 934 2088 ei
972 2046 1046 2104 qui
1077 2061 1120 2089 se
1158 2047 1394 2089 catechizat
1416 2046 1462 2088 in

81 2132 101 2155 »
137 2114 338 2157 omnibus
369 2113 534 2157 bonis&
561 2132 579 2154 »
609 2114 705 2157 Non
735 2114 850 2157 enim
873 2114 1035 2158 diceret
1061 2134 1069 2158 ι
1105 2134 1123 2155 (ι
1150 2114 1321 2158 dabunt
1341 2116 1384 2157 in
1403 2115 1460 2158 si-

80 2201 101 2224 »
137 2199 241 2227 num
265 2192 453 2227 vestrum
469 2219 479 2238 ,
508 2201 528 2224 »
560 2184 641 2228 nisi
665 2185 764 2243 quia
787 2200 863 2243 per
895 2184 1066 2228 illorum
1093 2185 1245 2227 merita
1264 2220 1274 2239 ,
1300 2185 1461 2244 quibus

76 2254 147 2299 vel
173 2253 349 2298 calicem
377 2271 500 2314 aquae
523 2254 688 2313 frigidae
711 2256 756 2299 in
790 2256 965 2299 nomine
1001 2254 1206 2314 Discipuli
1235 2254 1458 2312 dederint,

77 2324 322 2369 mercedem
341 2324 561 2369 coelestem
580 2326 768 2385 recipere
786 2327 1072 2369 merebuntur
1089 2328 1121 2369 ⁵.

126 2428 136 2443 1
157 2423 233 2454 Luc.
260 2432 305 2463 νι,
320 2433 353 2463 9.
374 2404 415 2444 -ζ-
434 2428 446 2444 ²
474 2421 553 2453 lbid.
579 2422 627 2454 38,
653 2439 693 2444 w·
715 2420 728 2444 3
743 2422 789 2453 Id.
813 2432 878 2462 xvr,
898 2432 930 2463 9.
949 2437 989 2444 --
1008 2418 1022 2450 4
1041 2420 1107 2452 Gal.
1127 2432 1169 2462 vn,
1188 2420 1222 2453 6.
1244 2438 1285 2443 —-
1303 2419 1320 2443 5
1338 2421 1458 2456 Matth.

77 2487 119 2518 x,
141 2475 194 2518 42.
