1819 3301
364 253 444 290 128
806 264 841 293 s.
878 263 1108 294 Aueusnm
1140 267 1320 295 Emscon

359 327 521 372 celsum
543 343 808 385 sermonem,
834 346 966 391 quem
993 332 1174 375 aliorum
1200 332 1578 392 Evangelistarum
1600 335 1747 381 nullus

359 399 540 444 inseruit
561 419 569 444 :
595 401 654 444 ibi
677 401 883 460 praeclara
905 402 1062 445 iterum
1081 403 1136 446 de
1156 401 1255 447 luce
1280 403 1556 451 illuminante
1577 415 1620 450 et
1639 405 1747 451 lueis

359 468 470 514 filios
492 469 678 515 faciente
699 480 1026 515 commemorat.
1053 472 1217 517 Deinde
1235 474 1277 517 in
1302 473 1391 533 ipsa
1415 491 1561 530 coena,
1588 475 1643 520 de
1660 493 1747 537 qua

358 541 730 599 Evangelistarum
753 541 899 586 nullus
922 543 1104 607 tacuit¹‚
1127 560 1259 603 quam
1280 545 1417 590 multa
1442 556 1485 590 et
1511 562 1645 607 quam
1672 563 1748 591 ex-

358 610 469 656 celsa
492 612 622 656 verba
658 613 747 672 ejus
770 615 957 657 Joannes
985 624 1316 670 commemorat,
1356 632 1456 676 quae
1495 616 1566 661 alii
1595 627 1746 662 tacue-

358 684 486 726 runt?
505 698 594 726 non
612 682 753 727 solum
775 682 829 727 de
851 683 1229 729 commendatione
1254 686 1531 742 humilitatis,
1567 688 1744 747 quando

357 753 486 812 pedes
505 753 821 812 Discipulorum
845 753 972 811 lavit3
1001 754 1076 798 sed
1097 770 1197 798 cum
1220 770 1439 814 expressus
1461 772 1538 816 per
1566 757 1746 802 buccel-

355 822 441 867 lam
464 823 646 868 traditor
663 825 754 884 ejus
777 824 946 868 exiisset
963 859 973 879 ,
1007 826 1333 869 remanentibus
1357 842 1457 870 cum
1490 827 1565 872 illo
1604 829 1746 872 unde-

355 894 439 938 cim
459 929 470 948 ,
490 894 535 937 in
562 909 760 938 sermone
787 894 918 953 ipsius
948 895 1202 939 mirabiliter
1225 897 1441 955 stupendo
1474 899 1744 959 maximeque

356 964 566 1010 diuturno
588 964 702 1009 idem
731 968 918 1009 Joannes
945 966 1199 1011 immoratus
1223 976 1286 1010 est
1294 1003 1309 1023 ,
1343 968 1420 1011 ubi
1443 967 1550 1012 dixit
1575 988 1583 1013 :
1614 988 1635 1011 «
1660 970 1745 1023 Qui

357 1054 376 1077 »
414 1035 525 1080 vidit
579 1052 678 1090 me,
718 1035 827 1080 vidit
862 1046 904 1080 et
936 1041 1109 1080 Patrem
1134 1041 1173 1095 ‘³3
1217 1056 1236 1079 »
1273 1038 1351 1081 ubi
1387 1038 1524 1083 multa
1573 1039 1744 1085 locutus

359 1116 423 1150 est
469 1107 523 1150 de
568 1107 728 1166 Spiritu
771 1116 920 1151 sancto
974 1108 1199 1151 Paracleto
1254 1123 1385 1168 quem
1429 1110 1636 1153 missurus
1685 1111 1743 1155 eis

353 1186 471 1234 erat3
496 1186 538 1220 et
560 1177 626 1220 de·
643 1193 719 1221 sua
748 1175 1056 1221 clarificatione
1085 1192 1218 1237 quam
1246 1178 1403 1221 habuit
1433 1179 1552 1237 apud
1570 1182 1743 1223 Patrem

352 1249 469 1306 prius
504 1262 634 1307 quam
660 1247 849 1291 mundus
883 1256 1018 1304 esset3
1055 1257 1098 1291 et
1126 1247 1247 1307 quod
1292 1263 1430 1291 unum
1462 1264 1540 1293 nos
1582 1248 1744 1294 faceret

353 1318 397 1361 in
423 1334 494 1373 se,
524 1319 634 1363 sicut
665 1319 754 1379 ipse
787 1328 830 1362 et
862 1322 988 1362 Pater
1026 1334 1165 1362 unum
1197 1328 1327 1376 sunt3
1364 1335 1453 1363 non
1484 1329 1534 1364 ut
1569 1321 1659 1379 ipse
1699 1330 1742 1365 et

355 1391 480 1432 Pater
515 1398 558 1433 et
599 1405 676 1433 nos
706 1405 844 1433 unum
866 1424 876 1444 ‚
914 1388 989 1433 sed
1027 1405 1105 1433 nos
1139 1405 1278 1433 unum
1312 1390 1423 1433 sicut
1456 1390 1535 1449 ipsi
1561 1406 1733 1435 unum:

352 1459 576 1520 multaque
610 1460 691 1504 alia
719 1461 914 1520 mireque
946 1460 1176 1516 sublimia,
1217 1461 1272 1504 de
1316 1461 1477 1520 quibus
1531 1462 1739 1505 disserere

354 1530 462 1574 sicut
507 1530 688 1589 dignum
727 1540 791 1574 est
820 1565 830 1584 ,
880 1530 1046 1574 etiamsi
1087 1545 1274 1574 essemus
1325 1529 1469 1574 idonei
1495 1565 1506 1584 ‚
1560 1531 1606 1574 in
1656 1532 1740 1575 hoc

351 1609 495 1644 tamen
516 1616 644 1659 opere
662 1617 749 1645 non
769 1600 813 1644 id
831 1616 908 1644 nos
920 1601 1153 1659 suscepisse
1170 1601 1264 1660 quis
1278 1615 1367 1644 non
1385 1599 1606 1644 advertat?
1619 1602 1740 1661 quod

352 1669 455 1713 alibi
477 1671 657 1714 fortasse
679 1669 950 1713 reddendum
975 1680 1037 1714 est
1054 1706 1064 1724 ,
1086 1671 1156 1714 hic
1179 1679 1293 1714 certe
1329 1686 1417 1713 non
1447 1680 1511 1714 est
1532 1681 1739 1730 expeten—

349 1740 470 1784 dum.
497 1740 814 1785 Commendare
838 1741 1000 1799 quippe
1014 1739 1217 1784 volumus
1233 1741 1498 1784 amatoribus
1521 1741 1643 1785 verbi
1661 1742 1739 1785 Dei

350 1819 393 1853 et
413 1811 613 1855 studiosis
635 1819 793 1854 sanctae
811 1810 1023 1864 veritatis⁷
1040 1811 1237 1870 quamvis
1266 1811 1459 1870 ejusdem
1480 1812 1739 1872 Christiqui

348 1896 474 1925 verus
497 1891 540 1925 et
567 1897 694 1925 verax
727 1890 821 1935 est,
842 1881 1123 1925 annuntiator
1151 1890 1281 1940 atque
1309 1881 1566 1940 praedicator
1599 1885 1736 1926 Joan-

354 1967 428 1995 nes
451 1951 495 1994 in
515 1949 752 2010 Evangelio
775 1967 852 1995 suo
867 1950 998 1994 fuerit
1013 1986 1023 2005 ‚
1041 1952 1164 2010 cujus
1181 1959 1224 1994 et
1246 1951 1390 1994 caeteri
1409 1960 1493 1995 tres
1505 1952 1581 2011 qui
1603 1952 1738 2011 scrip-

351 2033 501 2067 serunt
535 2022 844 2081 Evangelium,
870 2031 913 2066 et
933 2022 1080 2066 eaeteri
1108 2021 1305 2081 Apostoli
1330 2022 1406 2081 qui
1437 2037 1524 2069 non
1558 2023 1736 2081 quidem

349 2094 485 2152 ipsam
507 2093 799 2137 narrationem
824 2092 1098 2136 scribendam
1120 2101 1428 2151 susceperunt,
1454 2092 1500 2135 in
1523 2107 1571 2136 ea
1589 2101 1736 2136 tamen

348 2163 657 2222 praedicatione
679 2163 745 2207 sui
769 2162 900 2207 officii
922 2178 1080 2206 munus
1102 2162 1395 2222 impleverunt
1416 2180 1424 2205 z
1445 2161 1576 2220 longe
1592 2171 1735 2207 tamen

347 2235 465 2278 hunc
482 2234 526 2278 in
550 2235 711 2280 Christi
733 2233 884 2278 altiora
897 2234 1155 2278 subvectum
1179 2232 1338 2291 abipso
1360 2232 1484 2276 initio
1514 2232 1614 2276 libri
1638 2233 1730 2288 sui,

347 2319 443 2349 raro
470 2304 600 2349 fuisse
634 2319 734 2348 cum
773 2304 938 2348 caeteris
956 2338 966 2358 ‚
991 2303 1038 2346 id
1059 2312 1148 2357 est,
1179 2302 1318 2361 primo
1349 2302 1461 2346 circa
1496 2301 1733 2347 Jordanem

347 2383 527 2434 propter
549 2374 844 2418 testimonium
869 2373 1046 2430 Joannis
1071 2371 1272 2432 Baptistae
1293 2392 1304 2429 3
1327 2371 1429 2416 inde
1461 2381 1581 2416 trans
1609 2387 1727 2416 mare

348 2445 584 2490 Tiberiadis
618 2446 794 2506 quando
825 2445 975 2489 turbas
997 2444 1052 2488 de
1076 2444 1271 2504 quinque
1292 2443 1476 2502 panibus
1511 2444 1651 2503 pavit,
1687 2453 1730 2488 et

344 2530 472 2574 super
495 2531 626 2575 aquas
645 2514 884 2560 ambulavit
902 2536 912 2572 ς
932 2515 1059 2560 tertio
1078 2514 1125 2559 in
1147 2514 1353 2558 Bethania
1368 2549 1378 2569 ,
1404 2514 1481 2558 ubi
1502 2522 1728 2573 unguento

390 2607 398 2623 ¹
420 2602 509 2633 Joan.
531 2612 596 2643 xm,
615 2613 642 2634 1.
665 2618 705 2624 —
730 2607 742 2624 ²
765 2601 812 2634 ld.
831 2611 897 2640 xiv,
916 2612 949 2643 9.
