1819 3301
331 265 414 305 458
716 278 749 306 s.
799 278 1030 305 Aucusrnvx
1063 278 1243 304 Eriscom

328 353 372 388 et
397 344 660 403 baptismum
684 344 739 388 de
759 343 872 388 coelo
895 343 1086 387 habebat
1102 378 1112 398 ,
1151 359 1238 387 non
1262 357 1313 386 ex
1333 343 1585 387 hominibus
1612 363 1621 389 :
1646 344 1722 388 sed

328 424 544 475 quatenus
577 416 792 458 habebat?
822 417 918 472 Ipse
940 414 1073 468 dixit,
1105 417 1298 458 «Parate
1319 415 1432 458 viam
1464 415 1718 458 Domin01.»

331 487 415 531 Ubi
442 495 586 529 autem
612 486 812 543 cognitus
834 493 897 527 est
920 485 1146 540 Dominus,
1170 485 1261 544 ipsc
1283 483 1423 528 factus
1445 494 1508 528 est
1530 486 1614 542 via3
1634 500 1724 528 non

322 558 412 617 jam
436 571 544 614 opus
567 564 658 598 erat
681 555 939 614 baptismate
957 558 978 598 J
986 556 1135 599 oannis
1148 591 1163 611 ,
1189 571 1278 615 quo
1298 564 1525 614 pararetur
1543 555 1612 599 via
1634 558 1723 599 Do-

327 642 461 669 mino.

385 698 503 739 XVI.
541 699 703 742 Tamen
726 696 834 755 quid
857 696 982 740 nobis
1004 695 1144 741 solent
1167 695 1330 740 dicere?
1345 698 1459 740 Ecce
1481 704 1578 755 post
1595 697 1726 740 Joan-

329 783 430 811 nem
464 768 732 827 baptizatum
762 777 839 811 est.
876 772 1124 828 Antequam
1157 768 1273 811 enim
1296 768 1409 811 bene
1440 768 1519 811 ista
1543 766 1724 827 quaestio

328 849 586 883 tractaretur
608 839 653 883 in
675 839 863 884 Ecclesia
887 839 1126 894 catholica,
1154 839 1282 883 multi
1304 841 1348 882 in
1371 855 1419 882 ea
1437 847 1691 883 erraverunt
1710 872 1721 892 ‚

327 920 370 954 et
389 911 536 969 magni
558 919 601 954 et
619 911 722 954 boni
738 913 755 936 ²
783 930 792 955 z
818 910 892 955 sed
916 911 1017 971 quia
1040 911 1096 954 de
1117 911 1322 954 membris
1344 909 1562 954 columbae
1583 918 1721 964 erant,

326 997 415 1025 non
438 997 482 1025 se
504 981 798 1041 praeciderunt
814 1017 825 1037 ,
851 990 894 1025 et
913 981 1078 1026 factum
1097 991 1160 1026 est
1177 982 1222 1025 in
1240 981 1298 1025 eis
1322 981 1442 1040 quod
1465 980 1573 1024 dixit
1586 983 1725 1038 Apos-

326 1052 441 1097 tolus
463 1071 470 1097 :
493 1071 511 1094 «
531 1053 570 1097 Si
594 1052 700 1112 quid
714 1052 839 1096 aliter
853 1054 1015 1112 sapitis,
1037 1055 1117 1097 hoc
1137 1068 1316 1113 quoque
1327 1053 1452 1097 vobis
1467 1055 1581 1095 Deus
1598 1066 1723 1095 reve-

328 1142 348 1165 »
370 1124 408 1167 la
417 1124 510 1167 bit-⁹·¹
522 1142 540 1164 n
556 1123 681 1168 Unde
698 1124 765 1168 isti
779 1125 854 1183 qui
868 1140 911 1168 se
925 1134 1249 1184 separaverunt,
1267 1122 1477 1168 indociles
1491 1122 1592 1166 facti
1603 1131 1720 1166 sunt.

329 1194 446 1248 Quid
469 1210 572 1253 ergo
595 1194 735 1238 solent
757 1195 936 1240 dicere?
969 1199 1082 1240 Ecce
1104 1205 1200 1255 post
1222 1199 1436 1240 Joannem
1459 1194 1724 1253 baptizatum

326 1273 390 1309 est
405 1300 415 1319 ,
442 1275 538 1324 post
564 1265 788 1309 haereticos
809 1281 898 1310 non
920 1266 1194 1325 baptizaturi)
1213 1266 1323 1319 Quia
1347 1265 1525 1324 quidam
1548 1263 1624 1323 qui
1646 1264 1724 1307 ha-

327 1336 489 1378 bebant
518 1335 732 1394 baptisma
754 1336 954 1389 Joanffls,
972 1337 1077 1396 jussi
1103 1345 1205 1379 sunt
1235 1351 1258 1379 a
1288 1335 1424 1379 Paulo
1454 1334 1687 1393 baptizari⁴
1712 1353 1719 1377 :

326 1421 415 1449 non
436 1406 550 1449 enim
575 1406 798 1450 habebant
820 1406 1032 1465 baptisma
1047 1406 1222 1451 Christi.
1244 1404 1360 1458 Quid
1378 1420 1479 1462 ergo
1498 1418 1724 1461 exaggeras

325 1476 530 1519 meritum
566 1476 744 1520 Joannis
765 1512 775 1530 ‚
814 1486 858 1521 et
885 1478 1007 1536 quasi
1044 1476 1191 1536 abjicis
1218 1474 1517 1520 infelicitatem
1546 1474 1722 1520 haereti-

326 1549 498 1592 corum?
521 1550 577 1590 Et
597 1547 770 1605 egotibi
788 1547 983 1591 concedo
1007 1547 1234 1591 sceleratos
1257 1561 1346 1591 esse
1369 1545 1594 1590 haereticos
1616 1564 1624 1588 ε
1646 1543 1721 1588 sed

326 1618 519 1661 haeretici
553 1618 768 1676 baptisma
802 1618 962 1662 Christi
986 1617 1228 1672 dederunt,
1254 1615 1375 1677 quod
1397 1616 1609 1676 baptisma
1633 1630 1722 1658 non

325 1687 446 1732 dedit
468 1691 673 1732 Joannes.

384 1762 527 1803 XVII.
560 1763 755 1803 Recurro
779 1759 834 1802 ad
858 1761 1089 1813 Joannem,
1109 1768 1150 1803 et
1164 1758 1262 1803 dico
1283 1778 1290 1803 :
1313 1760 1419 1803 «Hic
1437 1768 1500 1804 est
1516 1761 1592 1820 qui
1615 1761 1724 1820 bap-

328 1848 347 1871 »
366 1830 480 1873 tizat.
493 1848 511 1870 »
532 1830 599 1874 Sic
614 1830 729 1873 enim
744 1829 893 1873 melior
906 1830 1488 1890 Joannesquamhaereticus,
1500 1831 1723 1890 quomodo

324 1901 477 1945 melior
498 1904 686 1944 Joannes
703 1917 835 1960 quarn
859 1902 1054 1945 ebriosus
1072 1937 1082 1955 ,
1110 1901 1334 1961 quomodo
1358 1901 1509 1946 melior
1530 1905 1721 1947 Joannes

324 1988 456 2032 quam
491 1973 723 2016 homicida.
761 1973 801 2016 Si
824 1982 919 2031 post
944 1972 1203 2016 deteriorem
1227 1973 1445 2031 baptizare
1474 1973 1687 2018 debemus
1706 2009 1717 2027 .,

324 2043 424 2102 quia
440 2053 535 2102 post
550 2043 774 2086 meliorem
791 2043 1066 2101 baptizarunt
1084 2042 1298 2102 Apostoli3
1321 2043 1588 2103 quicumque
1603 2044 1721 2103 apud

324 2114 437 2172 ipsos
461 2114 665 2171 baptizati
690 2112 853 2156 fuerint
875 2113 929 2156 ab
953 2113 1122 2156 ebrioso
1139 2148 1149 2167 ,
1171 2128 1259 2156 non
1282 2112 1379 2156 dic-0
1401 2113 1456 2156 ab
1481 2114 1713 2169 homicida,

326 2200 413 2228 non
437 2183 535 2228 dico
559 2201 580 2228 a
604 2183 788 2228 satellite
807 2183 986 2243 alicujus
1008 2183 1202 2227 scelerati
1219 2186 1250 2238 ⁵,
1272 2200 1360 2228 non
1378 2184 1476 2228 dico
1499 2182 1525 2228 a
1544 2194 1717 2244 raptore

326 2271 469 2298 rerum
488 2255 747 2309 alienarum,
765 2271 854 2299 non
870 2254 968 2298 dico
986 2255 1039 2297 ab
1058 2270 1310 2313 oppressore
1325 2254 1610 2314 pupillorum,
1627 2271 1717 2300 non

386 2383 392 2398 ¹
425 2378 494 2407 lsai.
517 2387 577 2414 η,
606 2376 645 2417 3,
675 2380 707 2406 et
735 2376 826 2408 Joan.
858 2387 880 2417 1,
900 2375 953 2406 23.
982 2392 1021 2396 —
1050 2381 1062 2396 2
1082 2375 1271 2416 Cyprianum
1296 2374 1326 2405 in
1350 2374 1460 2417 primis
1485 2374 1712 2416 subintelligit,

325 2443 461 2474 cinnqnc
489 2432 555 2473 ipso
586 2433 865 2473 Carthaginensem
890 2431 1062 2473 synodum,
1090 2431 1129 2462 dc
1147 2441 1207 2473 qna
1227 2431 1256 2461 in
1280 2431 1333 2461 lib.
1363 2431 1402 2461 de
1421 2431 1579 2473 Baptisnio
1599 2435 1715 2462 contra

325 2490 506 2520 Donatistas
524 2500 555 2520 vi
577 2493 610 2520 et
628 2500 678 2519 vn.
696 2506 737 2511 -
759 2487 771 2511 3
793 2488 902 2531 Philip.
928 2500 974 2528 111,
999 2488 1048 2519 15.
1071 2505 1111 2509 --
1130 2485 1145 2516 4
1160 2490 1229 2519 Act.
1260 2498 1323 2527 xix,
1346 2485 1494 2519 3-5.-5
1519 2487 1658 2530 Respicit
1676 2487 1716 2518 ad

323 2545 611 2586 Tliainugadenscin
629 2545 771 2587 episcop.
793 2546 946 2587 Optatum
961 2568 970 2585 ‚
997 2543 1051 2585 qui
1075 2542 1212 2576 Gildonis
1228 2543 1354 2575 satelles
1373 2543 1480 2581 dictus
1499 2547 1562 2575 est.
1581 2542 1712 2576 Confer.

327 2604 417 2644 epist.
440 2605 479 2644 87
501 2602 540 2634 ad
559 2602 744 2634 Eineritum.
