1819 3301
371 281 452 320 160
800 293 832 321 S.
870 293 1098 322 Accus‘nm
1134 293 1313 320 EPISCOPI

363 358 450 401 vita
477 377 484 401 :
511 372 587 402 nec
620 367 766 402 tamen
802 359 898 402 idco
933 374 1022 402 non
1055 357 1279 401 sanabitur
1311 357 1601 417 poenitendo,
1627 368 1671 402 et
1697 359 1752 403 ad

361 427 475 472 illius
498 428 833 473 misericordiam
869 444 968 472 cum
992 428 1201 473 sacrificio
1227 428 1428 472 tribulati
1463 429 1603 473 cordis
1631 429 1752 473 refu-

365 497 524 556 giendo
541 498 615 557 qui
631 497 765 541 donat
788 507 961 556 peccata
983 498 1197 542 conversis
1219 498 1274 541 ad
1292 513 1351 552 se,
1378 507 1421 542 et
1435 498 1619 558 quiplus
1642 514 1750 557 gau-

364 567 439 611 det
452 567 506 611 de
522 583 609 611 uno
627 568 867 626 poenitente
882 602 892 621 ,
917 583 1048 627 quam
1071 567 1126 611 de
1144 568 1559 625 nonaginta-novem
1577 569 1746 628 justis¹.

364 638 493 681 Carni
511 653 612 681 vero
635 636 774 681 multo
792 636 936 680 minus
953 637 1080 681 video
1097 637 1321 696 quomodo
1336 637 1537 681 benevoli
1554 637 1623 681 vel
1645 653 1752 682 con-

364 706 530 760 cordes,
553 705 622 750 vel
646 707 962 751 consentientes
983 722 1072 751 esse
1085 707 1334 766 jubeamur.
1361 708 1496 765 Magis
1519 707 1635 751 enim
1650 723 1752 767 pec·

363 785 528 820 catores
548 786 695 820 amant
730 793 904 820 carnem
927 793 1070 830 suam,
1109 786 1152 821 et
1175 776 1443 821 concordant
1468 793 1567 821 cum
1592 777 1663 821 illa
1680 813 1690 833 ‚
1707 787 1751 823 ct

363 847 642 890 consentiunt
659 847 696 890 ei
718 866 725 890 :
745 847 819 906 qui
842 862 944 890 vero
969 862 1059 890 eam
1083 847 1278 890 servituti
1296 847 1547 906 subjiciunt,
1565 863 1653 892 non
1671 848 1750 907 ipsi

364 918 402 961 ei
422 918 717 972 consentiunt,
739 917 812 960 sed
835 933 928 960 eam
951 917 1032 961 sibi
1054 919 1297 961 consentire
1319 927 1496 976 cogunt.

422 991 612 1032 XXXII.
635 992 832 1032 Fortasse
855 1004 957 1046 crgo
981 989 1191 1048 jubemur
1213 992 1302 1032 Deo
1332 989 1576 1032 consentire
1592 1024 1602 1043 ‚
1628 998 1671 1032 et
1689 989 1751 1032 illi

364 1073 454 1102 esse
473 1058 674 1103 benevoli
693 1094 703 1113 ‚
731 1068 778 1102 ut
796 1059 834 1101 ei
856 1058 1199 1113 reconciliemur,
1221 1075 1242 1102 a
1263 1075 1351 1118 quo
1370 1059 1593 1118 peccando
1615 1059 1751 1103 aversi

363 1145 512 1173 sumus
531 1164 540 1184 ‚
562 1140 613 1173 ut
630 1129 896 1173 adversarius
920 1139 1064 1173 noster
1085 1129 1169 1173 dici
1192 1129 1338 1188 possit.
1366 1130 1534 1182 Quibus
1554 1130 1668 1172 enim
1684 1145 1751 1172 re-

363 1200 487 1254 sistit,
505 1209 620 1243 recte
638 1199 796 1243 dicitur
813 1215 964 1244 eorum
984 1199 1250 1244 adversarius
1268 1220 1275 1244 :
1299 1220 1318 1241 α
1336 1203 1448 1243 Deus
1469 1200 1582 1243 enim
1597 1215 1749 1258 super·-

365 1287 385 1310 »
412 1269 476 1313 bis
496 1269 667 1323 resistit,
683 1269 923 1313 humilibus
946 1278 1089 1312 autem
1120 1269 1195 1312 (lat
1211 1270 1422 1328 gratiam»
1445 1278 1555 1322 :et,«
1571 1269 1749 1312 Initium

366 1358 385 1380 »
423 1340 562 1383 omnis
584 1340 748 1398 peccati
772 1339 970 1398 superbia
1000 1359 1008 1383 z
1035 1339 1214 1383 Initium
1250 1349 1394 1383 autem
1428 1339 1642 1398 superbiae
1664 1340 1747 1383 ho-

366 1426 386 1449 »
423 1410 549 1453 minis
571 1444 581 1463 ‚
617 1418 857 1467 apostatare
881 1426 902 1452 a
927 1410 1047 1452 De02
1077 1428 1084 1452 :
1115 1419 1198 1453 »et
1228 1408 1457 1468 Apostolus
1489 1408 1624 1452 dicit:
1659 1426 1678 1449 «
1706 1409 1748 1453 Si

367 1496 386 1519 »
423 1479 537 1521 enim
561 1494 660 1522 cum
683 1478 846 1523 inimici
861 1493 1063 1532 essemus,
1089 1478 1354 1522 reconciliati
1383 1494 1531 1522 sumus
1563 1481 1651 1521 Deo
1673 1493 1750 1536 per

365 1565 386 1589 »
423 1559 607 1592 mortem
626 1549 722 1592 Filii
741 1550 851 1608 ejus,
873 1548 1012 1592 multo
1029 1550 1163 1606 magis
1186 1549 1450 1593 reconciliati
1468 1548 1573 1592 salvi
1591 1548 1749 1592 erimus

364 1634 384 1658 »
420 1618 465 1660 in
480 1619 567 1662 vita
585 1619 758 1677 ipsius³.
774 1637 793 1658 »
810 1621 873 1662 Ex
891 1634 978 1677 quo
995 1617 1178 1676 intelligi
1196 1628 1351 1677 potest,
1371 1617 1535 1661 nullam
1550 1627 1749 1661 naturam

362 1688 523 1731 malam
543 1689 760 1732 inimicam
792 1692 880 1732 Deo
918 1704 1006 1731 csse
1024 1723 1034 1742 ,
1061 1688 1415 1747 quandoquidem
1439 1688 1518 1746 ipsi
1554 1688 1749 1731 reconci-

363 1757 527 1800 liantur
550 1758 625 1817 qui
647 1757 811 1801 inimici
834 1756 1027 1801 fuerunt.
1053 1758 1256 1816 Quisquis
1279 1772 1379 1815 ergo
1400 1758 1444 1800 in
1477 1758 1558 1801 hac
1589 1757 1654 1800 via
1669 1792 1679 1810 ,
1704 1756 1749 1800 id

362 1837 440 1878 est,
467 1829 511 1871 in
535 1829 615 1872 hac
637 1829 740 1881 vita,
758 1843 847 1871 non
872 1826 1001 1871 fuerit
1034 1827 1334 1871 reconciliatus
1357 1831 1445 1871 Deo
1467 1843 1544 1886 per
1566 1836 1749 1871 mortem

366 1895 466 1939 Filii
489 1899 580 1956 ejus
601 1932 611 1951 ,
637 1895 983 1955 tradetui*judi·ci
1001 1897 1055 1940 ab
1076 1897 1152 1941 illo
1173 1918 1183 1954 3
1207 1916 1226 1938 «
1252 1897 1362 1949 Quia
1385 1900 1510 1940 Pater
1533 1896 1750 1956 nonjudi-

367 1983 387 2007 »
423 1975 491 2010 cat
525 1982 791 2026 quemquam
810 2001 820 2021 ,
858 1967 934 2010 sed
969 1982 1096 2011 omne
1119 1967 1336 2027 judicium
1363 1967 1483 2010 dedit
1517 1965 1628 2010 Filio
1652 1966 1695 2009 ⁴:
1725 1983 1745 2007 n

364 2045 495 2094 atque
517 2037 577 2080 ita
599 2046 754 2081 caetera
777 2053 875 2096 quae
897 2037 941 2079 in
964 2037 1047 2081 hoc
1067 2036 1257 2095 capitulo
1280 2037 1435 2095 scripta
1468 2045 1570 2080 sunt
1598 2050 1750 2079 conse-

364 2115 587 2164 quuntur,
624 2106 679 2150 de
715 2108 875 2166 quibus
907 2108 995 2166 jam
1031 2106 1322 2150 tractavimus.
1351 2108 1497 2149 Unum
1526 2104 1665 2149 solum
1687 2111 1751 2146 est

363 2176 484 2234 quod
508 2176 611 2220 huic
628 2174 868 2220 intellectui
887 2174 1189 2219 difficultatem
1214 2174 1339 2225 facit,
1371 2171 1593 2231 quomodo
1616 2172 1750 2231 possit

363 2254 479 2288 recte
503 2245 611 2299 dici,
637 2245 682 2288 in
706 2245 772 2288 via
787 2260 872 2289 -nos
895 2260 984 2288 esse
1006 2256 1102 2284 cum
1122 2244 1226 2294 Deo,
1252 2241 1283 2284 si
1299 2241 1381 2284 hoc
1402 2240 1499 2284 loco
1521 2240 1612 2300 ipse
1634 2241 1747 2285 acci-

361 2314 548 2371 piendus
570 2324 633 2356 est
655 2311 922 2355 adversarius
942 2311 1175 2368 impiorum
1193 2345 1203 2363 ,
1240 2310 1309 2354 cui
1323 2310 1530 2370 jubemur
1562 2311 1647 2354 cito
1677 2326 1747 2353 re-

362 2381 584 2426 conciliari
611 2401 619 2425 :
657 2381 737 2424 nisi
781 2382 893 2424 forte
926 2380 1025 2438 quia
1057 2379 1147 2436 ipse
1178 2379 1343 2438 ubique
1378 2390 1467 2433 est,
1504 2395 1582 2423 nos
1618 2380 1748 2423 etiam

363 2467 463 2495 cum
483 2452 528 2494 in
542 2452 623 2494 hac
644 2451 711 2493 via
732 2465 878 2493 sumus
897 2484 906 2504 ‚
931 2463 1030 2492 cum
1055 2448 1128 2492 illo
1152 2449 1304 2508 utique
1326 2464 1488 2493 sumus.
1520 2469 1539 2490 u
1562 2449 1604 2494 Si
1631 2450 1747 2492 enim

411 2551 420 2566 ¹
438 2546 514 2577 Luc.
534 2556 588 2586 xv,
611 2556 643 2587 7.
667 2561 708 2567 —-
727 2551 740 2567 ²
756 2546 889 2584 Jac.1v‚
908 2542 943 2583 6,
963 2546 995 2574 et
1008 2541 1104 2574 Eccli.
1125 2553 1158 2583 x,
1191 2540 1242 2584 14,
1281 2541 1333 2574 15.
1358 2558 1396 2566 -
1415 2540 1428 2565 3
1459 2545 1549 2575 Rom.
1569 2553 1604 2584 v,
1633 2553 1682 2575 10.
1704 2558 1744 2565 —

362 2598 377 2628 4
399 2601 489 2631 loun.
511 2611 545 2640 v,
567 2610 619 2632 22.
