1819 3301
354 295 412 334 26
779 303 812 332 s.
850 303 1080 332 Aucnsrnu
1114 303 1295 331 EPISCOPI

353 389 374 412 »
409 369 502 424 ille,
529 371 626 414 Non
649 384 759 413 sum.
790 387 810 410 »
837 367 1001 413 Deinde
1023 368 1262 426 interponit
1275 383 1374 427 quae
1388 375 1504 426 gesta
1522 374 1740 410 suntcum

354 444 458 486 Jesu
480 442 524 485 in
548 441 697 484 eadem
721 441 875 493 domo,
900 455 999 498 quae
1017 439 1396 483 commemoranda
1412 430 1646 482 arbitratus
1659 446 1738 492 est,

353 513 413 556 ita
436 528 612 556 narrans
639 531 648 557 ι
673 531 693 553 «
721 511 903 555 Stabant
923 520 1067 554 autem
1094 512 1203 555 servi
1226 520 1269 554 et
1283 509 1467 554 ministri
1490 508 1544 552 ad
1562 524 1739 568 prunas,

357 601 377 624 »
413 584 514 643 quia
538 581 672 641 frigus
695 592 815 639 erat·⁷
843 591 885 625 et
911 580 1224 626 calefaciebant
1247 596 1290 624 sc
1318 599 1326 624 :
1363 589 1454 624 erat
1476 589 1621 624 autem
1642 595 1743 623 curn

356 672 376 694 »
414 654 472 697 eis
499 662 541 696 et
575 657 726 697 Petrus
759 661 874 695 stans
896 687 906 706 ‚
937 660 980 694 et
1014 650 1272 695 calefaciens
1286 666 1344 693 sc.
1379 668 1399 690 »
1433 650 1512 694 Hic
1534 665 1637 708 ergo
1653 650 1744 709 jam

353 724 611 783 intelligitur
633 724 781 767 exiisse
803 722 917 767 foras
943 726 1142 776 Petrum,
1168 731 1211 766 et
1233 721 1406 765 rediisse
1433 740 1441 765 :
1467 721 1607 780 primo
1627 720 1745 764 enim

355 795 534 838 sedebat
557 795 612 838 ad
634 795 801 852 ignem3
826 803 972 853 postea
990 794 1081 852 jam
1105 793 1274 836 rediens
1289 827 1298 845 ‚
1324 801 1437 836 stare
1459 800 1669 851 coeperat.

413 867 575 909 XXIV.
608 865 691 910 Sed
712 864 825 908 forte
840 865 899 907 ait
919 862 1073 923 aliquis
1093 882 1101 907 ς
1128 861 1334 906 Nondum
1348 863 1522 917 exierat,
1546 876 1746 906 surrexe-

354 946 421 980 rat
438 946 582 980 autem
603 936 809 979 exiturus.
829 937 921 979 Hoc
946 943 1087 993 potest
1108 933 1268 988 dicere,
1294 933 1371 993 qui
1389 942 1517 992 putat
1531 933 1633 978 foris
1646 941 1746 978 ante

351 1008 531 1066 januam
564 1005 763 1050 secundo·
786 1005 1102 1062 interrogatum
1140 1019 1333 1062 negasse.
1360 1003 1596 1048 Videamus
1641 1017 1746 1062 ergo

356 1076 536 1121 Joannis
556 1075 780 1135 sequentia
809 1094 817 1118 z
846 1093 867 1116 «
894 1073 1092 1118 Pontifex
1110 1089 1212 1132 ergo
1233 1109 1243 1128 ,
1266 1073 1410 1133 inquit
1431 1109 1442 1129 ‚
1461 1073 1748 1132 interrogavit

359 1165 380 1189 »
416 1150 563 1191 Jesum
587 1146 642 1189 de
660 1144 887 1204 Discipulis
910 1145 996 1189 suis
1015 1179 1025 1199 ‚
1053 1154 1096 1189 et
1113 1144 1168 1188 de
1197 1143 1392 1189 doctrina
1418 1145 1524 1204 ejus.
1550 1148 1750 1204 Respon-

360 1235 380 1258 »
417 1217 482 1260 dit
504 1216 543 1259 ei
566 1219 689 1260 Jesus
709 1235 716 1260 :
734 1218 826 1273 Ego
848 1215 992 1275 palam
1013 1214 1185 1259 locutus
1207 1230 1301 1258 sum
1326 1216 1507 1270 mundo,
1528 1230 1609 1274 ego
1631 1229 1747 1260 sem-

360 1305 381 1328 »
416 1301 494 1345 per
515 1285 645 1329 docui
667 1286 712 1328 in
735 1301 976 1343 synagoga,
1003 1286 1105 1328 etin
1132 1285 1311 1344 templo,
1328 1301 1417 1345 quo
1437 1300 1587 1329 omnes
1605 1283 1748 1329 Judaei

361 1375 382 1398 »
418 1357 712 1410 conveniunt,
738 1365 781 1399 et
798 1356 841 1398 in
863 1355 1037 1400 occulto
1059 1355 1231 1400 locutus
1252 1371 1347 1400 sum
1374 1355 1483 1399 nihil
1516 1375 1524 1400 :
1550 1354 1658 1415 quid
1679 1370 1749 1399 me

363 1445 382 1468 »
416 1428 684 1486 interrogas?
720 1430 941 1485 Interroga
969 1443 1041 1470 eos
1075 1428 1151 1487 qui
1184 1428 1419 1471 audierunt
1449 1427 1556 1487 quid
1574 1427 1747 1471 locutus

362 1515 384 1539 »
419 1513 513 1541 sum
548 1498 646 1556 ipsis
671 1514 681 1540 :
707 1513 806 1541 ecce
835 1497 864 1541 ii
896 1498 1038 1541 sciunt
1063 1513 1163 1557 quae
1196 1497 1377 1541 dixerim
1402 1512 1497 1555 ego.
1534 1500 1638 1542 Haec
1667 1513 1748 1542 au·-

363 1586 384 1609 »
420 1578 508 1612 tem
546 1583 644 1612 cum
683 1568 881 1622 dixisset,
915 1584 1028 1611 unus
1050 1569 1246 1611 assistens
1292 1568 1593 1611 ministrorum
1627 1566 1750 1611 dedit

353 1657 383 1680 v»
419 1638 586 1697 alapam
609 1641 710 1681 Jesu
727 1673 736 1691 ‚
759 1637 904 1681 dicens
925 1658 932 1682 :
959 1638 1026 1682 Sic
1049 1637 1282 1696 respondes
1301 1638 1524 1697 pontifici?
1546 1641 1746 1696 Respon-

364 1726 383 1748 »
419 1708 482 1752 dit
498 1708 536 1750 ei
555 1711 702 1752 Jesus:
728 1708 770 1752 Si
789 1707 899 1750 male
921 1707 1093 1752 locutus
1116 1723 1226 1761 sum,
1253 1708 1548 1752 testimonium
1565 1708 1747 1766 perhibe

364 1795 384 1818 »
420 1776 475 1820 de
496 1777 610 1820 malo
631 1797 639 1820 z
665 1778 696 1820 si
721 1786 867 1820 autem
890 1778 1018 1831 bene,
1041 1778 1148 1837 quid
1170 1793 1240 1820 me
1262 1777 1420 1821 caedis?
1445 1781 1498 1821 Et
1518 1777 1632 1821 misit
1647 1792 1750 1821 eum

364 1865 384 1887 u
421 1850 566 1890 Annas
590 1847 768 1903 ligatum
788 1846 842 1889 ad
859 1848 1070 1905 Ca'ipham
1098 1847 1364 1905 pontificem.
1395 1865 1415 1888 »
1444 1847 1523 1891 Hic
1545 1862 1648 1891 sane
1676 1862 1748 1891 os-

361 1915 556 1959 tenditur
578 1916 695 1975 quod
719 1920 863 1960 Annas
888 1916 1082 1975 pontifex
1103 1926 1192 1959 erat
1220 1917 1442 1960 :nondum
1460 1917 1577 1960 enim
1596 1917 1750 1961 missus

363 1995 452 2028 erat
466 1987 519 2028 ad
541 1978 753 2041 Ca'ipbam
771 2021 780 2039 ‚
801 2002 899 2029 cum
918 1987 1007 2045 jam
1031 1987 1092 2029 illi
1115 1987 1333 2030 diceretur
1348 2022 1358 2040 ‚
1379 2007 1398 2028 «
1427 1988 1494 2031 Sic
1514 1987 1748 2046 respondes

367 2073 387 2096 »
423 2056 651 2114 pontifici?
673 2075 690 2096 n
712 2059 764 2099 Et
780 2057 859 2098 lios
879 2055 1010 2109 duos,
1031 2060 1200 2099 Annam
1220 2065 1261 2099 et
1275 2057 1487 2116 Ca'i'pham
1503 2058 1744 2116 pontifices,

362 2135 674 2182 commemorat
707 2126 835 2168 etiam
859 2128 997 2168 Lucas
1028 2125 1073 2169 in
1112 2126 1234 2169 initio
1266 2125 1489 2183 Evangelii
1523 2127 1636 2169 sui¹.
1673 2124 1749 2170 His

361 2194 486 2238 dictis
509 2197 696 2238 Joannes
721 2194 830 2238 redit
851 2195 905 2238 ad
923 2194 1041 2253 quod
1060 2205 1253 2254 coeperat
1275 2196 1329 2238 dc
1352 2197 1583 2254 negatione
1605 2197 1745 2250 Petri,

361 2264 403 2308 id
425 2274 487 2307 cst
503 2300 512 2318 ,
542 2264 595 2308 ad
618 2264 812 2308 eamdem
837 2264 1014 2308 domum
1035 2299 1046 2319 ,
1067 2265 1142 2308 ubi
1161 2274 1277 2322 gesta
1295 2275 1397 2308 sunt
1419 2282 1519 2325 quae
1537 2265 1744 2321 narravit,

361 2344 404 2378 et
426 2334 543 2377 unde
565 2334 618 2378 ad
644 2336 855 2393 Cai'pham
878 2335 1030 2377 missus
1047 2344 1108 2377 est
1125 2337 1248 2378 Jesus
1264 2369 1274 2388 ‚
1302 2335 1355 2378 ad
1376 2350 1508 2394 quem
1542 2335 1596 2378 ab
1619 2335 1744 2380 initio

359 2405 601 2449 ducebatur
618 2440 628 2457 ,
653 2407 765 2449 sicut
785 2406 892 2449 dixit
924 2406 1169 2448 Matthaeus.
1202 2406 1570 2450 Commemoravit
1598 2416 1746 2450 autem

358 2475 437 2518 ista
460 2478 648 2519 Joannes
678 2491 777 2534 quae
813 2475 1071 2533 interposuit
1111 2476 1397 2533 recapitulans
1419 2475 1473 2519 de
1510 2480 1662 2532 Petro,
1691 2486 1738 2521 et

361 2545 415 2589 ad
436 2560 529 2588 eam
552 2546 840 2590 narrationem
865 2546 1033 2589 rediens
1049 2580 1059 2598 ,
1084 2545 1143 2588 ita
1181 2544 1313 2599 dicit,
1348 2555 1398 2591 ut
1424 2546 1643 2605 compleat
1667 2547 1745 2591 tri·

412 2635 419 2650 ¹
441 2630 517 2660 Luc.
540 2640 588 2669 ιιι,
607 2638 638 2661 ⁴2.
