1819 3301
353 258 636 294 QUAESTIONUM
670 256 1029 296 EvANessnonuM,
1065 259 1147 285 Lm.
1184 260 1213 284 1.
1387 248 1471 287 289

99 338 119 362 »
155 323 346 365 rescere¹
376 342 384 366 :
415 342 434 364 »
461 324 562 384 quia
591 340 614 369 a
650 325 835 384 peccatis
871 325 1003 369 homo
1023 323 1250 379 liberatus,
1276 324 1473 382 pervenit

94 390 149 435 ad
171 390 313 437 lucem
331 393 525 453 justitiae.

588 539 822 592 QUAEsTIO
854 545 956 583 vlu.

151 690 170 714 «
191 673 290 716 CUM
311 672 485 730 spiritus
506 673 757 718 immundus
778 675 925 718 exierit
943 674 997 718 ab
1013 675 1237 729 homine2‚
1264 692 1283 715 >›
1304 673 1468 731 signifi-

87 751 156 786 cat
180 741 390 801 quosdam
410 744 467 786 ita
488 744 726 788 credituros
744 779 754 798 ,
787 754 837 788 ut
867 743 978 788 ferre.
1005 760 1093 789 non
1113 745 1274 803 possint
1300 744 1469 788 labores

85 814 390 869 continentiae,
420 824 463 859 ct
492 815 546 859 ad
575 816 785 860 saeculum
816 815 998 859 redituri
1022 817 1120 859 sint.
1154 815 1276 869 Quod
1300 815 1468 859 dictum

83 893 173 928 est:
204 903 223 927 «
252 885 441 927 Assumit
469 900 616 929 secum
643 885 746 929 alios
774 887 970 945 septem3
992 921 1002 940 ,
1033 905 1051 926 »
1081 885 1339 944 intelligitur
1363 885 1466 944 quia

81 970 182 998 cum
204 956 300 1015 quis
322 955 527 999 ceciderit
551 955 605 999 de
623 955 788 1015 justitia
807 991 817 1013 ,
834 956 964 1000 etiam
987 955 1306 999 simulationem
1330 955 1467 998 habe-

79 1025 159 1068 bit.
200 1025 424 1084 Cupiditas
458 1027 574 1070 enim
609 1027 748 1070 carnis
783 1026 958 1085 expulsa
994 1042 1071 1086 per
1102 1026 1404 1086 poenitentiam
1441 1041 1465 1070 a

33 1128 35 1131 -
78 1096 294 1139 consuetis
316 1096 521 1155 operibus
539 1131 549 1151 ,
567 1112 666 1140 cum
691 1112 780 1141 non
800 1097 1013 1141 invenerit
1032 1098 1077 1140 in
1098 1097 1256 1157 quibus
1275 1096 1465 1140 delecta-

78 1165 268 1210 tionibus
287 1167 613 1227 conrequiescat
630 1180 650 1222 ,'
668 1167 836 1212 avidius
857 1167 970 1211 redit
990 1202 1000 1222 ,
1034 1177 1076 1211 et
1103 1183 1248 1211 rursus
1276 1175 1462 1225 occupat

75 1245 265 1280 mentem
289 1238 495 1292 bominis,
529 1238 562 1281 si
594 1253 693 1282 cum
722 1237 844 1296 pulsa
868 1246 999 1292 essct,
1020 1236 1283 1296 negligentia
1309 1237 1461 1280 subse-

73 1316 173 1351 cuta
196 1317 279 1362 est,
298 1317 347 1352 ut
374 1324 460 1352 non
488 1307 838 1352 introduceretur
864 1318 1072 1368 tanquam
1092 1308 1309 1351 habitator
1326 1323 1458 1351 mun-

72 1377 184 1420 datae
210 1377 359 1421 domui
385 1394 524 1421 sermo
544 1378 618 1421 Dei
635 1394 710 1437 per
729 1393 875 1422 sanam
894 1379 1152 1422 doctrinam.
1177 1381 1233 1421 Et
1251 1378 1457 1437 quoniam

70 1462 159 1490 non
181 1447 321 1491 solum
350 1448 529 1491 habebit
550 1447 622 1491 illa
647 1457 811 1506 septem
839 1448 941 1492 vitia
958 1484 968 1503 ,
1002 1464 1099 1507 quae
1123 1457 1287 1506 septem
1314 1447 1455 1491 virtu-

68 1518 184 1562 tibus
215 1518 482 1577 spiritalibus
517 1527 619 1562 sunt
641 1519 849 1562 contraria
868 1553 878 1571 ,
911 1517 985 1562 sed
1007 1519 1135 1562 etiarn
1158 1533 1234 1577 per
1256 1518 1455 1576 hypocri-

67 1587 147 1631 sim
165 1604 209 1632 se
223 1588 335 1648 ipsas
355 1588 536 1632 virtutes
550 1588 712 1631 habere
728 1587 949 1631 simulabit
964 1607 971 1632 :
984 1597 1210 1647 propterea
1230 1588 1454 1646 assumptis

65 1674 214 1703 secum
239 1669 403 1719 septem
428 1659 520 1703 aliis
546 1659 852 1718 nequioribus,
882 1659 965 1702 hoc
986 1668 1070 1713 est,
1096 1659 1186 1717 ipsa
1212 1659 1451 1717 septenaria

65 1729 361 1784 simulatione,
387 1730 500 1773 redit
534 1728 606 1772 illa
638 1728 1013 1787 concupiscentia,
1040 1737 1089 1772 ut
1116 1728 1201 1772 sint
1223 1729 1450 1773 novissima

63 1799 251 1844 hominis
266 1801 413 1860 pejora
436 1814 568 1859 quam
590 1808 712 1843 erant
734 1799 887 1857 prima.

589 1947 825 1996 QUAEs'rlo
857 1948 923 1985 lx.

118 2082 244 2133 Quon
267 2079 371 2123 dicit
397 2097 406 2124 ε
438 2097 459 2121 «
485 2077 616 2123 Aliud
634 2080 915 2123 centesimum
933 2113 943 2133 ,
962 2077 1081 2121 aliud
1104 2079 1411 2135 sexagesimum
1426 2114 1437 2135 ,

62 2168 82 2191 »
118 2151 237 2194 aliud
272 2151 569 2209 trigesimum4
592 2169 600 2194 ε
626 2168 645 2190 »
667 2150 948 2193 centesimum
975 2151 1238 2205 Martyrum,
1264 2159 1439 2208 propter

58 2221 296 2264 satietatem
332 2221 431 2265 vitae
460 2219 530 2264 vel
563 2229 863 2278 contemptum
899 2219 1046 2262 mortis
1081 2237 1088 2262 :
1128 2219 1437 2275 sexagesimum

58 2290 313 2348 Virginum,
352 2299 529 2349 propter
560 2291 695 2334 otium
735 2289 941 2341 interius,
979 2287 1080 2346 quia
1115 2303 1203 2331 non
1239 2297 1436 2346 pugnant

55 2371 203 2405 contra
223 2360 586 2405 consuetudinem
613 2360 780 2416 carnis,
815 2357 923 2402 solet
956 2357 1071 2400 enim
1092 2357 1229 2400 otium
1256 2357 1436 2402 concedi

53 2432 336 2490 sexagenariis
363 2440 461 2492 post
480 2431 689 2476 'militiam
706 2465 717 2486 ,
758 2429 827 2475 vel
853 2437 952 2488 post
982 2428 1170 2472 actiones
1204 2428 1399 2487 publicas
1421 2447 1429 2473 ε

540 2525 653 2558 Matth.
682 2536 737 2566 ιιι,
770 2523 824 2566 43.
857 2539 897 2545 -
923 2520 1035 2554 ³1bid.
1061 2521 1114 2564 45,
1143 2539 1185 2544 -
1211 2521 1226 2552 4
1253 2523 1299 2555 Id.
1325 2535 1393 2566 xm,
1413 2524 1434 2555 8

99 2533 108 2549 ¹
143 2535 162 2558 2
189 2528 262 2559 Cor.
289 2537 334 2568 lv,
364 2527 396 2558 6.
421 2542 462 2550 —-
494 2533 506 2548 ²

50 2585 83 2613 et
104 2582 157 2614 23.

213 2644 332 2674 cxxi.
1251 2632 1297 2669 15)
