1819 3301
353 252 432 287 112
760 259 792 287 s.
828 259 1059 289 AUGUSTLNI
1094 262 1274 289 EPISCOPI

347 335 472 385 putet
489 342 606 371 nunc
624 328 834 386 accepisse
852 342 1012 372 nomen
1034 327 1276 380 Simonem,
1303 335 1353 371 ut
1382 329 1533 370 Petrus
1555 342 1734 372 vocare·

346 405 440 451 tur,
462 405 504 440 et
527 397 579 441 sit
603 398 868 442 contrarium
891 397 1048 441 Joanni
1081 397 1157 457 qui
1177 396 1306 456 longe
1344 406 1444 441 ante
1476 395 1540 441 illi
1569 396 1735 442 dictum

347 482 436 512 esse
468 476 810 512 commemorat:
841 486 860 509 «
888 470 953 511 Tu
976 467 1198 512 vocaberis
1228 468 1421 528 Cephas,
1458 467 1579 528 quod
1599 468 1737 512 inter-

350 555 369 578 »
405 546 600 597 pretatur
632 541 782 581 Petrus
803 539 815 562 ¹
844 556 852 582 :
883 556 900 578 »
926 538 1016 597 ipsa
1039 538 1155 582 enim
1178 537 1311 583 verba
1335 538 1508 582 Domini
1543 554 1737 583 comme-

346 609 529 652 moravit
549 643 559 663 ,
589 608 749 667 quibus
766 608 803 652 ei
826 623 988 653 nomen
1016 609 1223 669 imposuit
1258 629 1266 653 :
1287 612 1458 653 Marcus
1487 618 1631 654 autem
1653 610 1738 654 hoc

343 677 441 722 loco
462 678 508 722 id
526 679 852 738 recapitulando
874 680 1245 734 commemoravit,
1280 696 1381 725 cum
1398 681 1458 725 ait
1486 700 1494 725 ε
1524 700 1544 723 «
1567 684 1624 725 Et
1643 681 1730 724 im-

346 765 366 789 »
402 749 547 806 posuit
582 749 745 794 Simoni
778 765 940 794 nomen
964 754 1129 795 Petrus.
1161 768 1181 791 »
1207 752 1320 795 Cum
1349 751 1465 794 enim
1500 749 1634 794 vellet
1655 766 1737 795 no-

350 818 466 861 mina
479 818 710 864 duodecim
719 819 1029 879 Apostolorum
1042 835 1312 875 enumerare,
1325 829 1367 864 et
1379 835 1551 864 necesse
1559 820 1740 865 haberet

350 891 529 932 Petrum
548 889 714 944 dicere,
748 890 936 934 breviter
964 891 1183 933 insinuare
1220 889 1358 934 voluit
1381 889 1501 950 quod
1537 905 1626 934 non
1656 890 1739 935 hoc

352 968 478 1003 antea
500 969 749 1015 vocaretur,
774 960 850 1004 sed
871 961 953 1004 hoc
973 961 1012 1004 ei
1034 961 1245 1004 Dominus
1268 976 1430 1005 nomen
1452 961 1736 1020 imposuerit,

351 1046 441 1075 non
463 1041 591 1087 tunc,
617 1031 693 1076 sed
714 1030 893 1091 quando
916 1035 1104 1076 Joannes
1123 1033 1214 1092 ipsa
1230 1033 1363 1077 verba
1381 1032 1555 1077 Domini
1573 1032 1735 1092 posuit.

350 1103 516 1147 Caetera
548 1102 658 1147 nihil
688 1103 890 1162 cuiquam
921 1113 1190 1162 repugnant,
1215 1112 1259 1148 et
1290 1113 1416 1148 antea
1433 1105 1523 1163 jam
1548 1112 1741 1163 pertrac-

348 1180 437 1217 tata
459 1182 576 1218 sunt.

351 1353 524 1370 QUWUXWS'B
531 1355 807 1371 wuwvnwvsmtml
813 1355 880 1371 ΛΑΜ
886 1356 952 1372 lim
959 1356 1094 1372 WWUWV!
1101 1355 1165 1372 m
1171 1356 1236 1372 WV!
1244 1356 1451 1372 wlstdfflmfflul
1458 1355 1738 1372 mxummvvsm

865 1501 1081 1551 CAPUT
1121 1505 1208 1552 lv.

479 1658 614 1702 ,Iussi
633 1668 794 1704 tacere
816 1660 900 1718 qui
919 1661 1077 1721 magis
1101 1670 1240 1705 erant
1258 1659 1594 1720 praedicaturi.

401 1807 454 1848 V.
479 1807 699 1859 SEQmez
727 1809 898 1851 Marcus
929 1826 937 1851 ε
970 1826 989 1848 «
1028 1810 1085 1851 Et
1116 1823 1218 1852 cum
1249 1808 1584 1853 transcendisset
1611 1811 1735 1854 Jesus

345 1894 365 1916 »
401 1875 447 1919 in
472 1877 569 1919 navi
600 1893 746 1921 rursus
773 1876 1079 1934 transfretum,
1115 1878 1323 1922 convenit
1356 1880 1484 1922 turba
1518 1878 1657 1923 multa
1679 1878 1735 1923 ad

344 1966 365 1988 »
402 1945 548 2001 illum,
575 1956 618 1990 et
646 1956 737 1991 erat
767 1947 879 1991 circa
914 1963 1032 1991 mare
1053 1983 1063 2003 ,
1104 1965 1125 1988 )›
1146 1957 1229 1992 etc.
1271 1963 1408 2008 usque
1447 1949 1502 1991 ad
1521 1948 1634 1992 illud
1656 1949 1735 1993 ubi

342 2017 400 2061 ait
427 2037 434 2062 :
465 2037 485 2060 «
510 2021 567 2062 Et
583 2018 891 2063 convenientes
912 2017 1109 2077 Apostoli
1128 2017 1182 2061 ad
1198 2021 1348 2062 Jesum
1372 2019 1735 2063 renuntiaverunt

342 2106 361 2129 »
398 2088 458 2131 illi
476 2089 619 2133 omnia
637 2125 647 2143 ,
669 2106 768 2150 quae
791 2098 983 2146 egerant,
1006 2098 1048 2132 et
1064 2089 1347 2133 docuerant2.
1371 2107 1390 2130 »
1415 2091 1508 2133 Hoc
1527 2089 1733 2132 ultimum

339 2159 445 2202 dixit
465 2175 566 2203 cum
587 2162 702 2204 Luca
719 2195 729 2214 ,
748 2158 883 2203 nihilo
901 2158 1169 2203 discordans3
1196 2178 1204 2204 ι
1221 2168 1373 2203 caetera
1395 2160 1484 2218 jam
1508 2168 1608 2203 ante
1622 2168 1732 2203 trac·

338 2237 424 2273 tata
448 2240 564 2273 sunt.
595 2230 801 2290 Sequitur
819 2233 990 2274 Marcus
1009 2248 1017 2273 ;
1044 2248 1062 2271 «
1077 2232 1133 2273 Et
1155 2229 1214 2273 ait
1235 2229 1319 2272 illis
1339 2229 1516 2273 :Venite
1538 2245 1728 2274 seorsum

339 2318 359 2341 >›
395 2301 441 2345 in
463 2301 684 2346 desertum
710 2301 878 2356 locum,
904 2311 947 2346 et
969 2301 1225 2361 requiescite
1247 2299 1476 2359 pusillum,
1500 2319 1520 2342 »
1547 2310 1629 2345 etc.
1655 2317 1730 2345 us-

341 2387 426 2431 que
449 2373 503 2416 ad
534 2371 645 2416 illud
679 2371 756 2415 ubi
780 2372 839 2416 ait
865 2392 874 2416 ε
897 2375 1113 2425 «Quanto
1148 2381 1293 2416 autem
1331 2370 1389 2415 eis
1422 2371 1725 2431 praecipiebat,

339 2459 359 2482 »
387 2451 508 2487 tanto
531 2443 666 2502 magis
690 2442 787 2502 plus
819 2442 1138 2502 praedicabant,
1175 2451 1218 2486 et
1241 2457 1292 2486 co
1323 2440 1507 2501 amplius
1537 2441 1728 2486 admira-

340 2529 361 2553 »
398 2512 582 2569 bantur,
608 2512 800 2558 dicentes
823 2532 832 2558 :
862 2532 882 2556 (ι
906 2516 1023 2557 Bene
1044 2513 1190 2560 omnia
1211 2512 1342 2568 fecit,
1373 2521 1418 2557 et
1437 2511 1589 2558 surdos
1619 2512 1726 2558 fecit

387 2613 394 2630 ¹
416 2611 507 2641 Joan.
523 2620 546 2651 1,
565 2609 617 2651 42.
639 2627 681 2634 —-
701 2616 714 2633 ²
729 2611 832 2643 Marc.
855 2620 886 2651 v,
905 2618 960 2652 21,
981 2614 1015 2642 et
1032 2621 1076 2652 vi,
1095 2609 1146 2643 30.
1164 2626 1205 2633 —
1222 2607 1235 2633 3
1255 2611 1333 2642 Luc.
1355 2620 1401 2651 1x,
1421 2620 1471 2642 ιο.
