1819 3301
284 266 337 291 DE
368 264 573 292 comsmssu
608 262 1015 301 EVANGELisTAn0M‚
1051 264 1130 289 Lm.
1169 265 1233 289 ω.
1388 253 1442 290 65

73 437 352 454 mmmvww
356 436 634 453 ΛΛΙἋΜἋΛΝἉΝΛΑΑ
638 436 846 452 ΑΛΜσννᾺΜΙΑΑ
850 433 1442 452 ᾹΜΝΜΜΜΛΜΝΛΝΒΜΜΜΜΜΜ

536 557 755 606 CAPUT
796 558 988 606 XVIII.

439 697 691 744 Extremae
708 714 852 744 voces
874 697 1085 744 Domini.

134 845 222 887 LV.
243 845 462 897 SEQUITUR
474 845 732 889 Matthaeus:
756 863 775 886 «
791 847 815 889 J
819 859 914 888 esus
929 852 1076 888 autem
1089 842 1247 885 iterum
1264 840 1454 885 clamans

77 931 97 955 »
131 929 237 959 voce
258 928 412 971 magna
435 913 573 957 emisit
591 914 790 973 spiritum
806 917 836 956 1.
861 932 880 955 »
899 917 1068 958 Marcus
1085 910 1278 955 similiter
1303 930 1311 955 :
1338 930 1358 952 «
1377 913 1453 954 Je-

78 1001 98 1026 »
133 999 202 1028 sus
218 993 362 1028 autem
380 984 531 1027 emissa
548 999 654 1028 voce
670 998 827 1042 magna
844 984 1053 1043 expiravit
1069 971 1100 1025 ²⁵.
1121 1001 1140 1023 n
1158 985 1295 1025 Lucas
1311 989 1455 1024 autem

75 1053 182 1114 quid
198 1055 287 1112 ipsa
309 1068 415 1098 voce
437 1068 590 1110 magna
604 1053 781 1107 dixerit,
800 1053 1032 1097 declaravit
1050 1071 1058 1097 :
1078 1051 1184 1096 dixit
1203 1052 1316 1094 enim
1335 1070 1343 1095 :
1361 1069 1387 1092 -«
1402 1053 1460 1095 Et

78 1141 98 1164 υ
133 1122 323 1167 clamans
353 1138 459 1167 voce
488 1138 643 1180 magna
658 1125 780 1166 ‚Iesus
796 1124 853 1166 ait
879 1142 887 1167 :
915 1126 1064 1177 Pater,
1099 1123 1144 1164 in
1177 1137 1331 1164 manus
1364 1130 1458 1164 tuas

82 1211 102 1235 ι)
139 1193 397 1237 commendo
414 1193 611 1252 spiritum
628 1208 774 1237 meum
797 1212 805 1237 ;
826 1202 868 1236 et
889 1193 983 1236 haec
996 1192 1141 1236 dicens
1164 1190 1414 1250 expiravit3.
1436 1206 1458 1229 »

76 1265 262 1307 Joannes
284 1278 387 1308 vero
409 1263 518 1307 sicut
550 1263 711 1318 tacuit,
746 1262 865 1306 illam
892 1278 1042 1307 vocem
1069 1263 1276 1321 primam,
1307 1280 1327 1302 «
1360 1259 1458 1314 Eli,

79 1349 99 1373 »
134 1332 218 1388 Eli,
233 1351 252 1374 »
270 1348 400 1392 quam
415 1333 647 1377 Matthaeus
660 1342 702 1377 et
715 1336 886 1377 Marcus
900 1332 1165 1386 retulerunt,
1181 1331 1317 1375 tacuit
1328 1329 1458 1373 etiam

50 1433 55 1436 -
75 1401 200 1446 istam
221 1419 353 1462 quam
376 1406 512 1447 Lucas
536 1402 650 1446 solus
672 1402 876 1446 indicavit
891 1424 900 1459 3
918 1401 981 1445 illi
1005 1411 1149 1445 autem
1170 1401 1259 1445 duo
1281 1399 1459 1444 nomine

75 1474 190 1519 vocis
225 1489 393 1531 magnae
413 1474 764 1532 significaverunt
783 1508 793 1528 ‚
821 1473 867 1516 id
893 1481 956 1517 est
981 1488 989 1513 ε
1021 1491 1040 1513 «
1068 1476 1210 1523 Pater,
1237 1472 1282 1514 in
1304 1485 1458 1514 manus

79 1562 99 1585 »
135 1553 230 1588 tuas
253 1542 513 1587 commendo
540 1544 737 1602 spiritum
752 1558 895 1586 meum
916 1562 924 1586 2
943 1561 963 1583 η
983 1541 1104 1602 quod
1118 1556 1218 1584 eum
1242 1556 1348 1585 voce
1366 1555 1461 1583 ma-

77 1629 161 1672 gna
183 1612 338 1657 dixisse
360 1622 403 1656 et
421 1614 510 1671 ipse
532 1615 668 1656 Lucas
690 1612 883 1656 similiter
901 1620 1126 1656 attestatus
1144 1620 1227 1664 est,
1258 1619 1308 1653 ut
1329 1608 1460 1652 intel—

75 1682 303 1741 ligeremus
336 1683 451 1726 hanc
473 1680 602 1725 fuisse
622 1696 772 1725 vocem
806 1696 1008 1738 magnam
1027 1715 1037 1734 ,
1068 1695 1199 1739 quam
1227 1679 1460 1723 Matthaeus

77 1761 120 1796 et
155 1756 326 1796 Marcus
369 1759 832 1795 commemoraverunt.
867 1750 951 1794 Sed
979 1748 1086 1792 dixit
1118 1752 1304 1792 Joannes
1340 1746 1460 1807 quod

78 1822 225 1866 nullus
242 1821 416 1865 illorum
435 1821 583 1876 trium,
602 1836 701 1864 eum
720 1820 872 1864 dixisse
889 1839 898 1864 ;
918 1839 937 1861 «
958 1822 1320 1863 Consummatum
1334 1827 1412 1872 est,
1435 1835 1457 1858 »

78 1908 177 1937 cum
222 1901 394 1936 acetum
432 1892 660 1950 accepisset
687 1911 696 1935 :
727 1891 847 1949 quod
876 1906 976 1934 eum
1007 1899 1107 1933 ante
1140 1890 1277 1948 ipsam
1307 1902 1460 1933 vocem

79 1977 282 2021 magnam
304 1961 459 2006 dixisse
479 1960 775 2018 intelligimus.
803 1963 906 2004 Haec
928 1969 1030 2004 sunt
1050 1960 1165 2003 enim
1178 1959 1311 2003 verba
1326 1961 1350 2002 J
1354 1974 1462 2003 oan-

80 2032 144 2076 nis
166 2051 175 2077 ε
196 2051 216 2074 «
238 2033 350 2077 Cum
369 2045 470 2088 ergo
493 2030 722 2088 accepisset
744 2032 866 2074 Jesus
883 2038 1076 2084 acetum,
1096 2029 1204 2073 dixit
1221 2048 1230 2073 :
1246 2032 1464 2073 Consum-

83 2120 104 2143 »
138 2111 305 2146 matum
335 2109 430 2158 est3
467 2109 510 2144 et
542 2099 749 2144 inclinato
790 2101 929 2159 capite
957 2099 1135 2144 tradidit
1168 2099 1408 2158 spiritum‘&
1437 2116 1458 2139 »

83 2174 201 2215 Inter
237 2170 350 2215 illud
381 2170 502 2230 quod
524 2170 582 2214 ait
608 2188 616 2214 :
660 2189 679 2211 «
704 2172 1066 2214 Consummatum
1102 2177 1166 2213 est
1192 2187 1200 2212 :
1234 2187 1253 2209 »
1280 2177 1323 2212 et
1350 2166 1463 2211 illud

81 2240 202 2300 quod
219 2240 278 2284 ait
295 2259 303 2284 ε
324 2258 344 2282 «
361 2239 636 2284 Etinclinato
654 2239 795 2298 capite
816 2238 994 2283 tradidit
1010 2238 1208 2297 spiritum
1233 2256 1241 2281 ε
1268 2255 1288 2278 »
1313 2237 1464 2280 emissa

83 2320 147 2354 est
175 2309 248 2354 illa
270 2325 354 2356 vox
375 2324 530 2367 magna
564 2324 696 2369 quam
734 2309 870 2353 tacuit
895 2309 994 2363 iste,
1032 2308 1176 2352 caeteri
1207 2316 1352 2351 autem
1380 2314 1466 2349 tres

82 2387 552 2425 commemoraverunt.
570 2382 664 2424 Hoc
677 2379 791 2423 enim
807 2387 985 2438 apparet
999 2393 1087 2422 esse
1105 2376 1282 2431 ordinis,
1304 2385 1354 2420 ut
1368 2384 1469 2419 ante

134 2483 142 2499 ¹
168 2474 285 2509 Manli.
316 2486 417 2518 xxvu,
443 2475 499 2510 50.
519 2492 562 2498 —
582 2482 595 2499 ²
626 2477 726 2508 Marc.
754 2485 808 2514 xv,
830 2474 881 2516 37.
902 2491 943 2498 --
964 2473 976 2498 3
995 2476 1072 2507 Luc.
1099 2484 1187 2514 xxm,
1207 2471 1263 2514 46.
1280 2489 1322 2495 —
1340 2471 1356 2501 4
1375 2474 1466 2504 Joan.

86 2542 151 2573 xix,
168 2532 220 2565 30.

303 2606 425 2637 exn.
1329 2592 1352 2629 5
