1819 3301
282 260 334 286 οε
366 256 572 286 consensu
604 252 1012 291 EVANGELlsTARUM,
1048 255 1130 280 Lm,
1166 255 1229 279 111.
1374 243 1427 279 77

55 326 114 368 cis
131 359 141 378 ,
162 324 320 384 quibus
343 322 542 367 volumus
564 320 801 378 significare
818 319 1048 378 temperius
1071 317 1234 377 aliquid
1267 318 1431 361 facien-

56 393 177 437 dum.
211 396 322 438 Cum
343 392 459 436 enim
492 390 722 434 dixerimus
740 424 750 443 ,
776 404 930 444 mane,
953 403 1008 431 ne
1040 396 1196 447 putent
1222 389 1311 446 jam
1345 387 1433 430 sole

55 479 183 522 supra
210 472 368 507 terram
391 460 625 519 conspicuo
662 475 739 503 nos
772 459 914 502 dicere
934 494 945 514 ,
972 458 1027 502 ad
1058 458 1142 502 hoc
1176 457 1434 516 plerumque

57 533 271 588 addimus,
293 532 430 576 Valde
452 546 594 585 mane,
614 528 785 573 utillud
810 529 929 589 quod
950 529 1078 572 etiam
1100 527 1342 571 albescente
1358 542 1437 571 vo-

0 639 1 643 ,
56 612 177 647 catur
192 638 202 658 ,
223 602 494 660 intelligant:
513 614 764 660 quanquam
783 607 825 641 et
845 599 929 642 hoc
951 600 1157 642 usitatum
1180 598 1247 652 sit,
1273 606 1323 641 ut
1340 606 1437 656 post

57 672 157 731 galli
179 681 356 716 cantum
379 686 491 730 saepe
513 669 744 728 repetitum
763 683 861 712 cum
882 670 1124 728 conjectare
1135 668 1332 713 homines
1350 683 1437 711 coe-

0 771 1 776 =
55 742 198 800 perint
228 741 340 800 diem
368 740 457 799 jam
479 738 798 798 propinquare,
829 736 997 791 dicant,
1020 740 1116 781 Jam
1138 753 1265 781 mane
1286 746 1370 795 est,
1395 745 1438 780 et

44 826 156 855 cum
173 819 269 869 post
289 810 372 854 hoc
393 809 575 854 verbum
599 806 878 861 attenderint,
901 816 940 850 et
956 808 1046 867 jam
1070 807 1263 864 oriente3
1288 808 1332 850 id
1350 816 1435 862 est,

51 882 140 940 jam
183 879 237 924 de
273 879 467 939 proximo
505 877 763 922 adveniente
795 877 840 921 in
861 878 937 921 has
958 887 1100 937 partes
1122 878 1211 921 sole
1231 913 1241 932 ‚
1278 877 1438 921 coelum

0 978 2 983 =
57 949 362 994 rubescerevel
376 949 591 993 albescere
600 947 801 1002 viderint,
815 947 978 992 addant
992 949 1067 1008 qui
1079 947 1280 991 dicebant
1292 967 1299 991 :
1313 951 1439 992 Mane

0 1047 1 1083 ζ
58 1030 134 1075 est,
152 1030 194 1064 et
207 1020 353 1064 dicant
366 1018 517 1062 :Valde
531 1033 656 1060 mane
669 1016 869 1069 est.Quid
884 1026 1028 1060 autem
1046 1018 1222 1061 interest
1234 1017 1339 1061 dum
1350 1018 1440 1061 sive

58 1090 133 1134 illo
151 1090 238 1134 sive
255 1091 338 1133 isto
360 1089 491 1132 modo
506 1087 615 1130 nibil
638 1087 756 1130 aliud
774 1086 1066 1145 intelligamus
1083 1104 1105 1131 a
1126 1091 1273 1132 Marco
1291 1087 1440 1147 appel—

0 1195 2 1215 r
57 1160 192 1204 latum
222 1179 240 1201 «
263 1163 407 1213 Mane,
430 1176 448 1198 >›
475 1158 555 1201 nisi
576 1157 697 1217 quod
716 1160 851 1200 Lucas
872 1157 1141 1216 appellavit«
1165 1157 1366 1202 Diluculo
1385 1178 1396 1214 3
1418 1176 1436 1198 »

0 1255 2 1263 >
59 1240 102 1275 et
123 1232 221 1285 hoc,
243 1250 261 1271 «
281 1228 418 1274 Valde
440 1243 588 1282 mane,
619 1226 774 1287 »quod
803 1226 891 1281 ille,
922 1246 940 1268 «
962 1228 1098 1270 Valde
1121 1227 1331 1282 diluculo,
1352 1246 1372 1268 ))
1398 1237 1441 1271 et

59 1302 182 1361 quod
206 1303 408 1354 Joannes,
434 1318 453 1341 «
486 1302 615 1342 Mane
642 1313 743 1341 cum
768 1296 910 1340 adhuc
933 1297 1124 1341 tenebrae
1152 1300 1318 1341 essent?
1345 1297 1442 1342 Sole

62 1389 82 1412 »
119 1380 264 1415 autem
283 1372 373 1430 jam
398 1369 578 1422 oriente,
608 1385 628 1408 »
649 1367 694 1411 id
718 1376 796 1422 est,
829 1376 927 1411 ortu
949 1383 1026 1411 suo
1043 1369 1131 1427 jam
1155 1368 1315 1411 coelum
1339 1368 1442 1410 illu-

60 1442 224 1485 minare
261 1441 509 1498 incipiente.
549 1437 779 1491 Quomodo
816 1453 917 1496 ergo
953 1439 1019 1481 his
1057 1439 1195 1482 tribus
1231 1447 1443 1496 congruat

27 1564 29 1566 ,
60 1511 314 1565 Matthaeus,
342 1510 417 1569 qui
440 1524 519 1552 nec
543 1508 759 1562 diluculo,
784 1523 863 1551 nec
886 1523 1037 1562 mane,
1063 1507 1154 1563 sed,
1190 1527 1208 1549 «
1236 1511 1438 1567 Vespere,

64 1599 84 1622 »
121 1581 195 1635 ait,
221 1581 388 1624 sabbati
412 1578 701 1638 quaelucescit
718 1578 763 1620 in
784 1579 964 1636 primam
980 1579 1176 1621 sabbati:
1201 1579 1441 1621 »attentius

60 1650 358 1709 indagandum
381 1658 458 1692 est.
483 1650 520 1691 A
539 1657 660 1706 parte
686 1647 847 1706 quippe
873 1647 1011 1705 prima
1047 1647 1205 1701 noctis,
1237 1648 1356 1707 quod
1379 1657 1459 1691 est·

60 1737 211 1780 vesper
230 1757 240 1775 ,
260 1721 394 1780 ipsam
418 1728 589 1763 noctem
617 1718 756 1762 voluit
777 1717 1015 1775 significare
1036 1718 1267 1761 Matthaeus
1283 1753 1293 1772 ,
1319 1719 1441 1777 cujus

61 1791 197 1835 noctis
219 1792 306 1833 fine
333 1797 548 1834 venerunt
577 1787 777 1831 mulieres
813 1785 867 1829 ad
888 1796 1238 1830 monumentum.
1260 1790 1322 1831 Ea
1341 1803 1440 1831 vero

61 1876 187 1905 causa
210 1859 464 1916 intelligitur
487 1858 684 1902 eamdem
706 1866 879 1901 noctem
897 1858 954 1901 sic
968 1857 1218 1917 appellasse,
1241 1858 1440 1917 quiajam

63 1948 85 1976 a
111 1945 286 1990 vespere
310 1929 469 1973 licebat
496 1928 650 1971 afferre
681 1937 887 1982 aromata,
917 1937 1132 1972 transacto
1155 1929 1308 1988 utique
1339 1929 1440 1972 sab-

64 2002 180 2045 bato.
205 2003 319 2057 Ergo
349 1998 557 2059 quoniam
585 1998 765 2042 sabbato
782 1997 1149 2057 impediebantur,
1167 2008 1217 2042 ut
1231 2014 1319 2043 non
1339 2008 1439 2043 ante

62 2072 270 2126 facerent,
284 2071 338 2114 ab
352 2086 402 2114 eo
416 2079 610 2129 tempore
623 2070 1060 2124 nominavitnoctem,
1073 2085 1123 2117 ex
1139 2086 1226 2129 quo
1241 2070 1298 2114 eis
1311 2070 1440 2113 licere

63 2142 195 2201 coepit
219 2150 269 2185 ut
289 2141 481 2185 facerent
497 2175 507 2195 ‚
533 2155 812 2200 quocumque
842 2139 1004 2184 vellent
1031 2149 1225 2200 tempore
1247 2140 1441 2200 ejusdem

65 2212 217 2256 noctis.
247 2211 315 2256 Sic
337 2211 483 2269 itaque
506 2209 671 2254 dictum
688 2219 752 2253 est
777 2228 786 2253 :
816 2227 834 2250 «
856 2212 1042 2269 Vespere
1064 2210 1232 2253 sabbati
1253 2245 1263 2264 ,
1290 2228 1309 2251 η
1335 2226 1383 2254 ac
1409 2210 1442 2253 si

65 2281 298 2336 diceretur,
314 2283 451 2325 Nocte
474 2279 663 2334 sabbati,
686 2278 729 2322 id
751 2288 828 2332 est,
845 2289 972 2323 nocte
995 2296 1094 2339 quae
1117 2280 1311 2339 sequitur
1325 2279 1441 2323 diem

66 2351 237 2396 sabbati
257 2370 265 2395 t
283 2349 403 2410 quod
419 2350 509 2408 ipsa
530 2349 662 2393 verba
681 2350 771 2408 ejus
786 2349 884 2393 satis
903 2349 1110 2393 indicant.
1135 2351 1202 2394 Sic
1224 2351 1336 2393 enim
1354 2349 1412 2393 ait
1431 2368 1439 2393 :

71 2441 90 2464 «
116 2424 303 2481 Vespere
350 2429 492 2464 autem
527 2419 697 2463 sabbati
726 2435 824 2479 quae
861 2419 1033 2463 lucessit
1059 2420 1101 2463 in
1129 2421 1307 2478 primam
1343 2420 1441 2464 sab-

70 2510 89 2534 »
126 2493 251 2547 bati3
293 2490 458 2551 »quod
495 2490 588 2534 fleri
623 2505 711 2534 non
748 2499 916 2550 potest,
953 2492 985 2534 si
1014 2491 1317 2535 tantummodo
1351 2492 1443 2551 pri—

68 2577 183 2606 mam
220 2562 361 2606 noctis
392 2559 673 2619 particulam,
708 2559 754 2604 id
800 2569 895 2616 est,
929 2560 1068 2605 solum
1097 2561 1270 2606 initium
1303 2564 1441 2607 noctis
