1819 3301
363 271 416 307 10
788 279 820 305 s.
857 275 1081 304 Aucusnm
1113 276 1294 304 Emscol’l

362 361 383 385 »
417 343 485 387 lus
506 355 656 387 vocem
674 340 866 394 dederit,
887 348 950 382 ter
967 353 1036 382 me
1053 353 1096 382 es
1117 347 1348 396 negaturus
1365 340 1394 381 ¹.
1424 356 1444 379 »
1463 339 1574 383 Cum
1595 338 1742 399 itaque

360 427 509 456 omnes
526 412 673 455 dicant
689 445 699 464 ‚
726 408 966 470 praedixisse
988 408 1223 452 Dominum
1245 406 1364 468 quod
1381 422 1481 450 eum
1500 409 1652 451 Petrus
1673 422 1740 451 es-

361 490 425 525 set
445 490 679 539 negaturus
709 488 940 538 antequam
961 475 1097 535 gallus
1119 486 1338 531 cantaret,
1365 476 1453 520 non
1475 485 1622 519 autem
1644 492 1741 521 om-

360 566 436 595 nes
457 551 604 595 dicant
626 550 793 609 quoties
817 547 953 606 gallus
976 555 1185 601 cantaret,
1207 549 1377 591 Marcus
1398 546 1482 590 hoc
1503 545 1620 590 solus
1642 561 1743 591 nar-

361 621 471 665 ravit
497 620 746 680 expressius.
786 616 910 662 Unde
942 615 1164 662 nonnullis
1198 616 1372 661 videtur
1393 631 1483 661 non
1505 632 1744 675 congruere

312 709 314 711 ’
361 690 524 735 caeteris
541 724 552 745 ,
579 690 680 749 quia
702 703 855 747 parum
877 681 1111 731 attendunt
1128 721 1139 740 ‚
1165 695 1208 729 et
1234 686 1419 730 maxime
1436 701 1588 730 eorum
1606 686 1744 731 obnu-

362 759 523 803 bilatur
555 759 767 815 intentio,
805 773 906 802 cum
939 757 1141 801 adversus
1179 755 1467 815 Evangelium
1493 756 1638 800 animo
1672 757 1744 800 in-

362 830 560 874 duuntur
589 829 750 874 hostili.
790 831 895 872 Tota
925 828 1042 871 enim
1079 826 1194 870 Petri
1217 826 1389 885 negatio
1405 861 1416 880 ‚
1439 825 1550 870 trina
1573 827 1746 884 negatio

361 908 438 943 est.
468 902 518 943 In
539 898 689 944 eadem
708 912 897 957 namque
917 895 1152 955 permansit
1169 895 1457 954 trepidatione
1478 895 1627 951 animi,
1644 912 1747 955 pro-

361 970 589 1029 positoque
608 967 843 1021 mendacii,
867 966 1006 1011 donec
1034 965 1282 1010 admonitus
1306 963 1413 1024 quid
1431 965 1470 1008 ei
1488 965 1746 1024 praedictum

362 1039 444 1093 sit,
475 1054 619 1082 amaro
654 1038 761 1081 fletu
792 1046 835 1080 et
859 1036 999 1080 cordis
1031 1034 1182 1079 dolore
1210 1044 1447 1078 sanaretur.
1473 1037 1577 1078 Haec
1599 1044 1746 1079 autem

361 1117 452 1153 tota
473 1142 483 1162 ‚
508 1107 552 1151 id
574 1117 657 1161 est,
686 1107 795 1150 trina
818 1106 988 1163 negatio
1005 1140 1015 1158 ,
1054 1104 1088 1149 si
1109 1114 1207 1165 post
1234 1105 1422 1164 primum
1446 1103 1547 1162 galli
1568 1114 1747 1149 cantum

362 1178 572 1236 inciperet
588 1212 598 1231 ,
629 1175 786 1220 falsum
819 1175 972 1219 dixisse
1002 1175 1256 1232 viderentur
1277 1183 1361 1218 tres
1377 1209 1387 1228 ‚
1419 1189 1608 1234 quorum
1630 1177 1747 1219 Mat-

365 1248 504 1291 thaeus
533 1247 640 1290 dixit
661 1266 669 1291 :
700 1265 720 1288 α
744 1249 884 1290 Amen
908 1244 1005 1288 dico
1035 1245 1135 1300 tibi,
1168 1245 1271 1306 quia
1298 1244 1343 1288 in
1362 1245 1442 1288 hac
1468 1253 1596 1288 nocte
1620 1254 1746 1288 ante-

366 1334 386 1358 »
421 1332 552 1376 quam
576 1316 713 1375 gallus
734 1324 902 1370 cantet,
938 1324 1003 1357 ter
1024 1330 1092 1358 me
1114 1314 1290 1373 negabis
1305 1317 1337 1357 ².
1367 1332 1385 1354 n
1412 1316 1550 1357 Lucas
1571 1323 1716 1358 autem
1731 1349 1743 1371 ,

367 1405 387 1428 «
422 1388 527 1431 Dico
552 1387 656 1441 tibi,
684 1390 808 1430 Petre
823 1420 834 1440 ‚
860 1401 949 1428 non
972 1384 1164 1428 cantabit
1185 1384 1315 1428 hodie
1337 1382 1474 1443 gallus
1489 1419 1499 1438 ‚
1521 1383 1660 1428 donec
1683 1393 1747 1428 ter

365 1474 384 1497 »
420 1456 607 1514 abneges
635 1471 758 1499 nosse
785 1455 898 1498 mess.
929 1473 948 1495 »
975 1457 1164 1498 Joannes
1185 1463 1330 1497 autem
1348 1489 1358 1508 ,
1388 1472 1407 1495 «
1431 1457 1592 1508 Amen,
1619 1469 1747 1497 amen

366 1543 386 1566 »
422 1525 519 1569 dico
547 1525 647 1578 tibi,
683 1541 771 1569 non
793 1524 987 1569 cantabit
1009 1523 1146 1581 gallus
1173 1523 1312 1568 donec
1334 1532 1398 1567 ter
1420 1539 1490 1566 me
1520 1539 1650 1582 neges
1666 1524 1697 1566 ⁴.
1723 1542 1743 1565 »

362 1596 546 1639 Diversis
564 1596 678 1637 enim
701 1594 842 1638 verbis
864 1603 906 1637 et
924 1594 1155 1637 verborum
1173 1594 1324 1637 ordine
1347 1592 1544 1637 eamdem
1565 1593 1747 1652 explica-

362 1674 519 1708 verunt
540 1664 797 1707 sententiam
812 1664 964 1706 dixisse
988 1664 1240 1718 Dominum,
1257 1662 1378 1723 quod
1399 1672 1632 1723 antequam
1652 1663 1747 1722 gal-

362 1733 429 1777 lus
451 1743 673 1788 cantaret,
700 1742 765 1776 ter
791 1748 890 1775 cum
919 1737 1068 1776 Petrus
1106 1742 1215 1776 esset
1238 1742 1488 1792 negaturus.
1525 1735 1689 1777 Rursus
1713 1733 1747 1777 si

364 1812 499 1846 totam
529 1804 685 1846 trinam
708 1802 977 1860 negationem
998 1812 1098 1845 ante
1131 1803 1390 1861 peregisset,
1412 1818 1543 1863 quam
1572 1812 1748 1847 cantare

365 1872 499 1930 gallus
523 1872 731 1930 inciperet
747 1907 756 1925 ,
782 1872 1003 1930 superfluo
1026 1870 1179 1915 dixisse
1201 1875 1371 1916 Marcus
1394 1871 1745 1931 deprehendere-

364 1951 436 1986 tur
459 1958 508 1985 ex
527 1957 706 2000 persona
728 1941 900 1985 Domini
923 1960 930 1985 :
957 1961 977 1982 «
1004 1944 1144 1985 Amen
1171 1941 1269 1986 dico
1290 1942 1395 1997 tibi,
1423 1942 1524 2002 quia
1548 1952 1596 1986 tu
1615 1942 1747 1988 hodie

368 2029 388 2052 »
424 2012 468 2054 in
491 2021 617 2055 nocte
640 2012 740 2065 hac,
767 2012 883 2070 prius
905 2026 1036 2069 quam
1062 2010 1198 2069 gallus
1216 2012 1280 2055 bis
1297 2027 1447 2056 vocem
1470 2011 1638 2056 dederit
1655 2048 1665 2067 ,
1682 2023 1747 2057 ter

369 2099 388 2121 n
424 2096 492 2124 nie
514 2091 746 2138 negaturus
769 2096 811 2123 es
828 2082 857 2123 ⁵.
874 2080 1019 2132 »Quid
1038 2081 1152 2123 enim
1175 2081 1387 2125 attinebat
1406 2082 1569 2126 dicere:
1589 2101 1608 2124 «
1627 2084 1748 2128 Prius

369 2171 388 2192 »
424 2167 552 2210 quam
577 2152 638 2194 bis
657 2186 666 2204 ‚
694 2170 712 2191 η
735 2150 932 2210 quando,
957 2151 988 2193 si
1013 2160 1112 2193 ante
1130 2152 1317 2209 primum
1337 2151 1437 2208 galli
1460 2161 1638 2196 cantum
1657 2162 1745 2197 tota

365 2220 438 2264 illa
468 2222 576 2264 trina
602 2221 773 2278 negatio
795 2220 1111 2278 compleretur,
1142 2220 1269 2263 simul
1293 2230 1335 2264 et
1357 2231 1456 2264 ante
1474 2222 1714 2266 secundum
1730 2258 1741 2278 ‚

365 2300 408 2334 et
428 2300 527 2334 ante
551 2291 725 2333 tertium
747 2325 757 2344 ,
776 2300 818 2333 et
841 2299 940 2333 ante
963 2306 1112 2333 omnes
1136 2290 1234 2348 galli
1259 2301 1409 2335 cantus
1427 2291 1619 2351 ejusdem
1640 2310 1746 2338 noc-

368 2361 418 2404 tis
441 2359 654 2418 completa
677 2360 963 2413 inveniretur,
989 2376 1087 2419 quae
1117 2370 1216 2404 ante
1244 2361 1384 2419 ipsum
1413 2361 1603 2420 primum
1624 2379 1746 2407 com—

366 2430 480 2489 pleta
515 2432 800 2489 probaretur?
832 2430 914 2477 Sed
952 2432 1051 2490 quia
1085 2440 1184 2474 ante
1216 2433 1401 2490 primum
1437 2433 1538 2490 galli
1566 2443 1741 2478 cantum

419 2529 425 2543 ¹
456 2526 559 2555 Marc.
579 2535 640 2562 xiv,
666 2525 704 2554 30
747 2541 786 2545 -—
807 2531 818 2545 ²
836 2524 940 2555 Mallb
977 2535 1066 2559 xxvi,
1092 2524 1206 2565 3‘1.—-
1240 2524 1251 2547 3
1272 2527 1346 2556 Luc.
1369 2535 1441 2562 xvi,
1464 2527 1514 2566 534.
1551 2544 1590 2548 -
1611 2526 1625 2556 4
1651 2530 1741 2559 Joan.

366 2589 434 2617 xiii,
456 2579 507 2609 38.
532 2596 569 2600 —
596 2578 609 2599 -'›
631 2581 730 2611 Marc.
755 2590 817 2616 xiv,
840 2579 888 2609 30.
