1819 3301
329 249 614 287 QUAEsTmNUM
646 247 1013 286 EvANGELmRUM,
1049 249 1131 275 Lm.
1168 249 1198 274 1.
1369 237 1447 275 301

73 315 285 369 Ecclesia,
311 316 542 375 incipiente
569 314 805 373 Evangelio
822 315 876 358 ab
895 312 1132 358 Jerusalem
1149 313 1179 366 ¹,
1212 313 1452 357 secundum

72 384 196 428 illum
218 401 412 440 sensum,
447 401 536 444 quo
558 385 664 429 dixit
689 404 696 429 :
724 404 742 427 «
770 388 805 429 Α
828 384 959 428 modo
977 382 1175 427 videbitis
1194 382 1352 426 Filium
1376 384 1455 426 ho-

75 472 95 495 »
130 455 255 498 minis
282 455 527 500 venientem
564 455 609 498 in
648 455 840 499 nubibus
854 459 885 498 2.
924 473 944 496 n
985 453 1305 499 Convenienter
1339 452 1454 495 enim

72 524 308 569 Ecclesiam
345 541 463 569 nunc
493 525 643 583 fulgur
677 526 942 579 nominavit,
979 524 1099 585 quod
1133 525 1315 568 maxime
1348 522 1456 567 solet

72 593 254 639 emiCare
272 595 326 640 de
354 595 558 639 nubibus.
585 596 831 640 Constituta
855 610 955 653 ergo
973 595 1230 639 auctoritate
1251 593 1455 638 Ecclesiae

70 681 148 724 per
169 666 320 710 orbem
343 676 556 710 terrarum
578 665 691 710 clara
714 674 845 725 atque
867 665 1115 720 manifesta,
1140 673 1456 724 consequenter

70 736 311 795 Discipulos
341 736 570 792 admonet,
595 745 726 796 atque
757 752 905 780 omnes
931 735 1080 780 fideles
1097 771 1107 791 ,
1134 745 1176 780 et
1195 735 1269 796 qui
1287 735 1332 779 in
1355 750 1454 779 eum

71 808 245 852 credere
273 807 519 862 voluerint,
556 824 610 852 ne
642 808 921 852 schismaticis
954 817 1084 867 atque
1117 807 1330 850 haereticis
1362 821 1456 850 cre·

70 877 190 922 dant.
214 878 571 939 Unumquodque
594 879 709 923 enim
733 879 931 934 schisma,
959 888 1001 922 et
1022 893 1298 937 unaquaeque
1319 878 1455 920 haerc-

70 949 150 1002 sis,
175 958 250 993 aut
271 948 418 993 locum
441 965 568 993 suum
592 950 725 994 habet
742 951 786 993 in
805 950 910 994 orbe
934 959 1166 1003 terrarum,
1194 958 1358 1007 partem
1383 947 1456 991 alin

70 1035 201 1079 quam
231 1029 411 1078 tenens,
443 1030 517 1064 aut
544 1020 738 1064 obscuris
768 1030 897 1080 atque
931 1019 1112 1064 occultis
1143 1017 1456 1063 conventiculis

71 1091 365 1135 curiositatem
396 1092 623 1135 hominum
658 1090 833 1150 decipit.
876 1094 973 1143 Quo
1007 1090 1195 1150 pertinet
1216 1082 1418 1150 quod”ait
1444 1107 1452 1133 ι

74 1180 94 1203 «
132 1162 174 1206 Si
197 1162 292 1221 quis
311 1162 431 1205 vobis
450 1161 603 1205 dixerit
626 1181 633 1206 :
656 1165 766 1206 Ecce
788 1162 858 1205 hic
876 1171 938 1205 cst
956 1161 1166 1215 Christus,
1188 1170 1262 1203 aut
1276 1159 1363 1204 illic
1380 1160 1411 1214 ³,
1431 1179 1450 1201 »

70 1233 192 1292 quod
215 1232 428 1291 significat
444 1243 656 1277 terrarum
676 1243 816 1292 partes
838 1242 881 1276 et
900 1232 1216 1292 provinciarum
1234 1251 1242 1276 z
1265 1251 1283 1273 «
1306 1235 1394 1276 Aut
1410 1232 1456 1274 in

72 1321 92 1344 »
128 1303 439 1362 penetralibus,
465 1314 539 1348 aut
560 1304 605 1347 in
629 1304 822 1357 deserto,
851 1322 870 1343 »
895 1303 1015 1363 quod
1037 1303 1250 1360 significat
1274 1302 1455 1346 obscura

70 1382 112 1417 et
134 1373 302 1417 occulta
326 1373 629 1418 conventicula
653 1374 971 1417 haereticorum.
996 1372 1125 1425 Quod
1148 1388 1249 1431 crgo
1274 1372 1381 1415 dixit
1400 1372 1454 1415 ab

70 1444 248 1487 Oriente
261 1443 306 1487 in
318 1444 597 1488 Occidentem
618 1453 930 1503 perventurum
946 1442 1179 1486 adventum
1195 1458 1338 1497 suum,
1356 1458 1456 1486 con-

69 1523 134 1558 tra
156 1514 252 1558 illos
275 1514 389 1559 valet
424 1516 499 1574 qui
530 1531 606 1574 per
634 1524 845 1558 terrarum
875 1514 1107 1573 particulas
1146 1515 1450 1567 nominantur,

69 1595 112 1628 et
130 1584 282 1629 dicunt
300 1585 415 1644 apud
438 1601 481 1628 se
503 1600 592 1629 esse
614 1585 850 1629 Christum.
874 1584 1001 1637 Quod
1018 1594 1162 1628 autem
1186 1584 1245 1628 ait
1266 1603 1274 1628 ε
1297 1604 1315 1625 «
1337 1585 1455 1628 Sicut

72 1673 91 1696 »
119 1654 283 1713 fulgur,
299 1674 318 1696 »
346 1666 493 1699 contra
518 1655 612 1698 illos
630 1654 760 1709 valet,
786 1655 862 1714 qui
884 1654 1054 1698 occulte
1078 1664 1344 1712 congregant
1366 1664 1454 1698 tan-

70 1741 199 1784 quam
226 1725 269 1768 in
292 1725 611 1784 penetralibus,
636 1734 678 1768 et
696 1740 855 1783 paucos
880 1734 1086 1784 tanquam
1104 1725 1148 1768 in
1176 1724 1346 1768 deserto
1369 1744 1376 1769 :
1400 1724 1455 1768 ad

70 1793 459 1839 manifestationem
483 1796 645 1855 quippe
670 1795 996 1855 claritatemque
1018 1796 1205 1854 pertinet
1232 1795 1451 1850 Ecclesiae,

69 1865 253 1923 fulguris
275 1882 435 1911 nomen
453 1901 464 1921 ,
489 1866 736 1925 significans
766 1867 894 1910 etiam
918 1875 1088 1910 noctem
1111 1865 1180 1910 vel
1206 1866 1355 1910 nubila
1372 1881 1454 1910 sae-

71 1935 159 1980 culi
178 1936 306 1997 hujus
328 1955 337 1983 :
362 1946 467 1982 tunc
489 1937 605 1980 enim
626 1935 809 1994 fulguris
832 1936 994 1981 candor
1014 1945 1206 1996 apparet.

540 2085 776 2134 QUAESTIO
808 2085 983 2124 xxxix.

132 2217 258 2268 Quon
290 2215 501 2259 Dominus
529 2215 637 2259 dixit
673 2235 682 2260 ε
713 2234 733 2257 «
758 2216 826 2260 Ab
856 2214 1009 2259 arbore
1045 2223 1189 2258 autem
1217 2216 1286 2259 fici
1310 2215 1455 2261 discite

76 2304 96 2327 »
132 2285 464 2330 similitudinem
478 2287 509 2329 4.
535 2305 554 2327 »
581 2287 792 2331 Arborem
816 2287 885 2331 fici
914 2302 1046 2344 genus
1067 2287 1306 2331 humanum
1325 2288 1456 2332 intel-

72 2357 185 2416 lige,
221 2367 398 2417 propter
437 2358 655 2417 pruritum
687 2359 838 2402 carnis.
875 2378 892 2399 «
925 2360 1035 2402 Cum.
1065 2359 1151 2417 jam
1189 2374 1332 2403 ramus
1365 2361 1457 2420 ejus

77 2445 97 2469 »
132 2437 255 2472 tener
278 2426 431 2483 fuerit,
459 2446 478 2469 n
516 2427 560 2472 id
585 2437 678 2484 est,
711 2443 811 2473 cum
846 2427 923 2471 filii
955 2428 1181 2472 hominum
1216 2444 1293 2488 per
1324 2430 1457 2473 fidem

122 2531 130 2548 ¹
152 2526 230 2557 Luc.
251 2535 341 2564 xxiv,
364 2523 418 2567 47.
441 2540 482 2547 -—-
503 2531 515 2547 ²
540 2524 654 2557 Matth.
674 2535 760 2567 xxvi,
778 2523 833 2566 64.
858 2541 899 2547 —
923 2522 1055 2557 3Marc.
1082 2535 1146 2565 xm,
1165 2524 1220 2557 61.
1244 2541 1285 2548 —
1300 2524 1315 2555 4
1340 2526 1454 2559 Matth.

75 2590 163 2622 xxiv,
181 2581 236 2614 32.
