1819 3301
341 247 393 286 64
772 259 805 286 s.
843 259 1072 287 AUGUSTINI
1106 260 1286 287 zmscom

340 343 360 366 »
396 339 487 368 ram
510 339 670 368 nonam
688 325 889 368 clamavit
906 327 1028 368 Jesus
1045 339 1150 368 voce
1173 339 1329 384 magna
1351 324 1498 369 dicens
1519 343 1528 370 :
1550 324 1634 381 Eli,
1655 325 1727 370 Eli
1749 383 1754 385 ·
1813 339 1816 341 ’

340 413 361 437 »
397 398 529 439 Lama
553 395 797 450 Sabactani‚
832 396 915 440 hoc
940 404 1024 450 est,
1050 398 1164 439 Deus
1180 411 1322 451 meu8‚
1351 399 1464 440 Deus
1493 411 1636 452 meus,
1661 405 1730 441 ut-
1778 398 1784 404 ’

339 483 359 507 »
394 465 503 526 quid
525 465 794 526 dereliquisti
817 467 917 509 me?
935 465 1119 518 Quidam
1142 475 1288 511 autem
1302 465 1391 511 illic
1409 475 1570 511 stantes
1588 475 1631 511 et
1654 482 1729 511 au-

338 554 359 577 »
395 536 561 581 dientes
593 535 798 580 dicebant
820 555 829 580 2
859 535 998 580 Eliam
1022 545 1148 581 vocat
1175 537 1269 581 iste.
1299 555 1319 578 »
1344 540 1517 582 Marcus
1540 552 1652 597 pene
1673 538 1730 582 ad

335 606 487 651 eadem
508 607 641 652 verba
658 641 669 662 ‚
708 605 763 651 ad
790 605 988 651 eamdem
1022 615 1169 651 tamen
1191 608 1453 652 sententiam
1476 623 1565 653 non
1586 623 1698 668 pene
1713 643 1725 663 ,

334 677 411 722 sed
433 678 611 723 omnino
634 678 865 723 consentit.
895 678 1100 738 Sequitur
1121 679 1380 724 Matthaeus:
1405 697 1426 721 «
1443 682 1500 724 Et
1518 679 1728 725 continuo

337 767 357 790 »
394 764 569 792 currens
592 764 705 793 unus
727 764 777 792 ex
800 749 858 792 eis
882 758 1104 808 acceptam
1122 749 1349 808 spongiam
1366 749 1564 810 implevit
1585 759 1724 806 aceto,

338 838 357 860 >›
393 829 436 864 et
454 820 660 879 imposuit
682 820 912 874 arundini,
938 829 980 862 et
1002 819 1136 863 dabat
1157 820 1195 863 ei
1218 820 1383 864 bibere.
1413 838 1432 861 n
1457 821 1525 865 Sic
1543 829 1585 865 et
1607 824 1727 865 Mar-

336 906 412 935 cus
436 890 541 935 dicit
566 909 574 935 :
605 910 626 932 «
651 892 839 935 Currens
874 899 1017 933 autem
1054 905 1167 933 unus
1184 925 1194 944 ,
1218 899 1261 934 et
1294 890 1480 949 implens
1502 891 1728 950 spongiam

339 979 359 1002 »
396 971 540 1016 aceto,
579 961 999 1020 circumponensque
1032 959 1221 1010 calamo,
1256 969 1410 1019 potum
1433 960 1566 1005 dabat
1595 961 1634 1005 ei
1657 961 1727 1005 di-

338 1050 357 1073 »
393 1047 493 1076 cens
515 1051 523 1076 :
553 1031 710 1085 Sinite,
731 1031 954 1075 videamus
976 1031 1008 1075 si
1031 1031 1175 1075 veniat
1198 1031 1312 1075 Elias
1336 1031 1391 1075 ad
1412 1032 1724 1091 deponendum

336 1123 356 1144 »
393 1118 510 1147 eum.
539 1120 559 1142 »
587 1101 713 1155 Quod
739 1101 916 1162 quidem
940 1101 994 1145 de
1017 1101 1110 1145 Elia
1132 1136 1142 1156 ‚
1178 1117 1266 1145 non
1290 1103 1431 1160 ipsum
1454 1102 1531 1161 qui
1563 1101 1728 1146 obtulit

335 1173 559 1233 spongiam
589 1182 690 1216 cum·
713 1181 833 1216 aceto
852 1207 862 1226 ,
891 1172 967 1216 sed
989 1181 1165 1215 caeteros
1188 1170 1340 1215 dixisse
1363 1172 1597 1216 Matthaeus
1625 1187 1727 1216 nar-

339 1246 448 1289 ravit
470 1264 477 1288 :
503 1244 561 1288 ait
592 1244 705 1287 enim
729 1263 737 1288 :
767 1263 786 1285 «
814 1244 971 1288 Caeteri
994 1259 1095 1287 vero
1118 1243 1323 1287 dicebant
1345 1263 1354 1288 ε
1383 1244 1483 1288 Sine
1503 1243 1726 1288 videamus

338 1335 357 1357 »
393 1332 448 1360 an
478 1316 624 1359 veniat
658 1314 772 1359 Elias
799 1315 987 1358 liberans
1021 1329 1150 1358 eum:
1185 1333 1204 1355 »
1233 1314 1351 1358 unde
1369 1315 1654 1373 intelligimus
1683 1324 1726 1360 et

334 1387 457 1430 illum
480 1395 522 1430 et
553 1395 730 1430 caeteros
758 1386 840 1429 hoc
867 1385 1035 1429 dixisse.
1061 1388 1198 1429 Lucas
1225 1395 1371 1429 autem
1410 1395 1645 1446 antequam
1667 1386 1723 1430 de

334 1455 511 1500 latronis
532 1455 810 1500 insultatione
830 1464 1037 1508 narraret,
1054 1455 1137 1499 hoc
1151 1454 1205 1499 dc
1229 1465 1351 1500 aceto
1370 1454 1427 1499 ita
1451 1471 1721 1500 commemo-

334 1527 442 1570 ravit
468 1546 476 1570 ;
508 1546 526 1567 «
561 1526 812 1570 llludebant
842 1535 987 1570 autem
1012 1525 1050 1569 ei
1073 1534 1115 1568 et
1142 1525 1298 1568 milites
1317 1561 1326 1579 ‚
1365 1525 1646 1580 accedentes,
1680 1535 1724 1570 et

336 1616 355 1638 »
393 1606 563 1641 acetum
587 1597 819 1640 offerentes
839 1596 899 1639 illi
918 1631 928 1651 ‚
952 1605 994 1639 et
1016 1595 1206 1639 dicentes
1228 1615 1235 1640 z
1258 1596 1300 1640 Si
1323 1605 1371 1639 tu
1392 1611 1436 1639 es
1459 1612 1530 1640 rex
1552 1599 1575 1640 J
1582 1595 1723 1641 udaeo-

336 1687 355 1709 »
393 1684 487 1711 rum
507 1703 517 1722 ,
543 1667 710 1712 salvum
733 1676 775 1711 te
794 1667 863 1711 fac
878 1669 907 1710 ¹.
937 1686 955 1707 »
985 1666 1126 1711 Semel
1146 1667 1375 1726 complecti
1399 1667 1538 1712 voluit
1559 1667 1678 1727 quod
1699 1684 1723 1712 a

334 1739 546 1783 militibus
571 1738 735 1783 factum
766 1747 809 1782 et
841 1737 1007 1782 dictum
1031 1747 1108 1782 est.
1137 1739 1219 1783 Ubi
1248 1754 1422 1783 movere
1445 1755 1534 1784 non
1562 1739 1719 1794 debet,

332 1809 453 1869 quod
482 1824 570 1853 non
604 1824 743 1852 unum
772 1824 923 1852 eorum
960 1807 1066 1852 dixit
1094 1817 1264 1852 acetum
1299 1809 1507 1853 obtulisse
1543 1829 1551 1853 ;
1587 1825 1723 1867 genus

333 1879 447 1922 enim
466 1879 699 1923 locutionis
724 1879 865 1922 tenuit
887 1913 896 1932 ‚
919 1877 973 1921 de
990 1893 1078 1937 quo
1093 1893 1221 1936 supra
1241 1879 1519 1922 tractavimus
1539 1913 1548 1932 ‚
1574 1879 1723 1938 plura-

332 1949 417 1993 lem
446 1965 525 2009 pro
561 1948 766 2007 singulari
801 1950 1013 2008 ponens2.
1050 1951 1142 1992 Hoc
1173 1957 1315 1992 autem
1345 1948 1398 1992 de
1434 1965 1555 1993 aceto
1591 1950 1723 1994 etiam

333 2022 522 2064 Joannes
551 2018 933 2072 commemoravit,
960 2017 1037 2061 ubi
1068 2018 1127 2061 ait
1158 2037 1166 2062 :
1203 2037 1222 2059 «
1249 2022 1400 2062 Postea
1435 2019 1572 2063 sciens
1598 2023 1722 2065 Jesus

335 2110 355 2133 υ
391 2091 600 2152 quiajam
624 2090 769 2134 omnia
798 2097 1097 2134 consummata
1121 2098 1248 2144 sunt,
1274 2099 1324 2133 ut
1345 2100 1721 2136 consummaretur

335 2181 355 2204 >›
393 2162 637 2221 Scriptura,
675 2160 782 2204 dixit
806 2180 814 2204 :
843 2160 962 2205 Sitio.
999 2162 1083 2203 Vas
1106 2169 1251 2204 autem
1273 2161 1462 2220 positum
1485 2171 1578 2206 erat
1598 2171 1720 2208 aceto

334 2252 354 2274 »
390 2232 570 2292 plenum
598 2251 606 2276 :
638 2230 699 2275 illi
730 2239 875 2275 autem
910 2230 1134 2289 spongiam
1168 2229 1340 2290 plenam
1376 2241 1499 2276 aceto
1531 2232 1720 2293 hyssopo

334 2322 354 2344 »
389 2304 765 2362 circumponentes
788 2300 1044 2346 obtulerunt
1068 2301 1130 2344 ori
1153 2301 1288 2361 ejusss.
1314 2320 1333 2343 υ
1360 2302 1444 2347 Sed
1463 2302 1583 2363 quod
1601 2305 1719 2363 apud

330 2373 534 2418 eumdem
563 2376 774 2417 Joannem
810 2371 1029 2415 invenitur
1057 2371 1210 2415 dixisse
1242 2390 1251 2416 :
1281 2391 1301 2414 «
1330 2373 1464 2427 Sino,
1494 2391 1514 2414 »
1541 2375 1583 2417 et
1615 2374 1716 2433 quia
1778 2396 1781 2398 *
1811 2364 1814 2391 ³

330 2459 402 2488 vas
420 2444 481 2487 ibi
499 2452 591 2488 erat
607 2451 728 2488 aceto
746 2441 947 2502 plenum,
973 2457 1062 2486 non
1084 2443 1243 2486 mirum
1261 2451 1324 2486 est
1346 2443 1379 2486 si
1401 2443 1547 2488 caeteri
1564 2452 1717 2488 tacue-

330 2523 445 2558 runt.

377 2605 382 2620 ¹
407 2600 482 2630 Luc.
505 2609 592 2638 nni,
609 2598 721 2639 36-37.
742 2613 780 2620 -
799 2603 811 2619 ²
832 2597 908 2629 Vide
921 2606 990 2638 sup.
1015 2607 1086 2637 cap.
1116 2607 1177 2628 xvi.
1197 2613 1237 2618 —
1260 2594 1272 2619 3
1292 2598 1382 2628 Joan.
1405 2607 1472 2635 xix,
1493 2600 1549 2637 28,
1567 2607 1620 2639 29.

1818 1063 1819 1071 t

1817 1080 1819 1092 l
