1819 3301
272 310 327 336 DE
357 306 566 337 CONSENSU
598 306 1014 347 EVANGELISTARUM‚
1049 310 1132 337 Lm.
1169 310 1237 338 111.
1393 299 1448 339 39

68 376 166 420 Non
182 373 296 417 enim
319 373 576 418 dicebantur
597 375 755 418 Christi
771 389 890 433 reges
905 409 915 428 ,
929 374 1011 417 nisi
1029 376 1053 417 J
1058 374 1283 417 udaeorum
1305 390 1314 415 :
1331 388 1452 418 nam-

68 460 154 505 que
192 445 238 487 in
262 459 313 488 eo
335 444 462 488 etiam
492 443 589 488 loco
612 446 844 489 Matthaeus
862 445 921 488 ait
947 463 955 489 ε
992 443 1140 488 «Dicit
1161 443 1244 488 illis
1267 444 1448 501 Pilatus,

70 534 90 557 »
127 514 243 568 Quid
275 515 408 574 igitur
435 513 590 559 faciam
626 516 680 559 de
711 518 835 570 Jesu‚
879 516 953 575 qui
981 515 1141 559 dieitur
1176 515 1401 559 Christus?
1426 534 1445 557 »

66 588 181 643 Ergo
205 585 400 644 sequitur
416 588 586 630 Marcus
604 605 612 629 :
638 604 657 627 «
675 584 805 630 Atilli
822 586 979 629 iterum
994 586 1290 631 clamaverunt
1309 605 1317 631 :
1339 588 1452 633 Cru-

68 673 90 697 »
125 655 251 714 cifige
271 670 371 698 eum
393 675 402 700 :
431 674 450 696 »
471 655 591 716 quod
609 655 682 699 ille
703 656 762 699 ait
787 674 797 700 :
827 673 847 697 «
868 655 1029 699 Dicunt
1051 671 1200 699 omnes
1227 673 1236 700 ε
1263 657 1450 701 Crucifi-

69 743 90 767 »
126 734 266 784 gatur.
297 743 316 766 »
346 727 402 768 Et
434 727 630 783 sequitur
653 728 824 769 Marcus
852 744 861 769 :
892 743 912 767 «
950 725 1113 769 Pilatus
1140 741 1244 770 vero
1279 726 1454 773 dicebat

69 813 90 837 »
125 796 184 840 eis
217 815 225 840 ε
251 795 367 848 Quid
395 796 511 839 enim
542 796 642 840 mali
676 795 804 840 fecit?
831 799 888 840 At
914 795 977 839 illi
1010 796 1146 854 magis
1177 796 1449 854 clamabant,

69 883 89 907 »
124 866 342 924 Crucitige
368 881 485 909 eum.
523 886 539 907 »
569 869 662 910 Hoc
685 866 918 910 Matthaeus
946 882 1036 911 non
1064 866 1173 910 dixit
1199 886 1207 911 :
1233 868 1309 911 sed
1335 884 1450 927 quo·—

66 936 182 980 niam
221 935 328 979 dixit
369 955 377 980 :
414 954 433 977 «
456 935 619 980 Videns
647 945 766 980 autm
795 935 957 980 Pilatus
992 937 1093 996 quia
1128 936 1239 980 nihil
1267 939 1454 996 profice-

67 1024 89 1047 »
126 1014 212 1060 ret,
257 1005 333 1049 sed
355 1005 489 1064 magis
533 1007 749 1050 tumultus
780 1006 903 1050 fieret
934 1024 942 1050 :
983 1019 1004 1047 ι’)
1035 1006 1145 1051 dixit
1179 1008 1309 1051 etiam
1351 1024 1453 1053 eum

64 1076 216 1121 lavisse
248 1089 403 1120 manus
438 1091 583 1120 coram
612 1076 801 1136 populo,
835 1086 886 1120 ut
918 1077 1198 1121 innocentem
1227 1094 1272 1122 se
1300 1094 1324 1123 a
1351 1095 1454 1124 san-

67 1147 197 1205 guine
237 1147 349 1190 Justi
383 1145 663 1205 significaret3
698 1145 819 1206 quod
860 1147 964 1190 item
1011 1155 1055 1190 et
1093 1149 1264 1192 Marcus
1304 1158 1348 1193 et
1381 1149 1454 1193 alii

65 1226 212 1261 tacent
244 1235 253 1262 2
290 1217 388 1261 satis
422 1216 613 1261 ostendit
643 1217 773 1261 etiam
800 1218 1034 1262 Matthaeus
1063 1218 1195 1275 egisse
1227 1219 1455 1278 praesidem

65 1303 166 1333 cum
198 1288 385 1348 populo,
410 1297 460 1332 ut
490 1288 795 1333 dimitteretur.
822 1289 952 1341 Quod
984 1289 1173 1333 breviter
1197 1289 1456 1347 significavit

65 1361 237 1403 Marcus
259 1359 303 1402 in
327 1374 401 1414 eo,
424 1360 544 1419 quod
567 1359 701 1403 refert
722 1358 911 1403 Pilatum
938 1359 1094 1403 dixisse
1119 1378 1128 1403 t
1159 1378 1177 1401 «
1199 1359 1314 1413 Quid
1337 1361 1452 1405 enim

0 1423 6 1483 ³,
69 1450 89 1472 n
127 1430 226 1474 mali
246 1430 375 1475 fecit?
396 1448 416 1471 »
443 1430 610 1475 Deinde
632 1431 691 1475 sic
713 1431 843 1474 etiam
865 1431 956 1490 ipse
978 1430 1203 1474 concludit
1218 1466 1228 1485 ‚
1255 1446 1355 1491 quae
1376 1446 1455 1490 per

67 1500 256 1545 Pilatum
275 1516 375 1545 cum
389 1502 574 1545 Domino
593 1510 709 1559 gesta
730 1509 832 1544 sunt
850 1520 858 1544 z
882 1519 902 1542 «
922 1500 1086 1544 Pilatus
1103 1508 1265 1555 autem,
1292 1502 1449 1561 inquit,

69 1590 89 1613 »
123 1571 273 1616 volens
303 1571 468 1631 populo
503 1571 774 1626 satisfacere,
808 1571 970 1615 dimisit
997 1571 1082 1615 illis
1113 1572 1382 1626 Barabham,
1409 1582 1452 1616 et

68 1660 89 1682 »
123 1641 304 1685 tradidit
325 1645 473 1686 Jesum
494 1641 675 1700 flagellis
694 1656 854 1685 caesum
872 1675 882 1695 ‚
907 1650 957 1684 ut
978 1642 1306 1700 crucifigeretur
1327 1661 1335 1686 :
1356 1643 1451 1686 haec

67 1711 184 1771 apud
199 1711 426 1770 praesidem
466 1720 582 1769 gesta
604 1712 795 1755 narravit
813 1714 985 1755 Marcus
999 1713 1030 1754 ¹.

126 1783 332 1824 XXXIV.
360 1784 496 1824 Lucas
520 1780 639 1839 apud
662 1780 849 1824 Pilatum
874 1789 989 1837 gesta
1012 1781 1070 1824 sic
1093 1789 1240 1824 narrat
1260 1795 1270 1821 ι
1302 1799 1322 1822 «
1347 1783 1454 1825 Coe-

71 1867 91 1892 ))
126 1860 287 1910 perunt
298 1860 442 1895 autem
456 1866 656 1895 accusare
672 1850 815 1905 illum,
833 1850 1026 1895 dicentes
1046 1869 1054 1895 ι
1073 1853 1201 1895 Hunc
1211 1851 1457 1895 invenimus
1520 1872 1527 1878 ·

72 1939 92 1963 »
128 1921 452 1966 subvertentem
473 1931 646 1980 gentem
663 1931 854 1966 nostram
868 1957 878 1976 ‚
903 1931 945 1965 et
958 1923 1265 1981 prohibentem
1290 1923 1453 1967 tributa

69 2008 91 2033 ν)
116 1992 392 2044 dariCaesari‚
405 2002 448 2036 et
463 1993 678 2036 dicentem
693 1993 966 2036 seChristum
981 2007 1125 2050 regem
1139 2008 1242 2036 esse.
1259 1996 1380 2037 »Hoc
1393 1993 1456 2036 illi

68 2061 159 2106 duo
179 2061 466 2119 Evangelistae
490 2078 578 2105 non
592 2062 817 2115 dixerunt,
838 2078 939 2106 cum
958 2072 1103 2107 tamen
1118 2062 1313 2107 dicerent
1334 2063 1455 2123 quod

68 2143 181 2176 eum¹
198 2133 474 2176 accusabant.
501 2135 616 2190 Ergo
638 2133 718 2175 iste
747 2133 875 2175 etiam
905 2133 995 2191 ipsa
1030 2133 1209 2177 crimina
1232 2149 1332 2192 quae
1352 2133 1457 2177 falsa

68 2203 349 2263 objecerunt,
375 2205 557 2262 aperuit.
586 2204 737 2247 Tacuit
762 2211 908 2246 autem
930 2204 1050 2263 quod
1073 2203 1111 2247 ei
1134 2204 1241 2247 dixit
1261 2203 1423 2247 Pilatus
1442 2223 1451 2249 z

69 2291 96 2314 ¹«
129 2276 226 2317 Non
242 2272 474 2332 respondes
485 2273 870 2333 quidquam,‘?Vidc
881 2273 927 2316 in
940 2274 1113 2333 quantis
1131 2283 1172 2317 te
1187 2284 1410 2318 accusant:
1431 2291 1451 2315 »

69 2343 145 2388 sed
161 2344 288 2403 plane
302 2345 513 2404 sequitur,
532 2354 575 2388 et
595 2344 699 2388 dicit
721 2345 841 2404 quod
860 2345 989 2388 etiam
1010 2344 1074 2388 illi
1088 2344 1291 2388 dixerunt
1309 2363 1317 2388 ε
1339 2363 1358 2387 «
1380 2345 1452 2389 Pi-

72 2431 94 2455 »
128 2414 240 2458 latus
273 2423 419 2459 autem
453 2416 734 2473 interrogavit
764 2430 893 2470 eum,
914 2416 1060 2459 dicens
1093 2435 1101 2460 :
1125 2419 1189 2459 Tu
1219 2430 1262 2458 es
1281 2430 1353 2458 rex
1375 2419 1455 2460 Ju-

33 2476 39 2478 ⁷
72 2502 94 2525 »
128 2484 354 2529 dacorum?
382 2488 438 2529 At
470 2485 543 2529 ille
564 2485 829 2545 respondens
859 2486 917 2530 ait
944 2505 952 2529 :
976 2488 1041 2529 Tu
1065 2485 1185 2529 dicis.
1215 2503 1235 2526 »
1260 2489 1352 2530 Hoc
1375 2502 1455 2530 au·-

71 2563 159 2598 tcm
189 2556 420 2600 Matthaeus
452 2566 495 2600 et
530 2559 700 2601 Marcus
732 2565 1185 2601 commemoraverunt
1225 2566 1458 2617 antequam

123 2647 131 2662 ¹
156 2641 260 2671 Marc.
286 2651 340 2679 xv,
362 2640 459 2672 2-15.
