1819 3301
388 269 431 294 [Ν
465 269 638 297 JOANMS
671 270 976 309 ffl‘Arxcr-‘Lttffxt2
1012 271 1156 298 TRACT.
1196 274 1261 298 ιη.
1429 261 1507 304 421

140 350 160 374 »
197 332 302 377 mibi
325 332 477 378 reddet
508 335 715 379 Dominus
748 336 791 379 in
814 335 887 380 itta
909 336 1005 393 die,
1040 337 1177 401 justus
1203 336 1382 396 judex1.
1411 356 1430 379 »
1460 341 1517 384 Ut

135 412 235 447 ante
257 405 492 463 susciperet
514 406 690 462 gratiam
705 440 715 459 ,
734 407 1054 451 misericordem
1073 410 1242 451 Patrem
1261 422 1369 466 opus
1385 408 1517 451 habe·-

135 472 209 516 bat
233 492 241 517 :
268 483 315 517 ut
339 475 565 532 praemium
589 474 751 532 gratiae,
767 475 958 535 judicem
978 478 1160 536 justum.
1182 477 1267 529 Qui
1289 492 1378 521 non
1401 477 1518 521 dam-

133 545 254 587 navit
275 544 455 603 impium
475 579 485 597 ,
517 544 744 589 damnabit
776 545 975 590 fidelem?
998 550 1054 591 Et
1074 556 1219 591 tamen
1242 547 1276 591 si
1299 547 1410 591 bene
1441 563 1519 592 eo-

134 613 265 672 gites,
290 615 379 673 ipse
396 613 518 658 dedit
539 614 669 658 fidem
686 615 826 673 primo
840 651 850 669 ,
871 632 956 676 qua
979 632 1079 661 eum
1103 618 1378 676 promeruisti
1404 633 1517 662 :non

134 684 248 727 enim
271 684 326 728 de
340 693 415 728 tuo
437 685 728 744 promeruisti,
754 695 803 729 ut
825 686 904 729 tibi
927 686 1089 747 aliquid
1114 687 1362 731 deberetur.
1389 688 1518 741 Quod

133 769 236 812 ergo
272 755 500 814 praemium
534 754 847 800 immotalitatis
879 767 1026 816 postea
1059 758 1243 812 tribuit,
1293 759 1407 802 dona
1441 774 1517 803 sua

119 814 312 869 ¹coronat
329 860 339 879 ,
366 840 454 869 non
486 826 637 868 merita
667 833 758 870 tua.
785 829 914 884 Ergo,
943 826 1108 880 fratres,
1131 847 1149 869 «
1170 830 1330 871 Omnes
1345 828 1399 871 de
1422 828 1517 887 ple-

136 911 156 937 »
191 895 390 939 nitudine
403 897 493 955 ejus
516 896 759 955 accepimus
782 916 790 940 z
809 896 900 940 »de
918 897 1189 956 plenitudine
1214 898 1517 942 misericordiae

132 967 223 1026 ejus
239 1001 249 1020 ,
281 965 336 1009 de
359 966 627 1010 abundantia
651 967 855 1010 bonitatis
881 969 971 1027 ejus
995 968 1252 1026 accepimus.
1279 968 1425 1021 Quid?
1448 984 1516 1012 re-

131 1036 375 1081 missionem
399 1046 698 1096 peceatorum,
724 1046 774 1080 ut
805 1038 1142 1096 justificaremur
1168 1054 1216 1082 ex
1241 1038 1342 1081 fide.
1370 1041 1426 1082 Et
1446 1040 1515 1082 in-

131 1121 260 1166 super
277 1107 415 1166 quid?
441 1126 459 1147 «
482 1109 537 1150 Et
570 1107 750 1164 gratiam
783 1123 862 1165 pro
901 1108 1035 1166 gratia
1064 1128 1072 1152 ;
1100 1129 1115 1149 »
1143 1109 1187 1152 id
1221 1118 1303 1162 est,
1329 1124 1407 1167 pro
1436 1109 1516 1153 hac

131 1178 263 1235 gratia
297 1177 341 1219 in
365 1192 450 1236 qua
475 1193 525 1220 ex
559 1177 645 1219 fide
683 1177 891 1230 vivimus,
925 1178 1140 1236 recepturi
1168 1193 1315 1221 sumus
1352 1178 1476 1221 aliam
1506 1197 1514 1222 :

130 1247 237 1306 quid
275 1257 420 1290 tamen
458 1246 538 1289 nisi
571 1247 782 1303 gratiam?
805 1249 913 1291 Nam
937 1247 970 1290 si
1000 1246 1175 1301 dixero,
1214 1248 1315 1306 quia
1355 1256 1397 1290 et
1434 1248 1517 1291 hoe

129 1315 340 1368 debetur,
367 1315 532 1374 aliquid
570 1316 675 1358 milii
699 1316 867 1374 assigno
888 1351 898 1369 ,
924 1317 1047 1375 quasi
1075 1316 1145 1360 eui
1179 1315 1404 1359 debeatur.
1431 1319 1518 1361 Co-

129 1395 255 1431 ronat
272 1395 416 1429 autem
440 1386 484 1427 in
507 1384 631 1429 nobis
655 1388 765 1428 Deus
787 1385 901 1430 dona
924 1385 1226 1429 misericordiae
1255 1402 1342 1429 suae
1361 1406 1369 1430 :
1391 1386 1465 1430 sed
1484 1388 1518 1430 si

128 1458 173 1500 in
195 1472 242 1500 ea
267 1458 401 1515 gratia
423 1471 554 1516 quam
575 1456 755 1515 primam
780 1457 1022 1515 accepimus
1043 1491 1053 1511 ,
1081 1466 1402 1515 perseveranter
1425 1473 1516 1501 am-

129 1527 346 1571 bulemus.

185 1600 265 1640 XI.
291 1616 309 1638 «
334 1600 422 1640 Lex
444 1596 558 1639 enirn
578 1611 654 1654 per
677 1598 858 1653 Moysen
885 1595 985 1639 data
1009 1599 1096 1639 est²
1123 1615 1131 1639 ε
1162 1614 1180 1635 »
1207 1612 1305 1655 quae
1336 1611 1428 1640 reos
1453 1606 1516 1640 te-

127 1667 272 1710 nebat.
295 1665 410 1720 Quid
432 1666 545 1709 enim
562 1666 620 1708 ait
637 1665 895 1723 Apostolus?
914 1684 932 1707 «
951 1669 1040 1709 Lex
1058 1666 1269 1710 subtravit
1284 1701 1294 1720 ,
1313 1676 1362 1710 ut
1382 1667 1516 1710 abun-

131 1756 150 1779 »
185 1738 308 1781 daret
322 1737 531 1781 delictum
548 1738 579 1780 3.
604 1755 622 1777 »
645 1739 735 1779 Hoc
750 1736 953 1794 proderat
968 1736 1160 1794 superbis
1175 1771 1185 1787 ,
1207 1746 1256 1779 ut
1273 1737 1516 1781 abundaret

127 1806 334 1851 delictum
353 1827 360 1850 :
379 1807 565 1850 multum
589 1806 704 1848 enim
729 1806 810 1849 sibi
833 1804 1019 1859 dabant,
1044 1815 1086 1849 et
1104 1806 1224 1864 quasi
1243 1806 1405 1849 viribus
1428 1807 1514 1850 suis

126 1877 314 1920 multum
340 1876 641 1934 assignabant,
667 1884 709 1918 et
731 1890 818 1918 non
843 1883 1044 1933 poterant
1066 1874 1250 1933 implere
1269 1875 1480 1934 justitiam
1502 1911 1513 1929 ,

127 1949 205 1992 nisi
228 1948 451 2008 adjuvaret
469 1947 541 1990 iile
566 1947 642 2006 qui
660 1949 860 2006 jusserat.
890 1946 1146 2004 Superbiam
1170 1944 1348 1989 illorum
1368 1946 1516 1990 volens

127 2020 304 2063 domare
347 2022 484 2074 Deus,
511 2017 632 2061 dedit
657 2020 839 2074 Legem,
868 2026 1072 2076 tanquam
1097 2015 1244 2060 dicens
1273 2036 1280 2060 :
1303 2020 1410 2060 Eece
1430 2018 1515 2060 im·

81 2096 85 2101 '
126 2090 242 2150 plete
262 2126 271 2144 ,
294 2105 348 2133 ne
370 2089 530 2148 putetis
555 2088 702 2131 deesse
719 2087 966 2147 jubentem.
993 2090 1089 2131 Non
1111 2086 1230 2130 deest
1253 2087 1325 2146 qui
1342 2087 1512 2146 jubeat,

126 2160 200 2204 sed
226 2160 344 2203 deest
366 2159 442 2218 qui
459 2157 652 2217 impleat.

185 2233 288 2274 ΧΠ.
317 2230 358 2274 Si
382 2245 484 2287 ergo
502 2229 621 2272 deest
639 2228 714 2287 qui
736 2226 943 2286 impleat,
959 2226 1077 2270 unde
1095 2242 1184 2270 uon
1207 2226 1388 2285 implet?
1405 2227 1517 2279 Quia

128 2309 254 2345 natus
271 2315 370 2344 eum
390 2298 568 2343 traduce
586 2298 750 2357 peceati
773 2307 816 2341 et
840 2297 1003 2340 mortis.
1027 2300 1085 2340 De
1101 2296 1239 2340 Adam
1259 2307 1401 2351 natus,
1427 2307 1515 2341 tra-

127 2372 189 2415 xit
209 2386 352 2414 secum
374 2369 490 2429 quod
515 2369 574 2412 ibi
597 2378 858 2427 conceptum
876 2377 953 2411 est.
979 2367 1148 2412 Cecidit
1172 2369 1333 2425 primus
1352 2369 1485 2412 homo
1505 2389 1516 2424 3

129 2451 330 2487 etomnes
344 2441 416 2500 qui
429 2440 482 2483 de
498 2439 570 2483 illo
585 2440 673 2483 nati
687 2449 803 2492 sunt,
820 2438 873 2481 de
886 2438 960 2481 illo
974 2447 1199 2481 traxerunt
1211 2439 1516 2497 eoncupiscen-

129 2513 234 2557 tiam
248 2511 400 2555 earnis.
427 2510 666 2568 Oportebat
683 2519 732 2553 ut
752 2518 1002 2553 nasceretur
1017 2508 1126 2552 alius
1141 2509 1293 2564 homo,
1320 2511 1394 2568 qui
1413 2508 1515 2552 nul-

185 2604 193 2616 ¹
227 2605 245 2627 2
270 2594 498 2634 Ti1u.1v,6-8.
522 2611 561 2616 —
579 2601 589 2615 ²
612 2595 692 2625 Joan
736 2604 759 2632 ι,
784 2604 832 2634 17.
855 2609 895 2614 -
917 2591 929 2614 3
948 2595 1037 2623 Rom.
1056 2603 1089 2631 v,
1106 2601 1159 2624 20.
