1819 3301
384 261 521 288 SERMo
554 262 711 288 Donum
744 261 787 288 m
821 261 989 296 MONTE,
1025 261 1106 286 LIB.
1144 261 1173 285 1.
1384 248 1464 286 147

96 325 255 368 tionem
293 339 504 368 mensurae
524 359 534 379 ,
575 325 676 383 quia
697 339 745 367 ea
767 323 948 383 quisque
970 321 1121 380 recipit
1142 337 1240 381 quae
1279 323 1406 379 gessit
1426 323 1467 366 in

95 409 273 453 corpore
288 429 298 448 ‚
326 413 345 435 «
367 397 422 438 Ut
447 394 534 437 illic
550 428 560 448 ‚
587 394 730 453 inquit
751 391 983 452 Apostolus
1001 426 1012 446 ‚
1037 391 1214 450 recipiat
1236 392 1471 450 unusquis-

98 481 118 503 »
154 478 238 521 que
260 479 358 522 quae
381 463 507 520 gessit
522 463 566 506 in
589 465 808 521 corpore¹.
834 481 841 506 ε
869 482 885 503 »
907 470 950 505 et
972 470 1179 521 tanquam
1202 459 1256 503 de
1278 461 1360 503 hoc
1382 475 1469 504 mo-

95 532 167 576 dio
195 532 383 590 corporis
413 531 497 575 alio
528 531 625 576 loco
657 531 815 575 dicitur
843 551 851 575 ι
885 550 904 572 «
932 534 983 574 In
1021 547 1106 590 qua
1134 530 1248 573 enim
1270 545 1471 573 mensura

99 619 118 641 »
154 602 290 644 mensi
325 600 513 655 fueritis,
547 601 592 643 in
622 615 671 644 ea
709 600 957 643 remetietur
989 599 1137 643 vobis2
1164 618 1172 642 :
1208 599 1339 643 »sive
1361 614 1472 658 quo-

95 669 210 713 niam
235 669 487 728 temporalia
510 670 641 723 bona,
667 685 765 728 quae
788 670 832 712 in
852 684 1032 727 corpore
1054 678 1338 727 peraguntur,
1356 677 1472 711 certa

94 739 262 783 dierum
292 755 490 783 mensura
510 750 553 782 et
573 740 835 783 inchoantur
862 748 904 782 et
943 748 1189 793 transeunt,
1216 753 1350 798 quam
1378 737 1472 782 sor-

95 819 204 853 tasse
226 810 436 868 significat
454 810 622 854 modius
639 830 649 866 ς
664 819 823 854 aeterna
846 825 946 853 vero
963 818 1007 852 et
1028 809 1232 868 spiritalia
1254 808 1375 852 nullo
1397 808 1474 852 tali

95 881 181 922 fine
209 881 496 923 coercentur3
533 899 541 924 ε
571 899 590 921 «
615 883 712 924 Non
744 880 859 923 enim
900 879 955 922 ad
988 893 1233 922 mensuram
1258 879 1333 921 dat
1362 881 1475 921 Deus

98 940 136 989 »⁵
153 949 391 1007 spiritum4.
421 967 439 989 »
469 949 559 993 Sub
577 949 724 992 modio
746 963 847 1006 ergo
867 947 1089 992 lucernam
1113 948 1261 1006 ponit,
1284 946 1476 1007 quisquis

95 1017 236 1061 lucem
259 1019 387 1062 bonae
409 1017 618 1061 doctrinae
632 1017 870 1062 commo'dis
884 1017 1195 1076 temporalibus
1210 1018 1413 1062 obscurat
1435 1024 1479 1059 et

95 1087 216 1144 tegit.
247 1106 266 1128 «
293 1087 376 1131 Sed
397 1102 526 1146 super
546 1086 857 1131 candelabrum
875 1089 916 1130 ⁵:
955 1106 973 1127 »
1003 1089 1139 1145 Super
1164 1086 1477 1131 candelabrum

96 1165 239 1199 autem
253 1191 263 1210 ,
288 1156 362 1215 qui
381 1172 536 1215 corpus
557 1171 684 1200 suum
707 1156 942 1199 ministerio
960 1156 1036 1199 Dei
1058 1156 1250 1215 subjicit,
1272 1165 1322 1199 ut
1341 1171 1473 1214 supe-

96 1225 182 1269 rior
204 1226 257 1270 sit
281 1225 528 1284 praedicatio
549 1226 738 1270 veritatis
753 1260 764 1278 ‚
790 1235 831 1269 et
856 1224 1034 1268 inferior
1051 1225 1231 1269 servitus
1249 1226 1441 1284 corporis
1463 1244 1473 1269 ς

96 1310 172 1353 per
192 1295 327 1353 ipsam
343 1304 486 1339 tamen
503 1296 693 1354 corporis
715 1295 966 1338 servitutem
988 1293 1192 1337 excelsior
1210 1294 1352 1338 luceat
1370 1294 1475 1338 doc-

95 1365 228 1417 trina,
255 1380 354 1423 quae
379 1380 455 1423 per
482 1364 623 1408 officia
655 1363 894 1422 corporalia
911 1398 922 1416 ‚
960 1362 1004 1406 id
1038 1372 1126 1416 est,
1160 1378 1236 1421 per
1256 1378 1407 1407 vocem
1431 1372 1474 1407 et

94 1432 311 1490 linguam,
338 1442 380 1476 et
397 1443 572 1477 caeteros
595 1434 784 1492 corporis
806 1442 950 1476 motus
967 1433 1012 1475 in
1034 1432 1158 1475 bonis
1177 1433 1380 1491 operibus
1402 1432 1473 1474 in-

94 1502 291 1545 sinuatur
312 1502 591 1546 discentibus.
621 1506 758 1561 Super
780 1501 1089 1547 candelabrum
1114 1517 1216 1559 ergo
1243 1502 1366 1560 ponit
1400 1501 1472 1544 lu·-

95 1587 289 1626 cernam,
306 1587 402 1615 cum
428 1571 533 1616 dicit
556 1572 786 1631 Apostolus
813 1592 821 1616 z
853 1591 871 1612 «
898 1574 994 1615 Non
1016 1572 1073 1614 sic
1096 1586 1242 1629 pugno
1266 1580 1474 1629 tanquam

99 1660 119 1682 »
154 1645 295 1684 aerem
317 1641 485 1684 caedens
501 1676 512 1694 ,
537 1642 612 1684 sed
644 1642 806 1699 castigo
826 1656 982 1699 corpus
1005 1656 1151 1683 meum
1166 1675 1177 1692 ,
1207 1650 1249 1683 et
1277 1640 1474 1683 servituti

100 1728 120 1751 n
155 1710 358 1768 subjicio,
395 1725 449 1752 ne
475 1709 585 1753 forte
608 1711 699 1754 aliis
729 1710 967 1769 praedicans
991 1710 1081 1766 ipse
1117 1698 1326 1766 reprobus
1349 1709 1472 1751 inve-

101 1797 119 1820 »
154 1778 290 1821 niarss.
320 1797 338 1818 »
375 1780 502 1830 Quod
539 1795 641 1822 vero
672 1780 760 1823 ait:
790 1799 809 1820 «
835 1782 889 1822 Ut
918 1778 1060 1821 luceat
1088 1779 1288 1821 omnibus
1319 1778 1395 1836 qui
1428 1778 1474 1819 in

100 1867 120 1889 »
155 1849 285 1892 domo
300 1857 401 1890 sunt
416 1850 474 1890 ⁷.»
496 1851 680 1890 Domum
696 1857 803 1905 puto
819 1847 979 1890 dictam
998 1847 1309 1889 habitationem
1332 1846 1473 1888 homi-

96 1933 201 1960 num
217 1952 228 1971 ‚
254 1917 299 1959 id
320 1926 382 1960 est
400 1951 409 1969 ‚
435 1917 577 1974 ipsum
599 1917 812 1960 mundum
827 1950 837 1969 ‚
861 1925 1037 1974 propter
1067 1914 1113 1957 id
1139 1914 1261 1973 quod
1281 1914 1476 1972 superius

97 1987 156 2030 ait
183 2004 191 2030 ε
221 2005 240 2026 «
276 1988 362 2029 Vos
391 1986 488 2028 estis
505 1981 661 2028 'lumen
682 1984 833 2028 mund-i
855 2003 863 2027 :
892 2002 911 2024 »
938 1993 1013 2027 aut
1034 1983 1068 2026 si
1090 1983 1270 2026 domum
1293 1983 1476 2042 quisque

99 2054 193 2099 vult
211 2055 403 2113 accipere
422 2055 657 2098 Ecclesiam
671 2089 681 2108 ‚
707 2069 786 2098 nec
803 2054 890 2097 {hoc
912 2061 975 2096 est
996 2051 1248 2095 absurdum.

149 2157 158 2172 1
184 2157 202 2180 2
220 2151 291 2181 Cor.
316 2160 351 2187 v,
381 2137 441 2179 io,⁸
459 2166 499 2171 -
527 2156 540 2171 ²
570 2149 689 2181 Matth.
709 2160 768 2189 vn,
787 2158 819 2181 2.
842 2166 882 2171 -
905 2147 918 2171 3
948 2149 1030 2180 Vide
1048 2150 1191 2180 Retract.
1211 2148 1265 2179 lib.
1287 2159 1311 2188 1,
1327 2158 1399 2188 cap.
1423 2157 1473 2188 ¹9·

105 2215 134 2235 n.
158 2203 188 2235 3.
209 2220 250 2225 —
268 2202 282 2232 4
298 2205 387 2234 Joan.
410 2214 458 2239 ιιι,
479 2201 531 2243 34.
556 2201 622 2224 -5
638 2203 756 2234 Matth.
783 2215 814 2243 v,
838 2203 887 2234 15.
916 2219 950 2225 --
975 2201 989 2224 6
1014 2214 1021 2233 ι
1045 2204 1176 2242 Gor.1x‚
1195 2202 1248 2233 26.
1269 2218 1309 2225 —
1330 2200 1480 2240 7Matth,

103 2270 134 2299 v,
157 2258 206 2289 ι5.

1198 2592 1260 2628 10.
