1819 3301
326 287 408 328 124
751 300 784 327 s.
822 297 1050 327 Avensa-im
1084 298 1264 325 13121500121

321 366 398 410 ubi
419 373 783 409 commemoratur
805 379 915 424 aqua
931 398 942 418 ,
968 362 1086 407 unde
1117 362 1194 422 qui
1225 362 1384 406 biberit
1406 377 1495 406 non
1523 361 1637 405 sitiet
1659 362 1704 406 in

321 445 534 480 aeternum
556 437 586 479 1.
614 435 721 479 Inde
744 450 888 478 rursus
905 434 950 477 in
973 435 1091 478 Cana
1121 431 1310 477 Galilaeae
1326 467 1336 487 ,
1367 431 1444 475 ubi
1468 430 1630 476 fecerat
1651 431 1706 475 de

323 523 435 566 aqua
457 507 608 551 vinum
635 525 643 550 :
665 505 741 548 ubi
772 520 871 548 eum
895 512 1205 548 commemorat
1223 502 1375 546 dixisse
1399 502 1564 560 regulo,
1585 503 1706 562 cujus

322 578 435 622 filius
456 576 758 620 infirmabatur
785 594 793 619 :
823 595 842 617 «
863 575 951 620 Nisi
969 576 1088 633 signa
1111 584 1153 618 et
1170 573 1368 634 prodigia
1383 572 1574 617 videritis
1589 608 1600 627 ,
1618 588 1708 617 non

326 667 347 690 »
381 646 554 692 creditis
578 648 594 670 ²
630 665 638 690 :
670 661 807 705 usque
840 646 948 689 adeo
978 661 1106 704 super
1140 645 1285 689 omnia
1307 642 1534 687 mutabilia
1557 642 1708 687 volens

324 727 515 762 mentem
545 716 758 760 credentis
781 715 976 760 attollere
994 751 1004 769 ‚
1042 724 1092 758 ut
1125 730 1204 758 nee
1236 715 1326 773 ipsa
1354 712 1584 769 miracula,
1609 729 1710 774 quae

325 787 521 846 quamvis
541 785 746 830 divinitus
768 785 822 829 de
845 784 1133 829 mutabilitate
1150 798 1383 843 corporum
1405 784 1533 839 fiunt,
1559 799 1583 827 a
1606 782 1711 826 fide-

325 857 439 902 libus
461 857 597 916 quaeri
618 856 736 901 velit.

383 930 501 972 XIV.
529 926 638 971 Inde
668 925 983 983 Jerosolymam
1014 924 1148 978 redit,
1179 925 1228 967 fit
1254 939 1382 968 sanus
1413 923 1584 981 triginta
1612 933 1711 968 octo

328 1013 541 1042 annorum
563 996 810 1053 languidus,
830 1011 880 1038 ex
903 996 982 1038 hac
1000 995 1223 1038 occasione
1241 1010 1339 1054 quae
1357 993 1564 1037 dicuntur
1579 1009 1712 1053 quam

328 1067 404 1112 diu
426 1066 664 1110 dicuntur?
688 1066 755 1109 lbi
773 1065 939 1109 dictum
968 1074 1031 1108 est
1061 1083 1070 1109 ;
1104 1083 1123 1105 ‹<
1158 1064 1424 1117 Quaerebant
1444 1078 1544 1107 eum
1571 1063 1713 1107 Judaei

330 1155 350 1179 »
385 1136 649 1190 interficere,
676 1136 778 1195 quia
801 1150 890 1178 non
912 1134 1053 1178 solum
1081 1134 1276 1177 solvebat
1297 1133 1549 1187 sabbatum,
1572 1133 1648 1177 sed
1671 1142 1714 1177 et

332 1226 351 1249 »
387 1217 554 1267 patrem
570 1222 697 1250 suum
715 1205 888 1249 dicebat
905 1209 1041 1249 Deum
1054 1240 1065 1260 ‚
1085 1204 1297 1264 aequalem
1316 1220 1360 1248 se
1378 1202 1536 1248 faciens
1555 1207 1644 1248 Deo
1666 1223 1674 1247 ε
1693 1224 1709 1244 »

329 1278 406 1322 ubi
426 1276 788 1321 satisostenditur
815 1291 946 1336 quam
970 1291 1059 1319 non
1081 1275 1237 1319 usitate
1253 1310 1263 1329 ,
1290 1275 1401 1318 sicut
1422 1275 1561 1319 solent
1578 1274 1715 1318 sancti

329 1349 527 1392 homines
549 1348 712 1401 dicere,
735 1347 891 1390 dixerit
913 1355 1080 1405 patrem
1103 1360 1230 1388 suum
1254 1348 1391 1388 Deum
1408 1380 1418 1399 ,
1445 1344 1521 1388 sed
1542 1344 1662 1404 quod
1679 1343 1715 1386 ei

330 1419 383 1463 sit
395 1416 572 1477 aequalis
589 1418 809 1469 insinuans
831 1432 839 1457 :
863 1417 1025 1476 quippe
1044 1415 1174 1474 paulo
1191 1415 1386 1474 superius
1404 1414 1569 1458 dixerat
1582 1414 1641 1458 eis
1659 1414 1714 1458 de

331 1488 510 1532 sabbato
529 1487 895 1531 calumniantibus
923 1506 932 1530 ι
957 1505 975 1527 (ι
1004 1490 1128 1529 Pater
1153 1500 1273 1528 meus
1295 1500 1432 1544 usque
1454 1485 1586 1528 modo
1609 1499 1713 1542 ope-

337 1578 354 1599 »
390 1567 524 1612 ratur,
545 1567 589 1602 et
606 1573 684 1615 ego
705 1572 874 1616 operor.
897 1575 917 1597 n
942 1556 1008 1599 Ibi
1031 1564 1278 1599 exarserunt
1296 1590 1306 1608 ‚
1327 1570 1415 1598 non
1432 1555 1532 1614 quia
1547 1563 1715 1614 patrem

331 1644 458 1672 suum
487 1628 650 1671 diceret
667 1631 803 1671 Deum
826 1649 836 1684 3
861 1627 935 1670 sed
957 1625 1078 1686 quod
1098 1626 1137 1669 ei
1159 1626 1338 1685 aequalis
1361 1625 1492 1669 vellet
1513 1624 1713 1683 intelligi,

333 1697 518 1742 dicendo
545 1718 553 1742 z
579 1717 598 1739 ‹<
625 1702 750 1742 Pater
773 1712 894 1741 meus
917 1712 1055 1755 usque
1074 1695 1204 1740 modo
1223 1706 1427 1755 operatur
1446 1706 1490 1741 et
1508 1711 1588 1754 ego
1611 1710 1718 1754 ope-

335 1786 356 1809 »
392 1784 462 1812 ror
488 1788 496 1813 :
525 1787 544 1810 »
572 1783 841 1828 consequens
876 1782 965 1810 esse
994 1766 1251 1820 ostendens⁷
1280 1776 1331 1809 'ut
1363 1766 1569 1825 quoniam
1593 1769 1719 1809 Pater

334 1848 557 1898 operatur,
589 1848 632 1882 et
663 1839 797 1881 Filius
826 1846 1055 1896 operetur3
1087 1836 1188 1895 quia
1220 1839 1346 1879 Pater
1370 1836 1460 1879 sine
1490 1835 1600 1879 Filio
1629 1850 1720 1879 non

335 1918 552 1968 operatur.
576 1909 642 1952 Ibi
661 1909 776 1951 enim
794 1916 836 1950 et
857 1907 988 1966 paulo
1007 1915 1102 1964 post
1123 1906 1196 1959 ait,
1211 1906 1300 1964 jam
1324 1904 1406 1949 illis
1429 1906 1486 1948 ob
1509 1906 1591 1949 hoc
1614 1905 1720 1948 iras-

335 1980 533 2024 centibus
562 1999 569 2023 :
599 1998 618 2020 «
643 1982 941 2037 Quaecumque
971 1976 1085 2020 enim
1111 1974 1183 2018 ille
1205 1974 1378 2030 fecerit,
1398 1976 1492 2019 haec
1514 1984 1556 2019 et
1584 1974 1719 2018 Filius

339 2069 359 2091 »
394 2050 588 2094 similiter
604 2050 708 2093 facit
732 2051 763 2092 3.
794 2067 812 2089 »

394 2123 489 2164 XV.
528 2120 634 2163 Inde
657 2119 832 2178 tandem
855 2115 1078 2161 descendit
1099 2118 1286 2159 Joanues
1317 2116 1371 2159 ad
1392 2115 1487 2159 illos
1517 2125 1601 2159 tres
1619 2129 1720 2159 cum

336 2190 487 2235 eodem
511 2190 696 2234 Domino
730 2189 774 2231 in
798 2197 908 2231 terra
936 2186 1178 2245 gradientes
1205 2186 1245 2240 ⁴,
1277 2194 1327 2228 ut
1357 2185 1552 2244 quinque
1585 2184 1720 2228 millia

336 2261 563 2304 hominum
595 2259 780 2318 panibus
811 2258 1005 2316 quinque
1034 2264 1265 2314 pascantur
1298 2274 1306 2298 :
1331 2255 1408 2298 ubi
1432 2264 1577 2298 tamen
1604 2254 1719 2298 solus

336 2339 645 2374 commemorat
659 2365 668 2383 ,
695 2327 813 2388 quod
835 2343 933 2371 cum
953 2326 1114 2370 vellent
1131 2341 1229 2369 eum
1254 2340 1395 2383 regem
1414 2324 1578 2379 facere,
1605 2324 1720 2369 solus

336 2400 446 2458 fugit
470 2402 515 2444 in
538 2410 746 2444 montem.
774 2402 867 2450 Qua
891 2399 934 2440 iii
960 2413 1002 2440 re
1025 2396 1131 2439 nihil
1156 2396 1260 2439 mihi
1288 2395 1407 2439 aliud
1428 2395 1600 2439 videtur
1622 2395 1719 2438 ani-

335 2486 449 2513 mam
480 2470 732 2515 rationalem
764 2482 1039 2512 commonere
1066 2466 1248 2511 voluisse
1267 2501 1277 2520 ‚
1304 2466 1383 2509 nisi
1412 2481 1463 2509 eo
1486 2481 1529 2509 se
1560 2474 1717 2509 nostrae

383 2573 392 2587 ¹
410 2569 566 2608 Joau.1v‚
593 2566 688 2607 5-46.
721 2583 762 2589 -
791 2573 803 2588 ²
829 2566 874 2597 ld.
910 2576 960 2605 ιιι,
982 2575 993 2595 ῐ
1019 2568 1051 2595 ct
1074 2575 1120 2603 lv,
1147 2562 1200 2604 53.
1222 2562 1360 2594 —31d.
1394 2574 1426 2603 v,
1462 2574 1552 2603 ι-ις).
1571 2578 1610 2584 -
1633 2560 1716 2593 41d.

338 2632 381 2662 vi,
402 2632 429 2661 1,
454 2626 515 2652 etc.
