1819 3301
360 262 441 300 ⁸288
800 269 832 298 S·
870 270 1099 299 AUGUSTINI
1132 270 1313 298 EPISCOPI

358 335 623 396 impediendi
656 335 920 380 voluntatem
953 335 1151 379 fidelium
1188 351 1207 379 a
1234 333 1457 395 sequendo
1480 334 1678 390 Christo,
1704 343 1747 378 et

359 408 598 454 obtinendo
622 423 755 467 regno
773 408 863 452 Dci.

896 557 1132 608 QUAESTIO
1164 559 1231 597 Π.

431 712 448 733 «
483 696 726 737 Paos-mnas
754 692 1026 752 viperarum¹
1059 709 1078 732 »
1117 706 1188 735 eos
1217 690 1344 744 dicit,
1379 689 1481 749 quia
1513 698 1556 734 et
1587 689 1751 734 diaboli

360 764 470 809 filios
493 779 564 808 eos
587 763 791 823 appellat.
816 766 866 807 In
881 772 1052 807 tantum
1076 762 1192 805 enim
1215 761 1401 822 quisque
1418 759 1532 805 filius
1551 761 1641 821 ejus
1668 768 1747 816 est,

363 835 409 880 in
432 845 647 896 quantum
669 850 770 880 eum
791 834 1014 895 peccando
1035 833 1246 877 imitatur.

877 973 1114 1023 QUAESTIO
1146 974 1231 1013 vn.

428 1126 448 1149 «
477 1109 603 1152 Steti-r
625 1106 741 1151 enim
775 1105 859 1150 fuit
887 1109 1018 1150 Jonas
1036 1106 1081 1149 in
1103 1108 1254 1149 ventr‘e
1277 1104 1360 1148 ceti
1380 1104 1518 1148 tribus
1541 1102 1695 1148 diebus
1711 1112 1755 1148 et

367 1197 387 1220 >›
424 1179 560 1222 tribus
591 1177 817 1231 noctibus,
846 1177 904 1221 sic
937 1177 1017 1220 erit
1036 1175 1170 1219 Filius
1191 1175 1379 1219 hominis
1400 1175 1445 1218 in
1476 1174 1606 1219 corde
1629 1183 1755 1218 terrae

367 1267 388 1291 >›
423 1249 562 1294 tribus
599 1248 754 1292 diebus
779 1257 822 1291 et
856 1248 995 1292 tribus
1017 1247 1264 1291 noctibus².
1294 1265 1313 1286 »
1348 1248 1486 1290 Sextae
1520 1244 1640 1288 feriae
1670 1244 1756 1288 diei

365 1330 534 1380 partem
556 1336 643 1380 qua
677 1318 872 1379 sepultus
897 1328 960 1363 est
982 1334 1081 1362 cum
1106 1318 1323 1377 praeterita
1346 1326 1474 1361 nocte
1493 1352 1503 1370 ‚
1529 1332 1608 1376 pro
1628 1325 1756 1361 nocte

367 1400 410 1435 et
433 1390 502 1434 die
535 1390 739 1449 accipias,
764 1390 848 1433 hoc
870 1399 959 1443 est,
986 1404 1063 1448 pro
1086 1397 1178 1432 toto
1201 1388 1298 1445 die3
1323 1387 1492 1431 sabbati
1517 1396 1690 1431 noctem
1713 1395 1757 1430 et

366 1462 482 1506 diem
502 1471 569 1520 3et
583 1471 757 1506 noctem
780 1460 1044 1504 dominicam
1067 1475 1165 1504 cum
1185 1459 1338 1504 eodem
1363 1459 1433 1503 die
1455 1458 1752 1503 illucescente:

367 1549 415 1578 ac
443 1550 519 1594 per
540 1535 624 1578 hoc
648 1531 900 1591 accipiendo
918 1541 1085 1591 partem
1111 1547 1189 1590 pro
1208 1540 1326 1584 toto,
1347 1530 1481 1574 habes
1505 1529 1698 1574 triduum
1715 1538 1760 1573 et

365 1614 452 1649 tres
475 1614 638 1649 noctes.
660 1602 785 1656 Quod
802 1603 917 1646 enim
942 1602 1150 1646 dicuntur
1172 1601 1324 1645 decem
1347 1616 1514 1646 menses
1537 1615 1759 1659 praegnan-

366 1677 418 1721 tis
434 1712 444 1732 ,
471 1691 630 1721 novem
651 1685 753 1719 sunt
774 1674 892 1734 pleni
915 1693 923 1718 :
949 1673 1023 1717 sed
1046 1673 1219 1717 initium
1245 1672 1401 1717 decimi
1420 1688 1499 1731 pro
1528 1681 1620 1716 toto
1643 1671 1758 1716 acci-

366 1748 501 1807 pitur.
528 1751 585 1791 Et
607 1745 729 1807 quod
759 1761 802 1789 se
828 1745 1037 1789 Dominus
1065 1743 1255 1788 ostendit
1283 1743 1329 1786 in
1357 1752 1533 1797 monte,
1563 1751 1662 1802 post
1689 1757 1760 1785 sex

371 1819 462 1863 dies
485 1818 650 1863 factum
674 1818 779 1862 dicit
807 1832 918 1860 unus
937 1815 1212 1873 Evangelista
1227 1816 1241 1840 3
1262 1836 1272 1871 3
1298 1814 1402 1858 alter
1423 1830 1526 1858 vcro
1548 1823 1645 1873 post
1661 1821 1760 1858 octo

368 1889 459 1934 dies
495 1889 631 1933 dicit⁴
650 1923 660 1943 ,
700 1897 866 1946 partem
902 1887 1183 1946 posteriorem
1218 1885 1346 1945 primi
1377 1884 1462 1928 diei
1493 1884 1538 1928 in
1569 1899 1658 1944 quo
1692 1881 1762 1927 fu-

370 1970 521 2005 turum
557 1961 642 2004 hoc
665 1959 875 2003 Dominus
899 1958 1096 2017 promisit
1111 1992 1121 2011 ,
1152 1966 1194 2000 ct
1216 1969 1381 2016 partem
1403 1956 1590 2015 priorem
1618 1953 1763 1999 novis-

371 2032 468 2076 simi
517 2030 601 2075 diei
629 2031 673 2074 in
714 2045 802 2089 quo
841 2028 1107 2087 completum
1149 2036 1212 2071 est
1253 2025 1373 2087 quod
1415 2025 1637 2084 promisit,
1681 2040 1762 2084 pro

372 2103 473 2147 totis
495 2111 626 2162 atque
648 2101 825 2160 integris
844 2099 996 2143 diebus
1014 2113 1302 2142 annumerans
1326 2116 1334 2141 :
1355 2104 1404 2139 ut
1426 2095 1640 2154 intelligas
1661 2111 1762 2140 eum

372 2174 449 2234 qui
480 2172 606 2228 dixit,
645 2180 743 2231 post
774 2186 845 2214 sex
874 2169 990 2224 dies,
1026 2168 1138 2212 solos
1179 2168 1344 2212 medios
1379 2181 1758 2220 commemorasse,

372 2245 449 2306 qui
469 2260 571 2289 vere
592 2243 673 2288 toti
695 2252 827 2302 atque
848 2240 1005 2300 integri
1027 2239 1234 2298 completi
1258 2247 1374 2282 sunt.
1394 2242 1444 2282 In
1467 2237 1624 2282 Genesi
1646 2237 1761 2281 enim

372 2333 397 2361 a
424 2316 590 2360 lumine
613 2313 766 2372 incipit
793 2311 906 2366 dies,
938 2320 980 2355 et
1008 2310 1106 2354 finit
1134 2309 1188 2353 ad
1222 2310 1470 2364 tenebras⁵‚
1508 2307 1563 2352 ad
1594 2307 1760 2365 signifi-

372 2386 564 2431 candum
603 2384 774 2444 lapsum
817 2381 1004 2426 hominis
1041 2400 1051 2426 2
1085 2395 1204 2424 nunc
1237 2389 1382 2423 autem
1426 2395 1449 2423 a
1480 2377 1671 2422 tenebris
1708 2377 1762 2420 ad

372 2458 516 2503 lucem
531 2493 542 2513 ,
584 2457 695 2501 sicut
745 2453 912 2499 dictum
945 2461 1009 2497 est
1046 2471 1055 2497 :
1097 2470 1116 2493 «
1155 2454 1216 2495 De
1252 2450 1442 2495 tenebris
1483 2448 1626 2494 lucem
1673 2447 1762 2493 cla-

421 2573 429 2588 ¹
451 2565 573 2598 Matth.
591 2574 648 2606 xn,
669 2562 722 2605 34.
745 2579 786 2585 -
807 2568 819 2585 ²
847 2561 892 2594 Id.
922 2572 955 2601 n,
986 2558 1039 2601 40.
1062 2575 1103 2581 -
1122 2556 1135 2581 3
1155 2557 1200 2590 Id.
1229 2568 1308 2599 xvu,
1333 2568 1361 2589 1.
1383 2570 1425 2580 ⁸—-
1443 2555 1459 2586 l,
1477 2558 1554 2588 Luc.
1574 2565 1618 2596 ιι,
1637 2555 1692 2588 28.
1719 2570 1760 2578 -

374 2620 389 2646 ⁵
408 2624 485 2656 Gen.
500 2633 522 2663 ι,
538 2621 569 2653 5.
