1819 3301
316 296 401 336 342
751 310 783 334 s.
820 306 1050 334 AUGUSTIM
1083 305 1263 332 Emscom

313 374 530 434 suscipere
551 371 753 432 dignatus
777 380 854 416 est.
873 373 1010 415 Canes
1029 384 1131 428 ergo
1143 368 1220 429 qui
1235 384 1283 413 ea
1301 367 1707 427 lingebant‚Gentes

313 453 415 489 sunt
437 480 447 499 ‚
489 459 597 503 quos
633 443 827 486 homines
859 449 1106 500 peccatores
1140 448 1182 483 et
1216 438 1465 483 immundos
1501 438 1707 484 dicebant

311 516 476 571 Judaei,
495 525 538 559 et
555 523 701 557 tamen
724 512 939 572 passiones
964 512 1135 556 Domini
1149 512 1193 555 in
1214 511 1497 556 sacramentis
1516 512 1706 570 corporis

312 597 354 632 et
377 586 596 646 sanguinis
619 585 732 644 ejus,
752 599 830 643 per
843 584 1084 644 totnmjam
1103 584 1254 628 orbem
1277 583 1486 626 suavitate
1504 583 1706 627 lambunt

311 657 599 702 devotissima.
615 658 711 698 Jam
727 655 1041 699 sinusAbrahae
1054 653 1311 711 intelligitur
1325 662 1537 697 secretum
1554 653 1702 708 Patris,

308 744 395 788 quo
414 735 509 786 post
528 723 770 785 passionem
787 741 1013 784 resurgens
1029 733 1273 783 assumptus
1287 732 1351 767 est
1365 724 1575 767 Dominus
1591 742 1599 768 ε
1616 739 1705 783 quo

308 814 408 843 eum
431 806 654 857 portatum
681 796 735 840 ab
759 796 934 855 Angelis
957 795 1056 840 ideo
1079 794 1245 839 dietum
1271 803 1401 853 puto,
1437 793 1538 854 quia
1569 794 1702 853 ipsam

307 869 600 928 receptionem
623 883 708 927 qua
728 867 772 909 in
792 875 1005 910 secretum
1030 866 1168 910 Patris
1192 865 1422 918 abscessit,
1449 864 1603 922 Angeli
1623 880 1703 908 an—

307 939 618 983 nuntiaverunt
638 936 863 996 Discipulis
882 936 1171 979 intuentibus.
1194 934 1386 979 Dicendo
1403 934 1517 977 enim
1535 933 1703 987 :uQuid

310 1027 331 1051 »
358 1010 475 1053 statis
498 1008 750 1067 aspicientes
769 1007 813 1050 in
833 1006 1092 1050 coe1um¹?»
1118 1004 1226 1066 quid
1241 1004 1358 1048 aliud
1378 1004 1596 1059 dixerunt,
1623 1004 1701 1048 nisi

308 1079 431 1124 nullo
456 1078 586 1123 modo
609 1094 732 1138 posse
752 1077 900 1122 oculos
931 1077 1159 1121 hominum
1188 1090 1326 1136 usque
1357 1075 1402 1117 in
1427 1073 1537 1118 illud
1567 1090 1702 1134 pene-

304 1159 418 1194 trare
440 1159 653 1194 secretum
677 1164 766 1209 quo
788 1149 878 1192 ibat
901 1148 1132 1202 Dominus,
1159 1161 1258 1190 cum
1281 1146 1326 1188 in
1349 1154 1584 1204 conspectu
1609 1146 1704 1190 Dis-

306 1221 551 1280 eipulorum
595 1219 782 1264 ferretur
819 1221 864 1262 in
902 1218 1102 1263 eoelum?
1139 1220 1234 1261 Jam
1269 1225 1424 1260 caetera
1461 1216 1702 1260 secundum

306 1291 574 1350 superiorem
610 1291 918 1349 expositionem
950 1288 1083 1348 accipi
1118 1297 1294 1348 possunt
1322 1306 1330 1331 z
1357 1286 1457 1346 quia
1488 1296 1702 1330 secretum

303 1361 441 1406 Patris
453 1359 849 1418 beneintelligitur‚
871 1359 949 1402 ubi
971 1359 1100 1402 etiam
1124 1367 1223 1401 ante
1242 1357 1701 1417 resurreetionemjus-

307 1440 453 1476 torum
472 1432 628 1475 animae
649 1431 804 1474 vivunt
825 1445 925 1474 cum
948 1433 1051 1473 Deo.
1089 1431 1228 1472 Tanto
1244 1429 1359 1471 enim
1376 1428 1517 1472 verius
1535 1428 1702 1488 ubique

306 1512 368 1546 est
392 1505 525 1555 Deus,
558 1509 724 1561 quanto
755 1499 877 1544 nullo
904 1500 1154 1543 continetur
1180 1499 1299 1553 loeo,
1330 1499 1441 1543 sicut
1470 1507 1513 1542 et
1546 1499 1703 1542 latroni

303 1572 471 1616 dictum
494 1580 557 1615 est
578 1590 586 1615 ε
610 1589 628 1611 «
648 1569 787 1614 Hodie
809 1585 981 1614 mecum
997 1570 1136 1614 crisin
1158 1568 1400 1629 paradiso'2:
1422 1588 1439 1610 n
1453 1569 1571 1612 unde
1589 1584 1703 1613 nun-

307 1658 439 1702 quam
463 1642 636 1686 recessit
658 1641 733 1685 Dei
757 1641 915 1695 Filius⁷
941 1641 1138 1701 quamvis
1163 1642 1217 1684 ab
1235 1641 1486 1684 hominibus
1509 1656 1585 1700 per
1607 1655 1702 1685 sus-

305 1721 478 1772 ceptam
499 1727 674 1757 carnem
698 1712 743 1755 in
765 1711 939 1756 civitate
962 1712 1218 1756 Judaeorum
1242 1720 1360 1755 tanta
1385 1719 1620 1770 pateretur.

780 1850 1017 1900 QUAESTIO
1050 1852 1226 1889 xxxlx.

365 1985 401 2026 Ι.
428 1984 555 2034 Quon
592 1979 796 2024 dixerunt
820 1980 1028 2040 Discipuli
1062 1981 1249 2025 Domino
1276 1999 1285 2025 ε
1319 1999 1338 2022 «
1361 1979 1542 2040 Adauge
1577 1982 1701 2026 nobis

306 2070 326 2095 »
362 2052 531 2107 fidem³‚
559 2070 578 2093 »
618 2060 759 2110 potest
785 2051 962 2111 quidem
996 2051 1180 2111 intelligi
1213 2052 1326 2096 hanc
1361 2052 1493 2095 fidem
1525 2052 1606 2095 sibi
1629 2068 1701 2097 eos

303 2125 452 2183 augeri
482 2123 747 2183 postulasse,
783 2139 869 2182 qua
899 2123 1140 2166 creduntur
1163 2139 1208 2166 ea
1233 2139 1331 2182 quae
1352 2138 1438 2166 non
1463 2123 1696 2169 videntur:

303 2195 378 2239 sed
403 2204 546 2238 tamen
569 2194 731 2237 dieitur
753 2194 881 2236 etiam
906 2193 1011 2237 fides
1034 2208 1200 2247 rerum,
1227 2194 1404 2252 quando
1428 2209 1514 2237 non
1538 2195 1695 2249 verbis,

302 2265 377 2310 sed
399 2266 528 2308 rebus
550 2264 650 2323 ipsis
672 2264 959 2322 praesentibus
981 2264 1174 2307 ereditur
1199 2282 1207 2307 ε
1236 2264 1355 2322 quod
1379 2263 1576 2308 futurum
1600 2274 1664 2309 est
1683 2301 1695 2321 ,

300 2351 399 2379 cum
417 2337 507 2395 jam
528 2349 602 2394 per
616 2335 802 2393 speciem
827 2333 1099 2377 manifestam
1118 2348 1161 2377 se
1179 2333 1561 2392 contemplandam
1586 2350 1695 2394 prae-

299 2407 422 2449 bebit
440 2406 596 2449 sanctis
614 2406 702 2463 ipsa
717 2405 787 2448 Dei
805 2405 1020 2463 Sapientia
1030 2420 1244 2465 perquam
1262 2404 1374 2448 faeta
1391 2415 1491 2448 sunt
1510 2406 1691 2450 o‘mnia4.

300 2478 360 2519 De
391 2492 476 2535 qua
511 2474 597 2518 fide
639 2490 783 2518 rerum
815 2473 1011 2534 lucisque
1046 2475 1160 2518 illius
1207 2485 1477 2534 praesetitatae
1511 2476 1692 2521 forsitan

297 2546 458 2589 Paulus
478 2545 696 2605 apostolus
717 2545 825 2589 dicit
845 2564 853 2589 ε
878 2565 897 2587 «
917 2545 1088 2589 Justitia
1107 2545 1223 2588 enirn
1243 2546 1318 2589 Dei
1336 2547 1379 2589 in
1402 2561 1453 2590 eo
1476 2546 1692 2591 revelatur

345 2648 351 2662 ¹
370 2644 441 2673 Act.
459 2653 483 2682 1,
509 2653 558 2673 υ.
580 2658 622 2665 “>-
641 2647 653 2664 ²
679 2644 756 2673 Luc.
781 2652 874 2682 xxm,
896 2640 951 2683 43,
969 2658 1008 2663 —
1037 2639 1050 2664 ³
1076 2641 1223 2683 1d.xvn,
1239 2641 1270 2674 5.
1298 2659 1337 2666 -
1357 2641 1373 2667 4
1393 2642 1453 2675 Psl.
1472 2652 1539 2684 cni,
1558 2642 1612 2685 24.
