1819 3301
332 269 414 308 428
756 283 789 309 s.
829 280 1054 308 ACGUsTlNl
1090 281 1269 308 EPISCOPI

336 370 352 388 »
389 347 584 402 Domini,
611 363 687 407 per
704 363 853 391 omnes
871 346 962 391 dies
985 347 1083 391 vitae
1106 363 1228 391 mete.
1259 366 1278 388 »
1306 350 1361 391 Et
1383 356 1488 407 puta
1510 346 1612 407 quia
1640 348 1721 391 113-

330 418 443 462 bitas
459 418 502 462 in
521 418 651 462 domo
676 418 870 472 Domini,
896 416 1089 461 undeibi
1111 418 1192 462 erit
1214 417 1423 475 gaudium
1443 419 1601 462 tuum?
1624 437 1642 459 «
1665 420 1722 462 Ut

334 507 354 531 »
390 488 681 547 contempler,
703 488 848 548 inquit
867 524 878 543 ‚
904 487 1237 533 delectationem
1265 489 1452 533 Domini.
1480 507 1500 529 »

389 563 511 605 XXI.
537 563 707 604 Fratres
723 561 831 614 mei,
852 560 972 605 unde
995 560 1204 615 clamatis,
1226 559 1345 604 unde
1367 559 1584 614 exultatis,
1606 559 1724 604 unde

332 631 483 675 amatis
500 665 511 685 ,
538 631 618 675 nisi
641 631 743 692 quia
771 631 832 675 ibi
855 640 919 675 est
955 631 1140 676 scintilla
1177 631 1307 691 hujus
1328 629 1584 675 charitatis?
1610 629 1726 683 Quid

332 701 583 745 desideratis
616 717 720 760 rogo
742 704 848 747 vos?
870 701 1018 746 Videri
1040 711 1182 762 potest
1216 701 1384 746 oculis?
1405 701 1525 760 tangi
1549 702 1725 761 potest?

332 772 616 832 pulchritudo
639 772 784 834 aliqua
803 783 867 818 est
888 790 987 834 quae
1014 773 1164 818 oculos
1187 772 1400 817 delectat?
1423 775 1577 817 Nonne
1608 775 1725 816 Mar-

334 852 449 901 tyres
472 844 602 888 amati
625 854 726 889 sunt
747 845 1052 899 vehementem
1076 854 1119 889 et
1141 843 1320 904 quando
1349 859 1421 888 eos
1457 858 1726 888 commemo-

333 930 493 969 ramus,
505 915 816 960 inardescimus
833 931 978 961 amore
993 918 1011 960 P
1026 915 1142 969 Quid
1156 916 1199 960 in
1218 915 1300 960 illis
1316 930 1526 967 amamus,
1543 915 1726 959 fratres?

333 985 529 1030 Membra
550 985 712 1030 laniata
735 1003 757 1031 a
780 985 911 1031 seris?
933 986 1050 1040 Quid
1071 985 1256 1037 foedius,
1282 986 1315 1030 si
1331 985 1479 1030 oculos
1499 986 1637 1029 carnis
1659 985 1727 1028 in-

337 1064 525 1114 terroges
545 1073 556 1100 .·
573 1057 681 1116 quid
696 1057 934 1117 pulchrius,
952 1058 985 1101 si
1004 1056 1152 1101 oculos
1170 1057 1310 1114 cordis
1327 1057 1566 1115 interroges
1579 1058 1596 1098 ἰ)
1611 1055 1727 1109 Quid

336 1127 414 1171 tibi
435 1127 609 1172 videtur
631 1128 879 1174 adolescens
897 1129 1216 1188 pulcherrimus
1238 1127 1344 1173 fur?
1365 1127 1596 1181 Quomodo
1620 1128 1726 1171 hor-

335 1206 432 1241 rent
454 1198 570 1241 oculi
603 1199 698 1242 tui‘?
720 1199 947 1260 Numquid
969 1199 1085 1243 oculi
1124 1199 1265 1242 carnis
1299 1199 1513 1243 horrent?
1541 1199 1583 1243 Si
1615 1199 1729 1257 ipsos

335 1268 573 1327 interroges
590 1304 600 1322 ,
638 1268 747 1312 nihil
789 1269 864 1314 illo
901 1285 1081 1329 corpore
1117 1270 1394 1329 compositius
1415 1305 1426 1324 ‚
1463 1268 1570 1312 nihil
1607 1269 1726 1313 ordi-

335 1339 477 1382 natius
498 1360 508 1396 3
535 1349 575 1383 et
595 1339 784 1398 parilitas
808 1342 1105 1385 membrorum
1123 1376 1133 1395 ,
1150 1350 1193 1384 et
1215 1340 1370 1385 coloris
1388 1341 1618 1384 delectatio
1639 1338 1728 1383 illi-

335 1409 393 1453 cit
416 1409 564 1454 000105
590 1429 597 1454 :
622 1419 663 1454 et
688 1419 833 1454 tamen
852 1427 951 1455 cum
972 1412 1094 1455 audis
1116 1412 1219 1471 quia
1242 1410 1312 1455 fur
1330 1421 1419 1466 est,
1447 1410 1557 1470 fugis
1582 1411 1727 1454 homi-

333 1495 434 1523 nem
457 1481 616 1525 animo.
657 1481 783 1525 Vides
813 1497 863 1524 ex
887 1481 965 1527 alia
1002 1491 1125 1541 parte
1155 1497 1303 1525 senem
1337 1497 1543 1526 curvum:
1572 1479 1728 1525 baculo

334 1550 592 1595 innitentem
614 1587 624 1607 ,
650 1552 719 1596 vix
738 1568 782 1596 se
801 1562 1072 1607 moventem,
1099 1553 1217 1611 rugis
1245 1553 1442 1612 undique
1472 1562 1693 1596 exaratum
1716 1570 1726 1597 :

335 1620 442 1680 quid
465 1621 584 1665 vides
605 1623 725 1683 quod
745 1623 894 1667 oculos
929 1622 1150 1667 delectet?
1172 1621 1307 1666 Audis
1330 1622 1430 1682 quia
1451 1623 1591 1681 justus
1629 1631 1692 1665 est
1716 1641 1724 1666 :

335 1707 452 1735 amas
467 1726 478 1746 ,
514 1692 799 1752 amplecteris.
830 1693 946 1737 Talia
986 1693 1111 1738 nobis
1142 1693 1319 1752 praemia
1356 1692 1560 1752 promissa
1599 1702 1726 1742 sunt,

333 1761 485 1806 fratres
509 1765 591 1807 mei
619 1783 626 1808 :
654 1764 741 1807 tale
759 1762 923 1824 aliquid
946 1773 1085 1806 amate
1107 1798 1117 1817 ,
1147 1762 1219 1806 tali
1241 1778 1375 1821 regno
1397 1762 1608 1821 suspirate
1629 1796 1640 1816 ,
1665 1771 1730 1805 ta-

333 1832 418 1876 lem
456 1834 640 1892 patriam
663 1833 930 1890 desiderate3
971 1834 1003 1877 si
1029 1834 1157 1877 vultis
1190 1834 1416 1893 pervenire
1452 1832 1506 1876 ad
1530 1832 1573 1876 id
1591 1867 1601 1886 ,
1628 1847 1726 1876 cum

334 1919 421 1962 quo
443 1904 562 1948 venit
579 1905 786 1948 Dominus
811 1914 956 1948 noster
978 1939 987 1957 ‚
1008 1902 1052 1947 id
1075 1913 1161 1958 est,
1194 1903 1249 1947 ad
1284 1903 1464 1962 gratiam
1493 1912 1536 1946 et
1569 1903 1728 1946 verita-

335 1983 439 2017 tem.
461 1974 501 2018 Si
516 1984 661 2018 autem
679 1975 918 2033 corporalia
938 1974 1114 2033 praemia
1129 1974 1399 2033 concupieris
1415 1990 1436 2017 a
1459 1976 1564 2026 Deo,
1584 1971 1729 2016 adhue

335 2044 417 2088 sub
438 2047 553 2103 Lege
571 2061 613 2089 es
634 2081 644 2100 ,
663 2055 706 2089 01
728 2045 826 2088 ideo
848 2046 983 2103 ipsam
1005 2047 1166 2103 Legem
1190 2060 1279 2088 non
1302 2043 1516 2103 implebis.
1543 2041 1730 2095 Quando

337 2115 450 2158 enim
472 2114 629 2160 videris
657 2114 880 2159 abundare
918 2115 997 2157 ista
1033 2114 1285 2173 temporalia
1318 2114 1362 2156 in
1398 2113 1456 2157 eis
1485 2113 1560 2172 qui
1593 2116 1730 2156 Deum

337 2186 596 2242 offendunt,
627 2196 787 2230 nutant
822 2200 988 2244 gressus
1020 2185 1107 2239 tui,
1144 2195 1187 2228 et
1221 2184 1326 2228 dicis
1363 2185 1468 2239 tibi,
1502 2187 1615 2228 Ecce
1650 2199 1731 2242 ego

337 2256 433 2302 0010
464 2260 627 2312 Deum,
669 2257 864 2318 quotidie
901 2258 955 2300 ad
988 2254 1223 2300 Ecclesiam
1247 2272 1374 2300 curro
1396 2291 1407 2311 ‚
1454 2271 1595 2314 genua
1625 2255 1731 2299 mihi

338 2329 436 2373 trita
470 2339 572 2373 sunt
605 2331 650 2373 in
674 2328 963 2382 orationibus,
1003 2337 1046 2371 et
1083 2327 1250 2372 assidue
1274 2336 1462 2386 aegroto3
1497 2325 1731 2370 homicidia

339 2399 507 2444 faciunt
529 2400 748 2453 homines,
772 2399 944 2458 rapinas
963 2398 1145 2452 faciunt,
1177 2397 1377 2442 exultant
1405 2408 1447 2442 et
1478 2397 1729 2451 abundant,

340 2470 452 2513 bene
488 2481 550 2514 est
577 2470 674 2514 illis.
698 2470 814 2514 Talia
852 2485 953 2527 ergo
976 2469 1201 2529 quaerebas
1225 2485 1247 2512 a
1272 2470 1385 2512 Deo?
1408 2469 1535 2512 Certe
1558 2466 1610 2511 ad
1636 2482 1735 2524 gra-

340 2541 445 2584 tiam
467 2542 725 2601 pertinebas.
770 2541 811 2585 Si
845 2541 1027 2599 gratiam
1058 2539 1155 2583 ideo
1190 2539 1267 2582 111)1
1300 2538 1421 2582 (ledit
1456 2542 1588 2591 Deus,
1629 2539 1733 2597 quia

342 2612 473 2669 gratis
490 2611 634 2667 dedit,
661 2611 790 2670 gratis
805 2625 914 2655 ama.
940 2610 1037 2657 Noli
1051 2609 1105 2654 ad
1125 2610 1349 2668 praemium
1373 2608 1552 2667 diligere
1572 2611 1728 2662 Deum,
