1819 3301
373 243 456 282 462
798 253 833 283 s.
869 252 1101 282 Aueusnm
1134 254 1316 282 Emscom

369 429 1118 447 ΊΝΜΜΜΜΜΜΝΝἋΝΠἏΜΜΜΜΜΛΛΜΜ
1333 425 1761 446 mmmmm

805 557 1213 605 TRACTATUS
1249 557 1331 603 VI.

366 717 431 763 In
462 717 680 763 eumdem
701 718 968 781 Evangelii
985 719 1159 765 locum.
1203 721 1373 782 Quare
1404 719 1540 764 Deus
1568 735 1659 779 per
1685 735 1765 765 co-

431 787 601 834 lumboe
618 791 826 850 speciem
855 790 1106 836 ostendere
1131 789 1335 836 voluerit
1366 789 1602 850 Spiritum
1629 806 1764 837 sanc-

430 869 545 904 tam.

428 1012 463 1052 Ι.
486 1012 661 1054 FATEOR
686 1010 913 1055 Sanctitati
935 1013 1124 1066 Vestrae,
1162 1011 1394 1055 timueram
1418 1026 1473 1054 ne
1509 1009 1645 1069 frigus
1679 1011 1764 1055 hoc

364 1080 547 1138 frigidos
569 1097 644 1125 vos
662 1081 716 1125 ad
734 1081 1088 1126 conveniendum
1111 1081 1275 1127 faceret
1297 1102 1305 1127 ;
1327 1083 1401 1126 sed
1420 1082 1520 1142 quia
1542 1083 1622 1126 ista
1645 1081 1762 1126 cele-

366 1151 524 1194 britate
546 1161 589 1195 et
611 1150 858 1211 frequentia
883 1162 1047 1207 vestra,
1078 1153 1232 1211 spiritu
1260 1169 1335 1197 vos
1358 1152 1524 1197 fervere
1557 1152 1762 1197 demons-

370 1223 488 1265 tratis
509 1257 519 1276 ,
545 1238 635 1266 non
652 1222 807 1267 dubito
830 1223 932 1282 quia
955 1224 1085 1266 etiam
1112 1223 1261 1267 orastis
1282 1239 1362 1283 pro
1385 1239 1470 1277 me,
1491 1233 1541 1267 ut
1562 1223 1761 1268 debitum

365 1294 488 1337 vobis
510 1293 720 1338 exolvam.
749 1294 1033 1338 Promiseram
1057 1294 1172 1337 enim
1194 1295 1239 1338 in
1258 1294 1436 1338 nomine
1459 1295 1616 1339 Christi
1632 1296 1761 1339 disse-

366 1381 460 1408 rere
481 1365 612 1409 hodie
633 1401 643 1419 ‚
670 1381 769 1409 cum
793 1365 991 1422 angustia
1028 1366 1235 1424 temporis
1273 1374 1376 1409 tunc
1404 1365 1658 1424 impediret,
1704 1371 1760 1409 ne

362 1436 408 1480 id
429 1452 648 1496 possemus
664 1436 878 1495 explicare
906 1434 1155 1490 tractando,
1172 1452 1306 1496 quare
1319 1439 1432 1480 Deus
1449 1451 1524 1495 per
1540 1435 1759 1480 columbae

362 1508 549 1566 speeiem
572 1509 799 1552 ostendere
822 1507 1012 1552 voluerit
1035 1508 1244 1566 Spiritum
1267 1517 1482 1552 sanc-tum.
1501 1511 1594 1553 Hoc
1610 1518 1660 1553 ut
1681 1524 1759 1552 ex-

364 1578 550 1637 plicetur
565 1614 575 1633 ,
598 1578 741 1622 illuxit
762 1579 888 1623 nobis
907 1578 997 1622 dies
1026 1577 1263 1622 hodiernus
1281 1600 1292 1636 3
1318 1588 1360 1622 et
1391 1579 1530 1623 sentio
1552 1578 1758 1623 audiendi

361 1650 600 1709 cupiditate
622 1660 663 1694 et
682 1651 750 1709 pia
773 1649 1006 1694 devotione
1030 1665 1105 1693 vos
1124 1649 1337 1693 celebrius
1352 1659 1652 1709 congregatos.
1675 1653 1757 1694 Ex-

361 1721 651 1780 pectationem
675 1730 861 1764 vestram
885 1723 997 1764 Deus
1019 1719 1200 1779 impleat
1220 1736 1269 1763 ex
1292 1736 1365 1763 ore
1383 1730 1547 1764 nostro.
1570 1721 1755 1764 Amastis

360 1792 475 1834 enim
498 1800 547 1835 ut
568 1792 772 1835 veniretis
790 1791 889 1834 :sed
914 1791 1102 1844 amastis,
1122 1789 1257 1850 quid?
1276 1791 1316 1834 Si
1334 1806 1433 1844 nos,
1451 1799 1494 1834 et
1511 1790 1593 1833 hoc
1616 1791 1752 1848 bene3

292 1903 298 1909 .
359 1878 461 1906 nam
482 1861 685 1906 volumus
709 1862 842 1905 amari
868 1878 890 1905 a
913 1861 1035 1918 vobis
1052 1896 1062 1915 ‚
1085 1860 1160 1904 sed
1183 1860 1388 1905 nolumus
1411 1861 1456 1904 in
1478 1861 1618 1905 nobis.
1644 1862 1755 1914 Quia

359 1948 462 1991 ergo
494 1933 540 1976 in
565 1933 737 1977 Christo
760 1948 835 1977 vos
871 1948 1065 1976 amamus
1087 1967 1097 1986 ‚
1130 1933 1175 1975 in
1199 1933 1371 1977 Christo
1394 1948 1472 1976 nos
1502 1931 1722 1976 redamate
1738 1968 1749 1988 ,

359 2012 402 2046 et
424 2018 544 2053 amor
580 2011 726 2046 noster
755 2018 833 2061 pro
860 2002 1047 2046 invicem
1066 2011 1210 2061 gemat
1233 2001 1288 2046 ad
1321 2005 1460 2046 Deum
1486 2003 1606 2062 :ipse
1634 2002 1750 2046 enim

358 2074 542 2131 gemitus
565 2072 782 2116 columbae
801 2082 879 2115 est.

416 2146 472 2186 ΙΙ.
494 2143 535 2187 Si
557 2159 660 2201 ergo
674 2143 859 2201 gemitus
881 2141 1098 2185 columbae
1119 2152 1197 2196 est,
1220 2143 1340 2201 quod
1359 2157 1508 2186 omnes
1531 2142 1747 2197 novimus,

357 2225 536 2272 gemunt
574 2224 718 2258 autem
754 2213 971 2257 columbae
1017 2213 1062 2255 in
1102 2228 1272 2269 amore3
1310 2214 1457 2256 audite
1494 2212 1601 2272 quid
1635 2214 1751 2258 dicat

354 2286 610 2345 Apostolus,
637 2296 680 2329 et
696 2285 831 2329 nolite
849 2284 1011 2338 mirari,
1031 2283 1133 2343 quia
1151 2284 1195 2327 in
1215 2284 1432 2328 columbae
1448 2285 1589 2343 specie
1609 2284 1750 2329 voluit

355 2357 643 2400 demonstrari
668 2356 850 2414 Spiritus
873 2365 1047 2399 sanctus
1073 2373 1081 2398 :
1112 2374 1127 2393 «
1157 2355 1273 2407 Quid
1301 2355 1417 2398 enim
1443 2369 1614 2398 oremus
1638 2355 1749 2399 sicut

358 2448 377 2470 »
414 2438 614 2488 oportet,
640 2429 800 2488 inquit,
822 2428 1036 2470 nescimus
1056 2425 1155 2469 :sed
1178 2427 1268 2484 ipse
1295 2426 1477 2486 Spiritus
1500 2426 1748 2486 interpellat

357 2517 377 2540 »
403 2515 482 2558 pro
495 2500 620 2543 nohis
639 2498 870 2558 gemitibus
881 2495 1282 2541 inenarrabilibus1.
1293 2515 1312 2537 »
1332 2496 1447 2550 Quid
1460 2511 1577 2555 ergo,
1591 2495 1745 2542 fratres

403 2597 517 2627 ¹Rom.
544 2605 615 2636 nu,
635 2594 688 2626 26.
