1819 3301
537 309 1062 401 PRAEFATIo

401 553 712 600 INCERTI
771 550 1189 599 AUCTORIS.

171 895 371 938 OMNfflns
391 893 549 937 divinae
575 892 807 952 Scripturae
822 892 988 952 paginis
1005 891 1294 950 Evangelium
1312 890 1497 935 excellit:

111 965 213 1025 quia
226 964 346 1025 quod
356 968 445 1008 Lex
456 974 499 1009 et
513 966 742 1023 Prophetae
752 964 949 1007 futurum
962 964 1271 1023 praedixerunt,
1288 964 1370 1007 hoc
1383 977 1502 1006 com-

114 1034 282 1095 pletum
305 1036 410 1080 dicit
424 1034 723 1093 Evangelium.
752 1038 870 1078 Inter
882 1035 994 1093 ipsos
1009 1044 1152 1077 autem
1168 1033 1503 1090 Evangeliorum

114 1106 340 1164 scriptores
381 1108 568 1149 Joannes
610 1105 774 1148 eminet
815 1105 860 1147 in
907 1103 1154 1147 divinorum
1197 1103 1504 1160 mysteriorum

115 1174 414 1235 profunditate
433 1210 444 1229 ‚
481 1176 558 1234 qui
599 1192 622 1219 a
652 1184 847 1233 tempore
876 1173 1106 1217 dominicae
1138 1173 1396 1216 ascensionis
1429 1187 1505 1231 per

117 1261 253 1289 annos
273 1246 491 1303 sexaginta
521 1245 718 1304 quinque
742 1245 933 1288 Verbum
956 1244 1033 1287 Dei
1055 1244 1218 1303 absque
1241 1241 1506 1286 adminiculo

117 1316 331 1361 scribendi
358 1331 497 1375 usque
518 1315 572 1359 ad
595 1314 748 1359 ultima
772 1315 1005 1359 Domitiani
1023 1314 1274 1373 praedicavit
1293 1323 1503 1372 tempora.

120 1385 205 1432 Sed
231 1386 372 1431 occiso
399 1387 647 1430 Domitiano
665 1420 676 1439 ‚
703 1401 803 1429 cum
826 1385 1105 1444 permittente
1128 1387 1266 1444 Nerva
1296 1384 1350 1427 de
1382 1382 1508 1426 exilio

119 1455 312 1501 rediisset
334 1457 556 1516 Ephesum
578 1477 589 1513 3
613 1456 862 1515 compulsus
885 1456 939 1498 ab
962 1455 1171 1513 episcopis
1193 1454 1320 1508 Asiae,
1347 1453 1401 1496 de
1436 1468 1510 1497 co-

120 1537 280 1572 aeterna
301 1527 414 1571 Patri
437 1527 664 1571 divinitate
681 1526 838 1571 Christi
855 1525 1022 1584 scripsit
1045 1524 1246 1568 adversus
1270 1524 1507 1578 haereticos,

122 1598 198 1658 qui
221 1614 272 1642 eo
295 1598 472 1641 absente
493 1598 737 1656 irruperant
760 1597 805 1639 in
829 1597 918 1656 ejus
940 1595 1165 1647 Ecclesias,
1191 1595 1266 1653 qui
1290 1593 1511 1638 Christum

122 1677 222 1712 ante
243 1668 422 1712 Mariam
446 1666 575 1710 fuisse
600 1667 833 1723 negabant.
868 1666 988 1707 Unde
1009 1664 1163 1706 merito
1186 1664 1228 1706 in
1253 1663 1386 1720 figura
1410 1678 1513 1722 qua-

124 1749 224 1782 tuor
245 1737 495 1781 animalium
515 1772 525 1791 ,
551 1736 706 1796 aquilae
730 1735 894 1779 volanti
916 1744 1192 1793 comparatur
1227 1754 1234 1778 2
1268 1751 1365 1794 quae
1396 1734 1514 1778 volat

125 1808 253 1852 altius
275 1807 438 1851 caeteris
461 1807 612 1850 avibus
628 1841 638 1860 ‚
665 1815 707 1849 et
734 1804 832 1849 solis
856 1804 995 1848 radios
1018 1804 1336 1848 irreverberatis
1365 1803 1515 1862 aspicit

124 1878 380 1922 luminibus.
416 1877 570 1922 Caeteri
590 1876 753 1935 quippe
784 1874 1093 1931 Evangelistae‚
1129 1874 1205 1932 qui
1231 1873 1513 1931 temporalem

127 1950 286 1994 Christi
315 1949 583 1992 nativitatem
601 1982 610 2001 ‚
642 1955 684 1990 et
709 1944 957 2004 temporalia
976 1945 1065 2003 ejus
1084 1943 1196 1987 facta
1213 1960 1313 2003 quae
1331 1944 1457 2000 gessit
1472 1944 1517 1985 in

127 2019 325 2073 homine,
352 2019 616 2077 sufficienter
638 2025 882 2075 exponunt,
910 2023 952 2057 et
974 2014 1028 2057 de
1045 2013 1270 2058 divinitate
1293 2029 1428 2071 pauca
1448 2013 1517 2056 di-

130 2097 308 2142 xerunt,
334 2087 678 2174 quasissnimalia
703 2083 937 2144 gressibilia
959 2100 1059 2128 eum
1085 2084 1269 2127 Domino
1292 2083 1520 2126 ambulant

132 2159 177 2202 in
211 2168 324 2202 terra
355 2177 363 2201 :
391 2158 461 2201 hic
496 2166 641 2200 autem
681 2173 817 2214 pauca
842 2158 896 2200 de
924 2154 1235 2214 temporalibus
1270 2156 1360 2214 ejus
1393 2154 1520 2212 gestis

136 2228 392 2282 edisserens,
431 2226 507 2270 sed
529 2225 768 2271 <divinitatis
791 2226 1029 2284 potentiam
1060 2224 1285 2269 sublimius
1320 2233 1519 2268 contem-

137 2297 287 2357 plans,
330 2311 431 2340 cum
469 2296 656 2340 Domino
690 2294 744 2339 ad
774 2293 936 2338 coelum
966 2293 1096 2337 volat.
1132 2294 1218 2346 Qui
1245 2294 1358 2337 enim
1390 2309 1518 2353 supra

139 2375 289 2428 pectus
314 2366 486 2410 Domini
513 2367 558 2409 in
589 2381 714 2409 coena
744 2363 968 2418 recubuit,
1003 2363 1187 2408 coelestis
1210 2365 1415 2408 haustum
1450 2380 1519 2408 sa-

140 2439 314 2498 pientiae
331 2437 494 2481 caeteris
505 2434 781 2479 excellentius
799 2435 853 2477 de
867 2434 959 2493 ipso
975 2433 1185 2477 Dominiei
1202 2435 1386 2493 pectoris
1401 2434 1524 2479 fonte

142 2509 323 2570 potavit.
336 2506 735 2567 Legeratsiquidem
745 2505 976 2563 Evangelia
987 2505 1118 2549 trium
1130 2506 1521 2564 Evangelistarum‚

144 2589 188 2624 et
199 2579 512 2640 approbaverat
526 2578 654 2622 fidem
672 2591 820 2621 eorum
831 2585 874 2620 et
885 2576 1110 2621 veritatem
1126 2575 1193 2620 :in
1208 2576 1370 2637 quibus
1382 2576 1528 2623 deesse
