1819 3301
388 274 433 300 IN
464 271 638 303 JOANNIS
668 260 979 315 EVANGEHUM,
1014 273 1159 303 TRACT.
1194 278 1242 303 11.
1416 266 1497 307 411

128 337 509 395 grammaticorum
536 358 543 383 ε
570 340 674 383 dum
709 350 854 384 tamen
896 342 949 384 ad
985 341 1209 384 veritatem
1242 341 1422 386 solidam
1461 352 1504 386 et

126 408 351 461 certiorem
378 409 692 466 perveniamus.
710 410 1005 469 Reprehendit
1023 411 1098 470 qui
1115 410 1314 467 intelligit
1328 445 1338 462 ,
1360 413 1505 468 iugra-

129 486 199 519 tus
222 478 322 536 quia
357 476 582 521 intellexit.
614 498 632 519 «
659 482 753 522 Non
778 496 827 523 ex
851 480 1156 537 sanguinibus,
1183 495 1324 538 neque
1355 496 1406 522 ex
1425 496 1504 530 vo:-

122 563 148 591 »
184 545 352 589 luntate
374 546 512 589 earnis
532 581 542 601 ,
575 563 717 606 neque
739 564 789 591 ex
814 549 1037 592 voluntate
1055 549 1150 592 viri.
1179 567 1198 589 ι)
1219 551 1405 593 Carnem
1426 565 1505 608 pro

127 616 307 660 foemina
346 617 488 674 posuit
527 636 534 660 :
566 619 666 676 quia
706 618 761 661 de
794 628 910 662 costa
947 635 1046 662 curn
1066 618 1177 662 faeta
1210 629 1339 673 esset,
1368 620 1502 669 Adam

127 686 250 740 dixit,
280 705 299 732 (ς
326 689 418 730 Hoc
447 703 564 730 nune
597 703 643 731 os
675 688 729 730 de
749 689 927 732 >ossibus
960 688 1088 742 meis,
1117 698 1160 732 et
1181 704 1282 732 caro
1303 689 1357 732 de
1379 704 1506 732 carne

129 774 150 796 »
186 758 307 799 mea¹
333 775 340 799 :
365 774 384 796 ι)
403 757 691 813 etApostolus
718 758 799 811 ait,
824 776 843 798 «
869 759 950 810 Qui
984 757 1125 815 diligit
1150 774 1327 801 uxorem
1353 774 1473 802 suam
1492 793 1502 813 ,

130 843 150 866 »
184 840 228 868 se
263 826 403 883 ipsum
440 825 579 883 diligit
604 845 614 870 ι
641 842 768 870 nemo
805 827 919 870 enim
949 843 1144 886 unquam
1180 843 1353 871 carnem
1385 843 1505 871 suam

129 912 149 934 »
185 894 285 938 odio
308 895 441 937 habet
458 896 488 936 ².
521 913 539 934 »
567 896 748 939 Ponitur
762 911 863 954 ergo
881 912 979 940 caro
998 912 1075 954 pro
1110 912 1263 951 uxore,
1286 897 1506 955 quomodo

130 972 173 1006 et
196 962 429 1022 aliquando
451 964 625 1022 spiritus
648 980 724 1023 pro
746 966 913 1009 marito.
941 968 1114 1018 Quare?
1136 967 1242 1018 Quia
1270 966 1342 1009 ille
1369 967 1502 1023 regit,

88 1054 93 1056 >
127 1033 221 1076 haec
246 1033 437 1090 regitur:
472 1033 544 1076 ille
566 1035 776 1093 imperare
805 1035 935 1078 debet
952 1070 962 1090 ,
987 1035 1065 1078 ista
1094 1036 1265 1078 servire.
1291 1038 1400 1080 Nam
1431 1035 1507 1078 ubi

126 1119 226 1147 earo
247 1103 456 1161 imperat,
477 1113 519 1146 et
535 1104 708 1162 spiritus
725 1105 883 1158 servit,
905 1120 1101 1162 perversa
1123 1104 1277 1148 domus
1292 1113 1369 1147 est.
1391 1103 1507 1156 Quid

126 1174 247 1232 pejus
270 1172 422 1227 domo,
455 1174 530 1216 ubi
561 1174 741 1217 foemina
759 1175 892 1218 habet
928 1176 1157 1232 imperium
1187 1190 1316 1232 super
1336 1174 1508 1217 virum?

114 1246 261 1287 Recta
274 1251 418 1286 autem
435 1242 589 1286 domus
601 1278 611 1296 ,
627 1243 703 1286 ubi
718 1243 781 1287 vir
798 1244 1004 1301 imperat,
1023 1243 1200 1286 foemina
1217 1243 1504 1301 obtemperat.

113 1315 288 1357 ,Rectus
309 1327 411 1369 ergo
428 1312 517 1370 ipse
539 1312 669 1355 homo
684 1346 694 1366 ,
719 1312 795 1355 ubi
816 1312 988 1370 spiritus
1010 1313 1218 1370 imperat,
1243 1327 1341 1355 earo
1360 1312 1503 1356 servit.

188 1385 284 1425 XV.
314 1401 334 1424 «
361 1383 415 1425 Hi
437 1397 538 1439 ergo
561 1398 649 1426 non
673 1398 721 1425 ex
743 1382 968 1426 voluntate
989 1383 1127 1425 earnis
1142 1417 1152 1435 ,
1178 1398 1320 1441 neque
1352 1397 1403 1425 ex
1430 1397 1508 1426 vo-

111 1470 152 1509 υ.»
187 1451 354 1495 luntate
372 1452 475 1506 viri,
498 1451 572 1495 sed
596 1468 646 1495 ex
669 1455 756 1495 Deo
776 1452 865 1496 nati
886 1463 1001 1496 suut.
1027 1471 1044 1492 »
1075 1455 1131 1496 Ut
1151 1461 1294 1495 autem
1312 1453 1507 1496 homines

129 1531 406 1565 nascerentur
422 1536 471 1564 ex
485 1524 595 1574 Deo,
615 1521 752 1580 primo
768 1537 817 1564 ex
835 1522 934 1580 ipsis
947 1531 1072 1564 natus
1085 1531 1148 1565 est
1166 1525 1293 1565 Deus.
1312 1523 1508 1566 Christus

129 1592 246 1635 enim
266 1594 398 1644 Deus,
420 1600 462 1634 et
479 1591 673 1634 Christus
690 1600 815 1634 natus
837 1607 887 1634 ex
909 1591 1172 1634 hominibus.
1199 1594 1292 1636 Non
1312 1592 1509 1650 quaesivit

112 1660 304 1719 ,quidem
331 1659 411 1702 nisi
438 1669 620 1702 matrem
650 1661 693 1702 in
726 1669 836 1704 terra
853 1695 863 1714 ,
895 1661 1102 1719 quiajam
1127 1664 1295 1704 Patrem
1318 1660 1509 1704 habebat

130 1730 174 1772 in
205 1729 317 1773 coelo
345 1748 353 1772 :
379 1738 505 1772 natus
527 1745 579 1772 ex
602 1732 690 1772 Deo
708 1764 718 1784 ,
742 1746 817 1788 per
841 1745 971 1789 quem
994 1731 1289 1787 efficeremur,
1320 1739 1361 1773 et
1384 1739 1509 1773 natus

130 1815 181 1843 ex
197 1798 376 1842 foemina
394 1833 404 1852 ,
428 1814 505 1857 per
532 1814 660 1858 quem
681 1792 986 1842 reficeremur(
1008 1800 1105 1842 Noli
1141 1814 1241 1856 ergo
1272 1799 1447 1852 mirari,
1484 1815 1509 1843 o

129 1871 286 1923 homo,
312 1870 413 1927 quia
436 1870 616 1912 essiceris
640 1869 750 1912 filius
782 1886 856 1928 per
891 1870 1091 1926 gratiam,
1127 1871 1229 1929 quia
1255 1871 1438 1915 nasceris
1461 1885 1510 1913 ex

131 1944 219 1984 Deo
246 1939 487 1983 secundum
510 1942 703 1982 Verbum
727 1941 831 1998 ejus.
859 1941 979 1984 Prius
1001 1940 1138 1998 ipsum
1157 1941 1349 1983 Verbum
1374 1939 1510 1983 voluit

106 2054 110 2056 ,
131 2010 245 2063 nasei
265 2025 314 2052 ex
334 2009 531 2062 homine,
552 2018 600 2052 ut
631 2018 675 2052 tu
697 2024 872 2052 securus
895 2009 1124 2052 nascereris
1148 2025 1197 2052 ex
1227 2013 1316 2053 Deo
1335 2045 1345 2064 ,
1375 2018 1419 2052 et
1446 2009 1512 2052 di-

130 2093 246 2121 ceres
261 2078 339 2122 tibi
358 2113 367 2132 ,
388 2081 485 2122 Non
502 2079 592 2121 sine
617 2074 745 2121 eausa
768 2081 880 2121 Deus
908 2079 1023 2121 nasci
1050 2094 1100 2121 ex
1127 2079 1301 2121 homine
1342 2077 1507 2133 voluit,

130 2148 212 2191 nisi
237 2148 337 2207 quia
361 2147 540 2206 alicujus
568 2147 777 2191 momenti
800 2163 868 2190 me
897 2147 1177 2201 existimavit,
1204 2156 1253 2190 ut
1285 2147 1510 2190 immorta-

128 2216 216 2260 lem
244 2232 315 2260 me
348 2216 533 2270 faceret,
569 2226 612 2260 et
646 2232 723 2275 pro
758 2232 827 2260 me
860 2217 1098 2260 mortaliter
1120 2226 1379 2260 nasceretur.
1407 2215 1511 2277 ldeo

130 2301 229 2329 cum
248 2286 449 2340 dixisset,
479 2288 574 2329 «Ex
596 2289 684 2329 Deo
708 2287 796 2329 nati
815 2295 915 2329 sunt
941 2305 948 2329 :
978 2304 996 2326 »
1019 2287 1139 2344 quasi
1164 2302 1218 2328 ne
1238 2287 1508 2339 miraremur,

129 2366 168 2399 et
195 2357 520 2399 exhorreremus
542 2365 706 2400 tantam
731 2356 909 2413 gratiam
931 2390 941 2409 ,
968 2365 1016 2398 ut
1033 2356 1158 2399 nobis
1175 2355 1427 2399 incredibile
1444 2356 1511 2399 vi-

129 2426 305 2470 deretur
325 2427 426 2486 quia
448 2427 643 2470 homines
665 2442 714 2469 ex
739 2430 825 2470 Deo
841 2426 927 2468 nati
945 2436 1068 2480 sunt,
1094 2425 1214 2485 quasi
1243 2440 1443 2469 securum
1471 2434 1510 2468 te

130 2496 289 2540 faciens
305 2530 316 2550 ,
351 2497 433 2550 ait,
463 2515 482 2537 «
508 2499 564 2540 Et
586 2496 779 2540 Verbum
802 2512 900 2540 earo
922 2494 1085 2540 factum
1103 2504 1191 2550 est,
1227 2505 1270 2539 et
1298 2495 1509 2540 habitavit

179 2588 186 2602 ¹
209 2582 288 2612 Gen.
308 2592 344 2621 ιι,
365 2580 418 2612 23.
442 2597 476 2603 —
497 2587 508 2603 ²
529 2581 644 2622 Ephes.
662 2592 696 2622 v,
716 2581 771 2621 28,
792 2589 849 2621 29.
