1819 3301
375 265 427 305 84
810 277 840 300 3.
881 273 1106 301 Aucus'nru
1143 275 1322 301 Eeiscopt

369 359 439 388 cas
460 343 572 387 visos
595 341 723 386 fuisse
749 349 1086 394 commemorat,
1121 348 1163 383 ct
1195 339 1350 384 dixisse
1372 338 1613 384 secundum
1644 354 1763 383 eum-

371 414 472 459 dem
494 417 656 458 Lucam
687 412 942 457 timentibus
970 410 1226 455 mulieribus
1256 421 1299 455 et
1330 410 1501 455 vultum
1527 411 1571 453 in
1605 420 1764 454 terram

370 483 716 537 declinantibus,
747 502 765 523 «
801 480 915 534 Quid
943 480 1136 540 quaeritis
1169 481 1386 525 viventem
1420 496 1519 525 eum
1548 481 1765 524 mortuis?

373 573 393 597 »
428 569 518 599 non
535 563 599 599 est
620 553 707 608 hic,
730 550 803 594 sed
827 551 1013 595 surrexit
1038 569 1046 594 :
1073 552 1360 595 recordamini
1383 550 1569 611 qualiter
1591 550 1765 595 locutus

376 643 397 667 »
433 633 497 668 est
527 623 652 668 vobis
678 657 688 678 ,
718 636 818 666 cum
846 620 989 665 adhuc
1012 619 1059 664 in
1082 620 1260 665 Galilaea
1282 630 1392 666 esset
1409 657 1420 676 ‚
1446 621 1592 666 dicens
1619 640 1627 666 :
1653 621 1766 675 Quia

372 714 394 739 »
429 704 602 756 oportet
624 693 784 738 Filium
805 692 994 737 hominis
1017 691 1130 737 tradi
1154 693 1201 736 in
1222 708 1377 738 manus
1404 693 1635 737 hominum
1663 707 1766 752 pec-

372 786 394 810 »
430 777 643 823 catorum,
669 775 713 811 et
735 764 947 823 crucifigi,
973 773 1016 808 et
1041 763 1111 808 die
1128 765 1254 809 tertia
1275 780 1509 823 resurgere.
1536 767 1593 809 Et
1620 779 1765 809 recor-

374 857 395 881 »
433 839 548 883 datae
581 846 684 883 sunt
717 835 954 881 verborum
997 835 1104 895 ejus.
1141 853 1161 876 »
1206 838 1308 880 Post
1339 836 1433 880 haec
1464 851 1668 880 conversa
1704 844 1768 880 est

370 919 607 965 retrorsum
622 907 756 953 Maria
768 942 778 962 ‚
797 915 840 950 et
856 904 965 949 vidit
980 907 1003 949 J
1008 920 1128 949 esum
1154 897 1358 962 stantem,
1379 907 1490 951 sicut
1507 905 1611 951 dicit
1631 909 1766 951 ,101111-

369 995 467 1035 nes,
498 989 542 1024 et
565 995 654 1024 non
674 978 837 1022 sciebat
868 976 970 1037 quia
995 979 1119 1020 Jesus
1143 985 1220 1020 est.
1252 995 1271 1018 «
1298 977 1409 1021 Dicit
1431 977 1470 1020 ei
1493 979 1517 1020 J
1522 992 1615 1021 esus
1637 996 1645 1021 z
1671 980 1767 1022 Mu-

373 1068 394 1092 »
430 1050 525 1106 lier,
566 1049 674 1109 qnid
706 1047 880 1108 ploras?
901 1061 1032 1106 quem
1069 1047 1253 1106 quaeris?
1278 1046 1357 1091 Illa
1389 1047 1636 1092 existimans
1666 1047 1768 1108 quia

373 1139 394 1162 »
429 1119 688 1165 hortulanus
710 1127 798 1174 est,
836 1117 942 1162 dicit
964 1117 1003 1160 ei
1029 1135 1037 1161 ε
1065 1117 1264 1173 Domine,
1290 1117 1323 1162 si
1345 1126 1394 1162 tu
1427 1117 1637 1162 sustulisti
1667 1133 1767 1161 eum

373 1209 395 1233 »
430 1191 563 1235 dicito
586 1190 693 1234 mihi
714 1189 790 1233 ubi
811 1187 992 1248 posuisti
1021 1203 1122 1232 eum
1138 1223 1148 1243 ,
1171 1196 1214 1231 et
1245 1204 1326 1247 ego
1349 1205 1447 1233 eum
1467 1188 1632 1233 tollam.
1656 1188 1767 1233 Dicit

373 1280 393 1304 »
430 1261 469 1305 ei
486 1265 637 1316 Jesus,
664 1260 814 1304 Maria.
841 1261 1060 1304 Conversa
1077 1257 1151 1303 illa
1170 1258 1276 1303 dicit
1293 1259 1331 1302 ei
1364 1279 1372 1304 :
1393 1259 1621 1315 Rabboni,
1647 1259 1768 1319 quod

433 1332 594 1376 dicitur
616 1331 833 1389 magister.
856 1329 969 1373 Dicit
991 1330 1028 1372 ei
1051 1331 1174 1373 Jesus
1202 1348 1211 1374 :
1237 1329 1334 1374 Noli
1349 1345 1420 1373 me
1437 1339 1637 1389 tangere,
1661 1345 1769 1374 non-¹

374 1421 395 1445 »
430 1402 537 1446 dum
569 1402 687 1446 enim
715 1399 889 1444 ascendi
920 1398 976 1444 ad
999 1403 1170 1443 Pan-em
1200 1415 1346 1444 meum
1370 1420 1378 1444 :
1410 1400 1519 1445 vade
1546 1410 1692 1445 autem
1714 1399 1768 1444 ad

374 1495 392 1516 »
428 1474 581 1519 fratres
608 1488 726 1517 meos
744 1507 755 1528 ,
779 1481 822 1516 et
842 1470 912 1515 dic
935 1472 994 1515 eis
1020 1490 1028 1516 :
1055 1471 1255 1516 Ascendo
1279 1471 1335 1516 ad
1357 1475 1531 1516 Patrem
1555 1487 1702 1516 meum
1726 1481 1769 1516 et

376 1563 396 1587 >›
435 1548 608 1589 Patrem
633 1553 850 1599 vestrum,
883 1551 926 1586 et
948 1545 1088 1586 Deum
1110 1557 1255 1586 meum
1280 1551 1322 1586 et
1345 1546 1483 1587 Deum
1507 1552 1714 1588 vestrum.
1744 1560 1764 1584 »

376 1351 385 1374 )

387 1351 395 1374 v

375 1619 498 1661 Tunc
520 1630 687 1674 egressa
711 1624 775 1659 est
792 1630 816 1658 a
837 1623 1146 1668 monumento,
1169 1614 1254 1657 1100
1277 1623 1362 1668 est,
1388 1614 1442 1657 ab
1470 1613 1544 1657 illo
1565 1613 1662 1658 loeo
1690 1613 1769 1657 ubi
1794 1616 1797 1617 ⁷

373 1696 465 1731 erat
499 1686 615 1731 horti
646 1685 835 1745 spatium
868 1693 969 1727 ante
999 1682 1191 1743 lapidem
1220 1683 1423 1727 effossum
1452 1700 1460 1724 :
1493 1693 1536 1728 et
1568 1699 1668 1728 cum
1694 1682 1768 1727 illa

374 1757 492 1813 aliae,
517 1773 624 1817 quas
646 1754 888 1800 secundum
910 1757 1104 1799 Marcum
1128 1754 1343 1798 invaserat
1365 1764 1528 1799 tremor
1547 1764 1588 1798 et
1608 1770 1765 1814 pavor,

376 1840 419 1875 et
441 1830 606 1874 nemini
629 1827 869 1888 quidquam
893 1826 1110 1870 dicebant.
1139 1828 1260 1869 Tunc
1276 1826 1366 1884 jam
1389 1824 1631 1870 secundum
1655 1828 1769 1870 Mat-

374 1902 539 1946 thaeum
559 1935 571 1956 ,
601 1918 620 1941 1(
655 1902 768 1942 Εο00
792 1900 915 1941 Jesus
944 1897 1133 1941 occurrit
1154 1895 1258 1949 illis,
1283 1895 1431 1939 dicens
1463 1916 1470 1940 :
1499 1899 1648 1940 Avete.
1676 1895 1768 1939 lllae

378 1990 398 2013 »
435 1980 579 2015 autem
605 1976 875 2013 accesserunt
899 1976 941 2010 et
963 1975 1198 2010 tenuerunt
1212 1965 1343 2025 pedes
1365 1967 1477 2025 ejus,
1499 1975 1542 2010 et
1559 1967 1769 2011 adorave-

381 2060 401 2083 »
429 2051 533 2086 runt
555 2055 670 2084 eum.
700 2058 718 2079 >›
748 2039 816 2082 Sic
839 2038 954 2084 enim
973 2036 1235 2094 colligimus,
1261 2047 1304 2082 et
1319 2036 1585 2096 Angelorum
1601 2037 1768 2082 allocu-

376 2114 541 2158 tionem
564 2112 628 2157 bis
653 2125 834 2154 numero
864 2125 932 2153 eas
954 2109 1156 2152 habuisse
1180 2109 1399 2152 venientes
1428 2109 1482 2152 ad
1505 2125 1768 2154 monumen-

376 2193 493 2238 tum,
517 2192 559 2226 et
581 2181 712 2241 ipsius
736 2179 906 2224 Domini
930 2199 938 2223 z
964 2177 1096 2223 semel
1124 2178 1286 2223 scilicet
1307 2178 1395 2223 11110
1425 2179 1603 2240 quando
1636 2181 1770 2224 Maria

376 2253 660 2298 hortulanum
683 2251 874 2310 putavit3
909 2259 952 2293 et
980 2265 1097 2293 nune
1125 2250 1279 2292 iterum
1305 2265 1404 2293 cum
1433 2251 1491 2294 013
1513 2251 1703 2295 occurrit
1724 2251 1771 2294 in
1818 2297 1819 2303 ¹

378 2324 466 2379 via,
492 2333 541 2367 ut
562 2338 631 2366 eas
661 2322 750 2380 ipsa
774 2320 1031 2380 repetitione
1059 2320 1274 2374 firmaret,
1302 2330 1433 2379 atque
1460 2337 1483 2364 a
1522 2321 1678 2365 timore
1704 2336 1770 2364 re-

379 2403 558 2439 crearet.
584 2412 601 2435 11
628 2395 749 2436 Τ11110
772 2407 873 2450 ergo
893 2391 951 2435 ait
975 2390 1058 2434 illis
1084 2410 1092 2434 :
1113 2390 1255 2435 Nolite
1279 2391 1451 2448 timere3
1472 2392 1546 2446 ite,
1570 2391 1769 2436 nuntiate

383 2483 404 2507 »
441 2465 645 2509 fratribus
669 2463 795 2517 meis,
825 2471 873 2506 ut
896 2470 996 2505 eant
1018 2462 1060 2505 in
1084 2460 1304 2505 Galilaeam
1320 2497 1330 2517 ‚
1356 2462 1417 2506 ibi
1439 2478 1508 2507 me
1535 2462 1764 2507 videbunt.

386 2553 405 2576 »
444 2536 571 2580 Venit
606 2550 709 2593 ergo
749 2534 882 2578 Maria
924 2531 1181 2591 Magdalene
1215 2533 1478 2577 annuntians
1506 2532 1733 2592 Discipulis
1754 2567 1765 2588 ‚

386 2622 406 2646 »
442 2605 543 2664 quia
574 2604 683 2649 vidit
710 2603 943 2649 Dominum
961 2636 973 2657 ,
1011 2620 1030 2644 »
1068 2611 1111 2646 et
1137 2603 1231 2647 haee
1255 2603 1293 2647 01
1321 2602 1428 2648 dixit
1454 2622 1462 2647 :
1497 2607 1594 2649 Non
1627 2602 1768 2648 solum
