1819 3301
326 285 380 324 92
758 292 792 321 s.
827 293 1058 321 Auensruu
1090 292 1270 320 zmscom

326 368 492 405 rexerat
515 361 654 410 JesuS,
675 357 731 403 ab
752 357 835 403 illis
855 356 1112 402 mulieribus
1129 354 1258 412 faeta,
1273 365 1350 401 eta
1371 355 1546 401 Simone
1563 358 1708 412 Petro,

326 433 396 477 cui
424 432 513 492 jam
545 439 836 490 apparuerat:
876 430 959 473 hoc
996 429 1111 473 enim
1150 428 1220 472 isti
1249 427 1338 472 duo
1363 428 1626 472 invenerunt
1646 427 1713 472 lo-

328 511 510 562 quentes
539 500 594 545 ad
616 516 725 561 quos
747 501 791 543 in
816 498 1055 544 Jerusalem
1077 508 1305 543 venerunt.
1332 499 1446 543 Fieri
1468 498 1612 558 itaque
1630 514 1713 559 po-

329 582 412 618 test
444 581 494 616 ut
529 572 683 615 timore
720 572 838 630 prius
870 571 914 614 in
944 571 1011 614 via
1034 569 1253 614 noluerint
1275 569 1419 614 dicere
1436 604 1446 624 ,
1472 570 1592 629 quod
1614 585 1715 614 eum

330 644 558 689 audierant
605 643 883 686 resurrexisse
903 678 914 697 ,
960 641 1138 703 quando
1179 640 1483 685 tantummodo
1526 641 1716 700 Angelos

331 716 534 760 dixerunt
554 713 665 758 visos
692 729 780 757 esse
802 712 1057 757 mulieribus
1081 732 1090 757 :
1116 713 1363 771 ignorantes
1381 712 1495 756 enim
1514 727 1614 757 cum
1629 728 1718 772 quo

333 787 636 846 loquerentur,
662 784 816 828 merito
839 793 1013 843 possent
1034 798 1124 827 esse
1145 782 1332 837 solliciti,
1357 798 1412 826 ne
1434 783 1541 842 quid
1562 784 1719 842 passim

334 856 388 901 de
403 856 562 901 Christi
584 854 897 899 resurrectione
913 855 1125 913 jactantes
1148 854 1193 896 in
1214 869 1368 897 manus
1389 853 1631 898 inciderent
1647 856 1720 897 Ju-

334 929 545 973 daeorum.
571 928 700 981 Quod
718 935 863 970 autem
886 926 944 970 ait
960 929 1131 970 Marcus
1158 944 1166 969 z
1192 944 1211 966 «
1231 925 1616 970 Annuntiaverunt
1641 942 1721 970 eae-

338 1018 358 1041 »
393 1000 494 1044 teris
512 1034 522 1054 ,
558 1013 639 1042 nee
670 997 752 1041 illis
774 996 1079 1053 erediderunt,
1106 1014 1126 1037 »
1152 1012 1252 1040 cum
1276 999 1413 1040 Lucas
1441 995 1580 1052 dicat,
1600 996 1722 1057 quod

331 1072 420 1131 jam
444 1070 546 1114 inde
569 1068 864 1129 loquebantur
885 1083 984 1112 vere
1008 1067 1282 1112 resurrexisse
1304 1068 1564 1123 Dominum,
1591 1077 1634 1112 et
1658 1069 1722 1112 Si-

335 1142 455 1186 moni
477 1141 723 1200 apparuisse
744 1159 753 1184 :
780 1139 886 1199 quid
903 1137 1234 1198 intelligendum
1259 1147 1345 1193 est,
1371 1138 1453 1182 nisi
1474 1138 1641 1199 aliquos
1662 1140 1724 1183 ibi

337 1212 466 1257 fuisse
501 1212 577 1271 qui
611 1212 693 1255 hoc
726 1209 895 1255 nollent
929 1209 1136 1254 credere?
1158 1210 1239 1254 Cui
1261 1218 1517 1254 autemnon
1554 1209 1724 1254 eluceat

337 1282 658 1343 praetermisisse
689 1284 886 1326 Marcum
909 1297 1007 1341 quae
1046 1284 1184 1324 Lucas
1208 1279 1426 1324 narrando
1463 1280 1720 1340 explicavit,

339 1356 422 1399 hoc
449 1363 537 1408 est,
563 1369 661 1413 quae
680 1368 779 1397 cum
798 1351 878 1396 illis
900 1351 1072 1396 loeutus
1095 1351 1225 1395 fuerit
1247 1354 1370 1395 Jesus
1393 1360 1625 1412 antequam
1650 1367 1726 1410 ag-

339 1433 566 1470 noscerent
583 1439 705 1478 eum,
727 1432 770 1466 et
787 1423 1009 1483 quomodo
1031 1437 1131 1465 eum
1153 1422 1198 1465 in
1220 1420 1429 1466 fractione
1447 1422 1567 1481 panis
1590 1437 1726 1480 agno-

340 1494 511 1540 verint?
529 1493 896 1554 Quandoquidem
914 1509 1014 1538 mox
1036 1501 1084 1536 ut
1107 1493 1214 1536 dixit
1237 1493 1295 1536 eis
1314 1493 1559 1552 apparuisse
1581 1497 1627 1536 in
1645 1492 1727 1537 alia

342 1566 484 1624 effigie
507 1565 712 1609 euntibus
736 1565 781 1608 in
816 1563 963 1608 villam
980 1599 990 1619 ,
1022 1563 1232 1608 continuo
1255 1563 1479 1622 conjunxit
1501 1580 1509 1605 z
1540 1582 1559 1604 «
1587 1566 1643 1607 Et
1665 1564 1728 1608 illi

344 1657 364 1678 »
401 1646 552 1681 euntes
575 1637 888 1681 nuntiaverunt
916 1636 1108 1690 caeteris,
1140 1650 1219 1679 nec
1252 1634 1335 1678 illis
1357 1634 1638 1678 erediderunt
1665 1655 1673 1680 :
1705 1653 1725 1677 n

342 1708 464 1769 quasi
480 1716 652 1767 possent
668 1707 868 1751 nuntiare
884 1721 1014 1766 quem
1033 1720 1123 1749 non
1145 1714 1439 1763 agnoverant3
1461 1714 1535 1749 aut
1557 1715 1732 1764 possent

343 1793 594 1836 agnoscere,
622 1776 782 1836 quibus
804 1776 885 1820 alia
902 1776 1064 1833 efligies
1086 1777 1178 1835 ejus
1199 1785 1471 1835 apparuerat.
1497 1775 1730 1829 Quomodo

344 1864 446 1907 ergo
469 1863 570 1891 eum
593 1846 875 1906 agnoverint,
914 1855 965 1890 ut
987 1846 1188 1889 nuntiare
1209 1855 1411 1905 possent,
1442 1848 1614 1890 Marcus
1642 1846 1733 1890 sine

346 1919 482 1964 dubio
502 1917 789 1978 praetermisit.
817 1914 945 1970 Quod
974 1915 1073 1960 ideo
1095 1917 1316 1960 memoriae
1333 1915 1732 1961 commendandum

347 1999 432 2045 est,
458 1998 509 2033 ut
531 2003 821 2033 assuescamus
844 1987 1068 2032 advertere
1090 1986 1465 2045 Evangelistarum
1488 2002 1654 2032 morem
1675 1988 1734 2032 ita

348 2060 775 2121 praetermittentium
799 2073 898 2119 quae
919 2073 1007 2102 non
1025 2066 1382 2113 commemorant,
1408 2067 1451 2102 et
1468 2059 1735 2118 conjungen-

349 2132 457 2176 tium
471 2147 570 2191 quae
586 2138 943 2184 commemorant,
969 2137 1019 2172 ut
1041 2129 1099 2172 eis
1119 2127 1196 2188 qui
1217 2143 1345 2173 usum
1365 2127 1410 2172 in
1432 2129 1512 2173 hac
1536 2128 1736 2173 conside-

349 2203 513 2248 ratione
535 2217 624 2246 non
649 2200 836 2255 liabent,
868 2215 958 2244 non
990 2197 1165 2244 aliunde
1187 2198 1373 2243 maxime
1401 2214 1521 2244 error
1543 2199 1707 2244 oriatur
1725 2233 1737 2255 ,

349 2290 437 2335 quo
455 2282 611 2333 putent
632 2288 703 2317 eos
724 2287 813 2316 non
835 2271 915 2315 sibi
934 2284 1187 2329 congruere.

408 2346 607 2389 LXXIV.
630 2347 766 2387 Lucas
788 2356 889 2400 ergo
907 2340 1122 2401 sequitur,
1144 2348 1187 2383 et
1207 2339 1313 2383 dicit
1336 2359 1344 2384 :
1370 2358 1389 2381 α
1405 2343 1517 2384 Dum
1539 2341 1634 2385 haec
1657 2356 1740 2385 au-

353 2435 372 2457 »
408 2426 495 2461 tem
524 2415 794 2475 loquuntur·⁷
815 2416 936 2457 Jesus
961 2412 1080 2457 stetit
1102 2412 1147 2455 in
1170 2411 1313 2455 medio
1347 2426 1498 2456 eorum
1517 2446 1528 2466 ,
1561 2420 1605 2455 et
1634 2411 1743 2457 dicit

354 2506 374 2528 »
410 2486 467 2529 eis
494 2505 502 2530 :
534 2489 621 2530 Pax
658 2484 806 2539 vobis,
847 2499 927 2542 ego
950 2498 1073 2537 sum,
1109 2481 1243 2526 nolite
1266 2482 1434 2526 timere.
1474 2481 1741 2527 conturbati

359 2576 379 2599 »
415 2572 517 2601 vero
540 2565 583 2600 et
605 2555 829 2601 conterriti
862 2553 1165 2598 existimabant
1194 2568 1236 2597 se
1257 2553 1458 2612 spiritum
1487 2552 1648 2598 videre.
1691 2555 1748 2598 Et

362 2648 382 2671 »
424 2628 533 2672 dixit
549 2629 608 2674 eis
635 2647 643 2673 ε
678 2626 788 2681 Quid
808 2626 972 2672 turbati
996 2626 1114 2681 estis,
1145 2634 1188 2670 et
1213 2625 1492 2684 cogitationes
1510 2623 1749 2670 ascendunt
