1819 3301
371 309 424 348 38
808 318 842 348 s.
878 317 1110 347 Auousnm
1141 319 1323 347 zmscon

374 404 395 427 »
432 384 595 430 Pilatus
615 385 720 445 quia
740 383 848 429 nihil
870 385 1123 444 proficeret,
1143 383 1219 428 sed
1235 383 1372 443 magis
1399 381 1618 427 tumultus
1634 383 1758 429 fieret

371 475 392 498 »
428 464 603 515 accepta
621 471 732 516 aqua
749 456 853 499 lavit
875 470 1029 498 manus
1051 469 1194 499 coram
1212 453 1378 513 populo
1394 488 1406 509 ,
1422 453 1570 498 dicens
1587 473 1597 498 ε
1618 457 1757 500 Inno-’

371 546 392 569 »
427 543 527 572 cens
545 543 625 586 ego
647 543 741 570 sum
760 543 782 570 a
805 527 1015 585 sanguine
1043 526 1149 586 justi
1174 526 1305 585 hujus
1325 560 1336 580 ,
1360 540 1436 568 vos
1468 524 1677 568 videritis.
1700 528 1758 576 Et

369 617 389 640 11
426 597 691 657 respondens
712 597 937 640 universus
959 596 1147 656 populus
1166 596 1300 639 dixit:
1321 596 1502 654 Sanguis
1516 596 1608 655 ejus
1627 607 1757 655 super

370 690 389 712 11
425 686 503 714 nos
532 679 575 713 et
598 684 725 728 super
738 668 848 712 filios
863 679 1045 712 nostros.
1071 671 1193 711 Tunc
1212 667 1375 711 dimisit
1391 665 1474 710 illis
1492 666 1752 723 Bai-abbam,

368 745 389 785 1)
426 744 572 786 Jesum
587 751 730 786 autern
748 740 1013 799 flagellatum
1029 740 1207 784 tradidit
1220 739 1277 783 eis
1292 739 1751 797 utcrucifigeretur12»

364 816 460 858 haec
476 814 666 857 narravit
682 814 914 857 Matthaeus
930 828 1004 871 per
1021 811 1209 855 Pilatum
1227 819 1343 868 gesta
1357 809 1411 853 de
1436 810 1632 854 Domino.

423 886 636 928 XXXIII.
661 886 831 926 Marcus
867 896 1045 942 quoque
1066 895 1177 940 pene
1209 879 1361 923 iisdem
1383 880 1526 923 verbis
1549 888 1591 922 et
1627 880 1755 925 rebus

367 955 573 998 concinit.
595 953 736 996 Verba
762 961 908 995 autem
942 950 1092 1006 Pilati,
1131 950 1291 1011 quibus
1330 948 1552 1009 respondit
1589 949 1755 1010 populo

366 1025 534 1084 petenti
563 1032 612 1066 ut
639 1022 889 1066 solemniter
917 1037 1032 1065 unus
1063 1021 1235 1064 vinetus
1264 1019 1578 1075 dimitteretur⁷
1604 1021 1662 1065 ita
1684 1036 1755 1064 re-

366 1095 452 1140 fert
476 1114 485 1139 :
515 1113 536 1136 «
559 1093 723 1138 Pilatus
749 1102 895 1136 autem
923 1091 1149 1150 respondit
1170 1091 1252 1145 eis,
1277 1099 1320 1134 et
1352 1090 1461 1134 dixit
1487 1109 1497 1135 z
1520 1090 1663 1135 Vultis
1692 1090 1756 1134 di-

369 1183 390 1207 »
425 1166 596 1209 mittam
614 1164 736 1208 vobis
758 1178 901 1221 regern
925 1165 947 1206 J
955 1162 1177 1206 udaeorum
1196 1163 1213 1202 ‘3
1240 1161 1510 1205 »Matthaeus
1526 1170 1674 1205 autem
1697 1162 1755 1206 sic

367 1237 425 1281 ait
446 1255 455 1280 2
484 1254 504 1277 «
522 1234 805 1293 Congregatis
827 1248 929 1291 ergo
948 1232 1056 1287 illis,
1082 1231 1190 1275 dixit
1225 1231 1388 1275 Pilatus
1414 1250 1423 1276 :
1450 1233 1591 1284 Quem
1622 1230 1754 1276 vultis

367 1324 389 1348 »
425 1306 643 1350 dimittam
660 1304 781 1348 vobis
805 1322 814 1347 ε
830 1303 1087 1356 Β31311113111,
1109 1318 1164 1345 an
1179 1304 1326 1345 Jesum
1342 1301 1418 1361 qui
1435 1301 1595 1346 dicitur
1612 1303 1755 1348 Chris-

370 1395 390 1420 »
425 1378 525 1421 tus?
549 1394 569 1417 »
593 1375 722 1420 Nulla
757 1375 941 1434 quaestio
974 1383 1053 1428 est,
1085 1373 1207 1432 quod
1232 1381 1344 1416 tacet
1365 1374 1478 1431 ipsos
1499 1373 1672 1432 petiisse
1704 1383 1753 1418 ut

365 1448 521 1509 aliquis
535 1448 593 1491 eis
616 1447 910 1490 dimitteretur
934 1461 942 1486 :
969 1444 1044 1489 sed
1067 1445 1204 1504 quaeri
1228 1452 1368 1502 potest
1400 1459 1501 1504 quae
1523 1444 1656 1488 verba
1679 1447 1752 1489 Pi-

363 1519 477 1563 latus
512 1517 692 1570 dixerit,
730 1525 879 1560 utrum
904 1531 1004 1575 quae
1036 1530 1059 1558 a
1081 1514 1315 1568 Matthaeo,
1349 1529 1404 1558 an
1426 1530 1526 1573 quae
1554 1529 1578 1558 a
1605 1517 1777 1570 Marcov

363 1588 641 1634 referuntur?
654 1587 787 1632 Aliud
805 1587 920 1629 enim
937 1586 1112 1630 videtur
1128 1600 1218 1629 esse
1235 1604 1244 1630 ε
1265 1588 1438 1638 «Quem
1454 1585 1586 1630 vultis
1601 1585 1754 1630 dimit-

367 1678 388 1701 »
423 1669 513 1703 tam
536 1659 656 1702 vobis
673 1677 683 1701 z
703 1657 962 1710 Barabbam,
983 1671 1039 1699 an
1053 1658 1200 1700 Jesum
1220 1656 1296 1715 qui
1314 1655 1472 1699 dicitur
1488 1656 1712 1700 Christus?
1728 1675 1749 1699 »

363 1729 482 1774 aliud
498 1764 508 1783 ,
542 1747 562 1770 11
587 1728 731 1771 Vultis
754 1726 972 1770 dimittam
995 1726 1117 1769 vobis
1139 1740 1284 1784 regem
1300 1724 1593 1769 Judaeorum?
1618 1744 1638 1767 »
1667 1726 1752 1772 Sed

361 1800 465 1860 quia
486 1799 679 1843 Christos
701 1813 821 1855 reges
844 1796 1074 1851 dicebant,
1100 1805 1144 1840 et
1164 1797 1240 1856 qui
1259 1796 1366 1839 dixit
1383 1795 1510 1840 illum
1528 1811 1584 1840 an
1604 1796 1748 1853 illum,

360 1869 640 1914 ¹manifestum
660 1877 723 1911 est
737 1883 837 1911 eum
857 1867 1060 1927 quaesisse
1072 1883 1128 1910 an
1143 1866 1306 1911 vellent
1320 1867 1403 1910 sibi
1420 1866 1581 1911 dimitti
1603 1883 1750 1927 regem

361 1940 618 1984 ,Iudaeorum
639 1974 649 1991 ‚
682 1938 728 1981 id
762 1947 847 1992 est,
882 1938 1104 1982 Christum
1123 1973 1134 1991 ‚
1159 1937 1269 1980 nihil
1295 1938 1477 1981 interest
1499 1939 1746 1995 sententiae,

360 2009 481 2070 quod
503 2009 573 2053 hie
595 2008 731 2052 tacuit
752 2011 924 2052 Marcus
952 2007 1006 2050 de
1038 2006 1236 2050 Bai-abba
1255 2041 1266 2062 ‚
1301 2007 1384 2051 hoc
1422 2006 1564 2051 solum
1600 2007 1750 2053 volens

358 2080 504 2124 dicere
527 2078 649 2138 quod
670 2078 726 2121 ad
759 2077 993 2121 Dominum
1028 2077 1302 2135 pertinebat3
1328 2076 1687 2137 quandoquidem
1704 2079 1751 2123 in

358 2165 507 2195 eorum
527 2149 806 2208 responsione
829 2148 926 2191 satis
947 2157 991 2191 et
1011 2147 1102 2205 ipse
1119 2146 1308 2190 ostendit
1328 2163 1459 2207 quem
1482 2148 1562 2192 sibi
1585 2148 1749 2194 dimitti

350 2220 573 2266 voluerint
601 2238 610 2263 ι
647 2237 667 2259 «
698 2218 956 2269 Pontifices,
981 2217 1148 2276 inquit,
1177 2217 1507 2262 concitaverunt
1544 2218 1743 2275 turbam,

352 2309 373 2333 »
410 2303 456 2334 ut
473 2289 608 2347 magis
629 2288 874 2332 Barabham
892 2287 1129 2331 dimitteret
1149 2287 1232 2330 eis:
1253 2305 1272 2329 11
1291 2288 1487 2346 sequitur
1508 2297 1678 2343 autem,
1703 2298 1747 2333 et
1780 2281 1782 2283 .

345 2361 451 2405 dicit
474 2380 482 2405 :
508 2379 528 2402 «
553 2359 717 2403 Pilatus
739 2367 887 2401 autem
908 2358 1066 2401 iterum
1085 2355 1376 2414 respondens,
1402 2357 1462 2400 ait
1483 2357 1566 2402 illis
1588 2376 1596 2402 ε
1624 2359 1741 2411 Quid

343 2449 364 2472 11
400 2446 503 2489 ergo
528 2429 659 2474 vultis
689 2428 844 2472 laeiam
876 2428 964 2485 regi
997 2426 1280 2470 Judaeorum?
1313 2444 1332 2466 »
1363 2425 1486 2470 Unde
1517 2428 1610 2486 jam
1639 2429 1741 2473 satis

339 2510 534 2559 apparet,
555 2499 730 2558 quodid
750 2501 920 2542 Marcus
939 2496 1298 2550 velitostendere,
1317 2496 1505 2546 dicendo
1527 2516 1546 2540 «
1569 2500 1735 2557 Regem

339 2588 360 2612 »
395 2569 676 2624 Judaeorum,
703 2587 724 2610 11
761 2567 882 2628 quod
915 2568 1147 2612 Matthaeus
1178 2565 1366 2611 dicendo
1393 2585 1412 2609 «
1438 2565 1677 2612 Christum.
1705 2585 1726 2608 1)

386 2661 395 2677 r
418 2655 537 2687 Matth.
556 2665 659 2694 xxvu,
681 2666 711 2686 11
727 2653 801 2685 -26,
