1819 3301
350 270 406 307 72
782 275 815 304 S·
851 275 1081 304 AUGUSTIM
1114 276 1295 303 Emscom

347 347 393 390 in
415 358 504 405 quo
521 343 675 403 aliquis
708 356 859 386 eorum
883 340 1011 385 alicui
1035 354 1278 399 repugnare
1299 337 1514 383 videatur.
1544 338 1627 382 Sed
1650 337 1731 382 ali-

346 416 443 476 quis
465 414 647 458 forsitan
669 420 838 473 quaerat
855 446 865 466 ,
891 409 1116 470 quomodo
1140 424 1163 452 a
1180 409 1409 467 semetipso
1432 411 1620 452 Joannes
1642 409 1731 467 ipse

346 501 437 530 non
462 485 696 542 discrepet,
722 489 968 526 contestans
991 494 1092 523 cum
1114 479 1276 523 caeteris
1299 476 1417 538 quod
1435 478 1596 536 Joseph
1619 478 1733 536 peti-

345 555 456 600 verit
489 568 645 611 corpus
675 555 777 595 Jesu
794 585 804 605 ,
838 559 881 593 et
902 549 1018 593 solus
1040 548 1186 592 dicens
1218 547 1338 606 quod
1358 547 1556 591 occultus
1580 545 1732 591 fuisset

346 623 591 683 Discipulus
629 622 801 666 Domini
832 629 1008 680 propter
1043 628 1209 663 metum
1244 621 1267 662 J
1273 617 1499 662 udaeorum
1531 636 1540 661 ε
1577 618 1732 662 merito

347 696 463 740 enim
486 702 657 748 movet,
683 707 762 736 cur
785 691 858 735 ille
875 691 951 752 qui
985 699 1162 750 propter
1185 689 1385 733 timorem
1414 686 1612 732 occultus
1634 688 1732 732 Dis-

346 764 516 824 cipulus
538 772 651 818 erat,
684 762 813 806 'ausus
836 761 891 805 sit
925 769 1071 819 petere
1099 774 1255 818 corpus
1283 759 1403 817 ejus,
1436 757 1555 817 quod
1586 756 1734 802 nullus

348 849 499 879 eorum
522 834 598 893 qui
620 847 721 876 eum
742 832 884 890 palam
901 830 1215 889 sequebantur,
1241 828 1435 872 auderet.
1465 826 1549 872 Sed
1569 826 1733 872 intelli-

349 903 542 964 gendum
564 911 649 958 est,
669 903 800 946 istum
822 900 980 944 fiducia
1002 899 1221 957 dignitatis
1239 899 1322 943 hoc
1338 897 1502 952 fecisse,
1519 913 1606 958 qua
1626 914 1735 957 prae·

349 976 465 1019 ditus
490 982 661 1033 poterat
690 970 958 1016 familiariter
978 971 1139 1014 intrare
1161 968 1216 1013 ad
1240 968 1444 1013 Pilatum.
1471 970 1523 1011 In
1544 978 1734 1014 extremo

352 1055 499 1091 autem
521 1044 597 1089 illo
620 1044 764 1088 officio
786 1042 929 1086 funeri
950 1040 1197 1085 exhibendo
1215 1041 1356 1084 minus
1381 1054 1552 1084 curasse
1582 1039 1638 1084 de
1659 1042 1735 1085 Ju-

349 1117 474 1169 daeis‚
497 1115 694 1175 quamvis
716 1112 872 1158 soleret
888 1113 935 1156 in
955 1111 1142 1157 Domino
1165 1109 1384 1155 audiendo
1408 1125 1560 1155 eorum
1589 1110 1736 1155 inimi-

351 1186 471 1230 citias
493 1184 699 1229 devitare.

352 1334 1417 1356 mmmmmwuwmmmmmmummmwumm
1423 1333 1738 1351 mmmmm

826 1454 1042 1502 CAPUT
1079 1456 1271 1502 XXIII.

799 1596 1059 1657 Sepultura
1081 1597 1295 1642 Domini.

418 1735 511 1778 LX.
541 1734 760 1785 SEQmTun
779 1731 1013 1775 Matthaeus
1050 1749 1058 1774 2
1090 1748 1110 1771 «
1140 1731 1196 1773 Et
1223 1737 1401 1789 accepto
1428 1744 1608 1789 corpore
1627 1765 1639 1785 ,
1668 1732 1744 1775 Jo-

361 1823 382 1846 »
418 1803 523 1862 seph
543 1801 726 1845 involvit
747 1799 857 1844 illud
893 1800 937 1842 in
968 1798 1151 1843 sindone
1173 1799 1362 1853 munda,
1395 1808 1438 1842 et
1465 1800 1609 1858 posuit
1634 1799 1745 1844 illud

362 1893 383 1916 »
418 1874 465 1917 in
493 1876 779 1916 m'onumento
807 1885 885 1914 suo
914 1885 1028 1914 novo
1046 1904 1056 1924 ,
1093 1869 1213 1929 quod
1245 1867 1462 1912 exciderat
1490 1869 1536 1912 in
1572 1879 1694 1928 petra
1731 1890 1742 1916 ε

363 1963 384 1986 »
419 1953 462 1988 et
493 1941 684 1986 advolvit
717 1955 865 1984 saxum
895 1954 1103 1997 magnum
1130 1939 1182 1982 ad
1205 1939 1363 1983 ostium
1381 1941 1676 1996 monumenti,
1703 1949 1747 1985 et

364 2032 385 2056 »
421 2013 572 2057 abiit1.
602 2030 622 2052 »
657 2014 829 2056 Marcus
853 2011 912 2054 sie
945 2028 954 2053 ι
987 2028 1007 2051 «
1036 2009 1197 2068 Joseph
1234 2018 1380 2053 autem
1411 2019 1626 2055 mercatus
1655 2011 1746 2055 sin-

364 2086 417 2142 »s
420 2083 608 2137 donem,
640 2091 683 2125 et
715 2081 936 2139 deponens
969 2094 1069 2123 eum
1090 2077 1274 2123 involvit
1301 2079 1511 2136 sindone,
1536 2090 1581 2125 et
1602 2082 1747 2141 posuit

365 2173 386 2196 n
424 2167 524 2197 eum
545 2153 591 2195 in
623 2159 908 2195 monumento
946 2149 1067 2209 quod
1096 2158 1187 2193 erat
1224 2149 1414 2194 excisum
1436 2150 1490 2195 de
1530 2160 1679 2211 petra,
1703 2160 1747 2196 et

367 2244 388 2266 »
424 2222 616 2268 advolvit
636 2221 826 2281 lapidem
848 2219 902 2264 ad
924 2220 1081 2264 ostium
1099 2221 1373 2265 monumenti
1391 2224 1422 2264 2.
1446 2239 1466 2262 »
1497 2224 1634 2266 Lucas
1653 2222 1744 2268 sic:

370 2314 391 2337 «
425 2297 482 2338 Et
520 2292 767 2351 depositum
797 2289 979 2334 involvit
1006 2290 1051 2333 in
1080 2289 1287 2345 sindone,
1318 2300 1361 2334 et
1394 2291 1539 2349 posuit
1575 2307 1675 2337 eum
1703 2293 1748 2336 in

370 2384 390 2407 »
424 2371 711 2408 monumento
751 2361 919 2416 exciso,
956 2362 1001 2404 in
1035 2376 1124 2420 quo
1163 2360 1359 2405 nondum
1394 2362 1623 2422 quisquam
1661 2379 1745 2422 po-

369 2453 390 2475 »
425 2435 530 2477 situs
552 2432 695 2476 fuerat
713 2434 745 2475 ³.
776 2450 794 2472 υ
832 2434 895 2474 Ex
933 2430 998 2474 his
1031 2431 1169 2474 tribus
1206 2430 1325 2474 nulla
1358 2432 1540 2490 quaestio
1577 2432 1745 2477 dissen-

367 2504 494 2547 sionis
517 2503 617 2547 oriri
649 2510 789 2561 potest
816 2521 823 2544 :
850 2503 1036 2544 Joannes
1071 2509 1216 2544 autem
1248 2501 1515 2560 sepulturam
1545 2502 1738 2557 Domini,

416 2604 422 2619 ¹
445 2597 562 2629 Matth.
582 2608 679 2637 nvn,
700 2597 754 2638 53,
769 2596 823 2628 60.
841 2613 881 2618 —
904 2602 916 2618 ²
936 2597 1039 2627 Marc.
1062 2606 1116 2637 xv,
1136 2595 1189 2636 46.
1214 2612 1253 2617 —
1276 2594 1288 2618 3
1310 2598 1386 2628 Luc.
1409 2607 1502 2638 xxm,
1521 2597 1575 2628 53.
