1819 3301
307 225 387 262 338
738 237 768 261 s.
810 235 1036 261 accusa-im
1076 233 1254 259 EPISCOPl

297 315 373 360 per
393 299 668 344 Salomonem
691 299 850 343 dicitur
877 317 885 343 2
909 317 927 340 «
945 297 1043 351 Fili,
1063 313 1117 340 ne
1134 296 1309 356 adjicias
1324 304 1553 355 peccatum
1567 310 1696 356 super

299 389 319 413 »
355 380 584 431 peccatum
601 405 612 426 ,
637 379 681 414 et
703 371 842 425 dicas,
870 369 1087 413 Miseratio
1111 368 1188 412 Dei
1210 382 1368 426 magna
1389 376 1452 412 est
1471 368 1502 411 ¹.
1527 385 1547 409 »

772 518 1007 570 QUAESTIO
1039 520 1234 559 XXXVII.

369 659 603 699 «REGNUM
633 652 849 698 coelorum
877 654 965 698 vim
989 653 1178 712 patitur,
1214 662 1257 697 et
1284 652 1361 712 qui
1391 651 1479 696 vim
1507 651 1699 707 faciunt,

309 746 326 767 »
363 725 575 785 diripiunt
594 725 702 769 illud
715 729 777 768 ².»
799 727 895 770 Non
910 724 1051 769 solum
1066 733 1115 768 ut
1133 724 1319 784 quisque
1339 723 1416 767 ista
1433 732 1700 778 contemnat,

304 796 379 842 sed
397 797 527 840 etiam
543 796 711 854 linguas
727 795 1018 839 deridentium
1039 810 1083 839 se
1102 794 1202 839 talia
1225 803 1576 838 contemnentem
1597 812 1604 837 :
1624 794 1705 837 hac

306 868 422 911 enim
437 868 479 911 vi
497 867 611 911 facta
626 866 791 911 invadit
808 866 999 926 quodam
1023 864 1154 909 modo
1169 865 1291 924 quasi
1305 864 1522 923 praedator
1544 863 1706 908 violen-

308 948 375 982 tus
404 953 587 997 regnum
615 937 844 982 coelorum.
890 939 983 980 Hoc
1006 936 1123 979 enim
1151 935 1378 994 subjunxit
1402 933 1703 992 Evangelista‚

306 1024 406 1053 cum
429 1008 605 1052 dixisset
626 1008 817 1052 derisum
838 1007 971 1052 fuisse
995 1009 1144 1051 Jesum
1178 1022 1202 1050 a
1232 1006 1457 1050 Pharisaeis
1472 1040 1483 1061 ,
1515 1019 1616 1050 cum
1649 1003 1706 1048 de

308 1079 638 1125 contemnendis
660 1079 841 1123 terrenis
861 1077 1019 1122 divitiis
1039 1077 1311 1138 loqueretur.

774 1238 1011 1288 QUAESTIO
1043 1238 1253 1278 XXXVIII.

373 1374 407 1415 Ι.
439 1373 604 1414 «Homo
627 1369 805 1430 quidam
829 1380 921 1414 erat
942 1369 1062 1414 dives
1078 1405 1088 1423 ,
1112 1378 1154 1413 et
1172 1368 1440 1412 induebatur
1458 1380 1654 1426 purpura
1671 1373 1715 1408 et

318 1460 336 1482 »
374 1442 527 1498 bysso,
554 1450 596 1484 et
621 1441 887 1499 epulabatur
912 1440 1110 1500 quotidie
1138 1438 1411 1498 splendidess,
1436 1446 1517 1481 »et
1536 1445 1711 1481 caetera.

316 1515 396 1555 Per
430 1511 680 1570 allegoriam
716 1511 775 1555 sic
813 1512 946 1569 accipi
981 1519 1188 1569 possunt,
1225 1519 1275 1553 ut
1306 1509 1350 1551 in
1381 1507 1519 1552 divite
1553 1505 1715 1551 intelli-

319 1591 479 1639 gantur
511 1581 686 1640 superbi
715 1579 996 1635 Judaeorum,
1027 1581 1278 1638 ignorantes
1306 1579 1384 1623 Dei
1403 1577 1644 1638 justitiam,
1675 1585 1719 1620 et

320 1668 442 1696 suam
465 1652 659 1696 volentes
688 1653 951 1696 constituere
968 1652 999 1694 4.
1030 1654 1230 1709 Purpura
1250 1659 1294 1693 et
1318 1649 1471 1706 byssus
1486 1684 1497 1703 ,
1530 1647 1719 1706 dignitas

324 1723 444 1780 regni
469 1732 547 1766 est.
575 1741 599 1763 ¹«
619 1725 676 1766 Et
696 1720 935 1775 auferetur,
961 1721 1126 1781 inquit,
1151 1737 1174 1763 a
1197 1720 1320 1764 vobis
1343 1734 1527 1778 regnum
1553 1720 1652 1771 Dei,
1677 1726 1721 1761 et

327 1812 346 1833 η)
382 1792 559 1837 dabitur
583 1793 701 1851 genti
722 1792 899 1837 facienti
917 1791 1172 1848 justitiam-⁵.
1191 1810 1209 1831 »
1237 1790 1445 1849 Epulatio
1467 1787 1717 1848 splendida,

322 1864 531 1922 jactantia
555 1864 679 1921 Legis
702 1872 788 1917 est,
812 1863 858 1906 in
881 1879 967 1921 qua
999 1861 1297 1920 gloriabantur
1320 1860 1415 1920 plus
1437 1859 1492 1902 ad
1516 1873 1721 1917 pompam

325 1934 522 1977 clationis
544 1935 772 1977 abutentes
786 1950 856 1988 ea,
875 1949 1006 1993 quam
1031 1931 1086 1975 ad
1108 1932 1405 1975 necessitatem
1428 1929 1578 1974 salutis
1599 1938 1723 1972 uten-

328 2013 404 2047 tes.
435 2004 662 2048 Mendicus
686 2014 832 2047 autem
849 2004 1026 2046 nomine
1041 2005 1249 2055 Lazarus,
1271 1999 1390 2060 quod
1412 2000 1723 2057 interpretatur

327 2073 537 2134 Adjutus,
563 2075 773 2132 significat
802 2072 1094 2130 indigentem,
1127 2070 1259 2114 veluti
1290 2070 1497 2128 gentilem
1533 2068 1723 2128 aliquem

330 2154 405 2188 aut
424 2144 727 2203 publicanum,
749 2145 825 2203 qui
843 2152 962 2186 tanto
978 2142 1111 2199 magis
1127 2142 1374 2200 adjuvatur,
1396 2149 1561 2199 quanto
1579 2139 1725 2182 minus

327 2213 383 2258 de
405 2230 579 2258 suarum
598 2215 722 2273 copia
735 2213 996 2257 facultatum
1013 2211 1249 2270 praesumit.
1271 2209 1393 2253 Tales
1409 2218 1532 2253 erant
1546 2208 1635 2253 duo
1648 2207 1725 2268 qui

327 2285 512 2328 orabant
534 2286 580 2328 in
600 2284 786 2343 templo,
809 2298 924 2326 unus
946 2281 1210 2326 Publicanus
1227 2315 1238 2335 ,
1261 2290 1304 2324 et
1324 2280 1432 2324 alius
1464 2280 1721 2324 Pharisaeus.

331 2356 456 2400 Dives
478 2372 582 2414 ergo
604 2356 710 2399 dicit
730 2364 940 2414 tanquam
964 2353 1139 2398 satiatus
1154 2352 1320 2412 justitia
1337 2386 1347 2406 ,
1383 2367 1473 2396 non
1493 2353 1604 2395 inter
1629 2348 1726 2394 illos

332 2426 480 2470 beatos
496 2425 790 2470 numerandus
805 2426 882 2485 qui
898 2424 1094 2468 esuriunt
1102 2431 1149 2467 *et
1161 2423 1312 2467 sitiunt
1324 2422 1571 2482 justitiam&
1592 2439 1612 2463 «
1623 2421 1728 2465 Gra-

378 2529 384 2543 ¹
409 2521 506 2553 ticeli.
524 2532 554 2562 v,
571 2521 603 2552 5.
621 2537 662 2544 -κ
677 2527 690 2543 ²
709 2520 831 2552 Matth.
859 2530 907 2555 ιι,
930 2528 983 2560 12,
1004 2523 1037 2551 et
1057 2520 1134 2551 Luc.
1155 2529 1219 2558 xvi,
1241 2520 1292 2549 16.
1310 2532 1346 2540 —-
1367 2515 1380 2539 3
1401 2519 1477 2550 Luc.
1507 2527 1574 2556 xvn,
1603 2514 1720 2558 19-31.

335 2594 370 2598 -
398 2576 411 2605 4
430 2580 518 2609 Rom.
541 2588 573 2617 x,
593 2577 625 2608 3.
648 2592 687 2599 --
706 2575 720 2598 5
745 2575 951 2616 Matth.xx1‚
977 2573 1031 2616 43,
1051 2590 1092 2597 --
1118 2570 1133 2595 6
1149 2574 1194 2605 Id.
1216 2584 1250 2613 v,
1269 2573 1301 2604 6.
