1819 3301
247 240 330 279 452
679 250 712 278 s.
749 251 773 277 A
783 251 980 279 UGUSTINI
1013 250 1195 277 Emscom

242 317 395 361 lumba
429 320 643 361 ¹loannem
673 316 850 370 docuit,
886 324 928 359 et
951 314 1190 359 Ecclesiam
1216 329 1305 359 non
1341 313 1524 368 docuit,
1566 315 1638 359 cui

241 387 446 432 Ecclesiae
466 389 630 432 dictum
655 395 742 441 est,
766 400 786 428 (ἰ
803 388 898 430 Una
914 395 976 430 est
997 385 1200 430 columba
1218 387 1356 429 mea¹.
1383 406 1400 426 »
1418 384 1638 430 Columba

242 458 398 504 doceat
415 458 666 506 columbam
687 477 697 515 3
715 457 886 501 noverit
905 456 1111 501 columba
1134 492 1144 513 ‚
1170 456 1292 517 quod
1313 458 1503 501 Joannes
1521 454 1639 499 didi-

241 530 299 575 cit
321 545 398 590 per
430 529 697 573 columbam.
735 527 922 587 Spiritus
953 536 1126 572 sanctus
1159 528 1206 571 in
1243 527 1385 587 specie
1419 526 1639 572 columbae

239 600 479 646 descendit.
506 602 600 644 Hoc
624 608 770 644 autem
788 598 909 659 quod
929 597 1124 643 discebat
1143 600 1167 642 J
1171 613 1334 643 oannes
1352 598 1398 641 in
1412 597 1636 653 columba,

240 687 374 732 quare
396 671 441 714 in
475 670 681 715 columba
703 669 886 714 didicit?
906 669 1148 730 Oportebat
1184 669 1298 714 enim
1329 678 1380 713 ut
1416 669 1601 713 disceret
1627 688 1636 713 z

240 758 320 787 nec
349 743 433 788 hoc
450 742 564 787 forte
599 742 831 802 oportebat
862 741 944 785 nisi
981 751 1031 785 ut
1054 757 1133 801 per
1154 740 1403 785 columbam
1434 740 1635 785 disceret.

239 812 354 867 Quid
377 813 519 858 dicam
543 811 598 857 de
627 811 832 857 columba
850 846 861 867 ‚
887 811 1042 857 fratres
1066 811 1186 855 mei?
1211 814 1299 856 Aut
1330 811 1509 872 quando
1533 810 1641 854 mihi

239 885 402 930 sufficit
436 884 619 929 facultas
640 883 709 929 vel
737 882 880 929 cordis
911 883 981 927 vel
1014 883 1176 942 linguae
1195 919 1205 938 ‚
1246 883 1390 927 dicere
1417 882 1641 943 quomodo

239 957 370 1002 volo?
391 966 433 1001 ot
450 955 562 1001 forte
584 972 674 1001 non
696 955 826 1014 digne
844 954 945 1000 volo
959 954 1182 1016 quomodo
1194 954 1430 999 dicendum
1457 963 1542 1012 θεῖς
1560 969 1640 998 nec

238 1028 271 1072 si
286 1038 434 1072 tamen
448 1043 623 1087 possum
638 1026 781 1071 dicere
800 1026 1025 1086 quomodo
1038 1026 1139 1071 volo
1158 1045 1167 1071 ε
1184 1035 1351 1086 quanto
1370 1026 1512 1070 minus
1535 1040 1642 1085 quo-

237 1098 371 1143 modo
398 1097 637 1142 dicendum
659 1099 750 1142 est?
772 1100 865 1156 Ego
894 1113 918 1142 a
939 1097 1119 1141 meliore
1146 1097 1230 1141 hoc
1263 1096 1413 1140 audire
1446 1095 1608 1141 vellem
1625 1130 1636 1151 ‚

237 1186 327 1215 non
346 1169 473 1214 vobis
495 1168 655 1212 dicere.

297 1243 378 1284 XI.
404 1240 539 1284 Discit
560 1241 749 1283 Joannes
772 1253 873 1282 eum
891 1253 1024 1298 quem
1039 1249 1215 1283 noverat
1238 1257 1246 1283 ε
1265 1238 1340 1282 sed
1362 1238 1408 1282 in
1429 1253 1479 1283 eo
1495 1237 1638 1293 discit,

237 1314 283 1357 in
306 1327 396 1372 quo
421 1326 522 1354 eum
545 1326 635 1355 non
665 1319 874 1368 noverat3
905 1309 950 1353 in
973 1325 1063 1370 quo
1099 1319 1280 1354 noverat
1304 1325 1393 1354 non
1415 1309 1557 1354 discit.
1584 1312 1641 1354 Et

237 1383 346 1446 quid
373 1384 589 1427 noverat?
614 1382 867 1426 Dominum.
890 1380 1005 1433 Quid
1026 1397 1116 1426 non
1139 1383 1350 1425 noverat?
1375 1384 1640 1426 Potestatem

237 1455 456 1501 Dominici
475 1453 678 1514 baptismi
700 1453 747 1496 in
771 1450 947 1496 nullum
969 1453 1195 1497 hominem
1219 1469 1241 1497 a
1270 1453 1457 1497 Domino
1480 1453 1641 1497 transi-

237 1537 382 1573 turam
405 1562 416 1582 ,
445 1525 521 1570 sed
543 1524 835 1569 ministerium
867 1523 997 1583 plane
1034 1525 1320 1569 transiturum
1346 1544 1354 1569 :
1380 1534 1641 1584 potestatem

238 1615 262 1645 a
295 1600 481 1644 Domino
512 1598 559 1641 in
600 1597 845 1652 neminem,
883 1596 1173 1640 ministerium
1198 1598 1252 1640 'et
1281 1597 1327 1640 in
1357 1597 1495 1641 bonos
1531 1596 1641 1641 etin

238 1671 390 1716 malos.
426 1672 526 1716 Non
558 1669 787 1713 exhorreat
827 1667 1033 1712 columba
1071 1667 1360 1712 ministerium
1393 1667 1638 1723 malorum,

239 1743 440 1803 respiciat
462 1740 638 1786 Domini
662 1748 937 1800 potestatem.
960 1738 1074 1793 Quid
1095 1739 1175 1784 tibi
1204 1738 1308 1784 facit
1331 1739 1470 1784 malus
1495 1739 1643 1783 minis-

237 1825 304 1859 ter
320 1851 330 1871 ,
356 1814 433 1858 ubi
469 1813 611 1858 bonus
635 1821 698 1856 est
718 1812 964 1856 Dominus?
992 1810 1101 1872 quid
1130 1821 1172 1856 te
1193 1810 1378 1872 impedit
1400 1810 1642 1855 malitiosus

239 1901 383 1946 praeco
404 1920 414 1939 ,
453 1884 486 1928 si
509 1893 572 1927 est
603 1882 842 1927 benevolus
867 1881 1034 1942 judex?
1057 1885 1245 1927 Joannes
1278 1881 1431 1926 didicit
1458 1897 1536 1942 per
1571 1897 1644 1926 co·

239 1956 438 2002 lumbam
457 1955 555 1999 hoc.
583 1952 700 2007 Quid
719 1963 782 1997 est
805 1954 926 2013 quod
949 1952 1135 1998 didicit?
1157 1956 1253 2013 Ipse
1278 1963 1447 2013 repetat
1473 1972 1480 1997 :
1503 1972 1519 1993 «
1544 1956 1643 2012 Ipse

242 2048 261 2071 »
298 2028 404 2072 mihi
435 2026 566 2080 dixit,
595 2025 764 2084 inquit,
793 2027 932 2084 Super
963 2039 1098 2084 quem
1124 2025 1282 2069 videris
1310 2024 1518 2084 Spiritum
1549 2023 1640 2067 des-

245 2119 265 2142 »
301 2097 562 2144 cendentem
585 2132 596 2152 ,
623 2105 834 2157 tanquam
856 2095 1108 2139 columbam
1130 2131 1140 2152 ‚
1167 2105 1210 2140 et
1236 2105 1485 2139 manentem
1511 2110 1643 2154 super

245 2189 266 2212 »
301 2185 402 2214 eum
415 2205 425 2224 ,
440 2169 511 2213 hic
537 2177 601 2212 est
615 2167 691 2227 qui
702 2167 891 2226 baptizat
907 2167 953 2209 in
969 2167 1132 2226 Spiritu
1149 2176 1313 2211 sancto.
1334 2185 1353 2208 »
1372 2169 1470 2212 Non
1485 2181 1587 2224 ergo
1599 2175 1642 2211 te

245 2241 467 2301 decipiant
484 2276 495 2297 ‚
513 2256 538 2285 o
562 2238 792 2294 columba,
818 2237 1089 2294 seductores,
1116 2238 1192 2299 qui
1215 2237 1396 2294 dicunt,
1420 2241 1507 2282 Nos
1529 2237 1640 2296 bap-

244 2312 469 2357 tizamus2.
496 2310 730 2366 Columba,
763 2325 947 2369 agnosce
964 2308 1071 2369 quid
1097 2308 1248 2354 docuit
1275 2308 1496 2354 colur’nba.
1518 2328 1538 2351 «
1559 2308 1641 2353 Hic

246 2402 267 2424 »
304 2393 368 2428 est
389 2384 465 2444 qui
481 2384 670 2443 baptizat
686 2382 731 2426 in
755 2382 918 2442 Spiritu
939 2390 1103 2425 sancto.
1129 2399 1148 2422 »
1176 2385 1258 2425 Per
1280 2381 1529 2425 columbam
1551 2378 1641 2424 dis-

246 2456 380 2510 citur,
406 2456 507 2516 quia
524 2454 594 2498 hic
615 2463 677 2498 est
702 2472 710 2498 ε
737 2462 779 2497 θῖ
802 2462 851 2497 tu
866 2453 957 2512 ejus
976 2461 1188 2511 potestate
1207 2462 1333 2511 putas
1351 2461 1393 2495 te
1412 2451 1638 2511 baptizari,

249 2527 371 2586 cujus
395 2526 633 2570 ministerio
664 2524 924 2583 baptizaris?
945 2524 1094 2573 Silioc
1126 2533 1274 2582 putas,
1308 2523 1505 2567 nondum
1530 2537 1574 2566 es
1595 2522 1641 2565 in

299 2619 304 2633 ¹
331 2614 409 2644 Cant
444 2624 484 2652 vi,
507 2617 525 2643 ὅ
561 2629 597 2633 --
618 2618 628 2633 ⁷
649 2614 765 2642 Contra
785 2610 977 2642 Donatista&
