1819 3301
272 223 325 249 DE
357 218 570 250 CONSENSU‘
599 218 1009 258 EVANGELISTARUM,
1044 221 1127 247 Lm.
1166 221 1228 246 [11.
1384 205 1439 245 35

57 302 157 346 quae
180 285 294 331 dicta
315 296 416 331 sunt
448 301 524 346 per
557 286 808 330 Zachariam
840 294 928 329 tam
960 284 1047 328 sint
1081 282 1280 328 Jeremiae
1308 297 1441 342 quam

59 357 302 414 Zachariae,
326 356 433 417 quid
460 372 568 416 opus
596 366 688 401 erat
710 366 758 400 ut
779 354 1031 400 emendaret
1050 354 1283 399 Matthaeus
1301 387 1312 408 ,
1338 368 1440 396 cum

57 426 177 472 aliud
191 443 272 487 pro
290 426 373 472 alio
390 428 473 471 sibi
493 443 655 472 nomen
668 442 897 472 occurrens
916 442 940 471 a
963 441 1007 470 se
1029 425 1239 484 scriptum
1262 422 1441 481 relegis-

56 507 141 556 set,
165 514 213 542 ac
230 514 320 542 non
341 498 486 557 potius
504 513 688 558 sequens
706 498 1006 542 auctoritatem
1022 496 1203 556 Spiritus
1228 494 1389 549 sancti,
1414 510 1439 538 a

56 584 145 628 quo
167 578 359 612 mentem
380 584 501 613 suam
532 569 622 627 regi
644 568 741 627 plus
762 568 885 612 nobis
912 567 984 612 ille
1005 567 1157 628 utique
1194 566 1408 611 sentiebat
1427 599 1439 620 ,

57 639 114 682 ita
137 639 220 683 hoc
243 639 453 698 scriptum
471 639 751 699 relinqueret,
767 638 878 682 sicut
893 653 994 682 eum
1015 636 1292 682 admonendo
1312 651 1440 681 cons-

56 708 234 753 tituerat
253 709 292 752 ei
312 710 542 764 Dominus,
579 708 634 753 ad
654 708 953 752 informandos
975 724 1053 751 nos
1076 718 1249 752 tantum
1277 707 1440 753 verbo-

57 793 155 822 rum
176 794 353 824 suorum
384 780 498 824 inter
530 779 768 838 Prophetas
801 794 890 822 esse
923 778 1224 832 concordiam,
1265 787 1316 821 ut
1352 792 1442 821 non

58 849 268 905 absurde,
301 850 389 894 imo
419 849 804 908 congruentissime
826 849 954 893 etiam
975 849 1174 893 Jeremiae
1205 847 1441 906 deputare-

59 934 155 963 mus
175 920 295 980 quod
322 936 399 980 per
422 920 672 965 Zachariam
706 919 873 964 dictum
906 920 1222 979 reperiremus?
1253 918 1295 963 Si
1328 917 1444 962 enim

57 992 188 1037 hodie
211 993 442 1052 quisquam
465 992 614 1037 volens
636 992 815 1051 alicujus
837 992 968 1036 verba
991 992 1200 1046 indicare,
1229 990 1347 1034 dicat
1367 1005 1443 1034 no-

56 1079 160 1109 men
181 1062 355 1107 alterius
377 1078 501 1123 aquo
521 1062 636 1107 dicta
657 1079 747 1107 non
769 1063 876 1116 sint,
897 1063 973 1121 qui
994 1072 1137 1106 tamen
1159 1062 1213 1105 sit
1235 1061 1442 1105 amicissi-

57 1149 154 1178 mus
169 1143 212 1177 et
233 1132 521 1177 familiaritate
537 1133 912 1193 conjunctissimus
928 1132 988 1176 illi
1005 1133 1073 1191 cuj
1083 1149 1129 1176 us
1146 1132 1279 1177 verba
1299 1132 1444 1176 dicere

57 1205 218 1263 voluit,
245 1214 289 1248 et
310 1205 519 1249 continuo
546 1203 797 1249 recordatus
819 1203 952 1248 alium
984 1220 1063 1263 pro
1086 1203 1171 1247 alio
1195 1218 1239 1246 se
1262 1201 1439 1256 dixisse,

56 1275 115 1320 ita
135 1291 179 1319 se
200 1275 374 1333 colligat
391 1284 522 1335 atque
543 1275 752 1333 corrigat,
778 1284 827 1319 ut
849 1284 994 1318 tamen
1023 1275 1155 1328 dicat,
1181 1277 1298 1318 Bene
1326 1273 1443 1331 dixi3

58 1346 167 1407 quid
183 1346 302 1390 aliud
328 1347 501 1391 intuens
523 1346 604 1389 nisi
626 1355 791 1390 tantam
828 1346 941 1389 inter
973 1345 1124 1389 ambos
1146 1360 1235 1389 esse
1257 1360 1442 1390 concor-

57 1416 200 1472 diam,
220 1417 334 1460 inter
362 1415 487 1460 illum
521 1416 683 1460 scilieet
711 1417 833 1476 cujus
865 1416 998 1461 verba
1027 1416 1169 1460 dicere
1199 1414 1366 1470 voluit,
1399 1424 1442 1458 et

59 1485 190 1531 alium
209 1488 332 1547 cujus
353 1488 391 1531 ei
413 1502 572 1531 nomen
593 1502 671 1546 pro
692 1486 807 1530 illius
834 1486 1011 1531 nomine
1033 1487 1243 1540 occurrit,
1274 1495 1325 1529 ut
1359 1484 1442 1530 tale

57 1558 112 1602 sit
133 1559 216 1603 hoc
235 1559 365 1602 istum
380 1558 555 1612 dixisse,
581 1557 710 1617 quale
733 1557 766 1601 si
787 1556 861 1600 ille
883 1557 1085 1601 dixisset?
1112 1567 1280 1617 quanto
1310 1555 1447 1614 magis

57 1629 142 1673 hoc
157 1630 212 1672 de
241 1628 469 1687 Prophetis
490 1628 647 1673 sanctis
674 1627 1010 1686 intelligendum
1043 1637 1087 1672 et
1123 1627 1305 1672 maxime
1325 1642 1442 1671 com-

58 1698 359 1743 mendandum
378 1698 484 1753 fuit,
497 1707 548 1742 ut
569 1698 766 1742 omnium
780 1698 914 1742 libros
929 1708 1137 1758 tanquam
1150 1698 1278 1742 unius
1300 1712 1442 1741 unum

57 1768 220 1813 librum
261 1769 552 1829 acciperemus
567 1804 577 1823 ,
620 1770 667 1813 in
707 1784 797 1829 quo
825 1769 948 1814 nulla
986 1784 1131 1813 rerum
1154 1768 1443 1827 discrepantia

58 1839 334 1895 crederetur,
363 1840 423 1884 sic
435 1849 484 1885 ut
502 1838 623 1884 nulla
634 1839 924 1894 inveniretur,
951 1839 1050 1883 etin
1063 1855 1151 1898 quo
1176 1839 1313 1898 major
1327 1846 1440 1882 esset

0 1902 1 1931 ³
57 1910 300 1956 constantia
318 1911 531 1965 veritatis,
548 1925 680 1970 quam
694 1910 727 1953 si
749 1910 894 1954 omnia
916 1910 989 1954 ilia
1008 1925 1122 1955 unus
1140 1910 1272 1954 homo
1285 1924 1443 1969 quam·

0 1987 1 2031 j
57 1978 167 2024 libet
182 1977 455 2024 doctissimus
480 1979 770 2040 loqueretur?
791 1979 917 2033 Quod
951 1995 1054 2038 ergo
1077 1980 1181 2024 hinc
1203 1994 1441 2038 argumen-

58 2059 153 2095 tum
186 2066 356 2106 sumere
393 2060 609 2095 conantur
638 2051 708 2094 vel
742 2049 938 2094 infideles
968 2050 1039 2095 vel
1071 2051 1261 2109 imperiti
1292 2049 1439 2094 homi-

0 2162 1 2175 ,
57 2136 150 2175 nes,
165 2121 290 2181 quasi
301 2121 357 2165 ad
368 2120 682 2165 ostendendam
705 2120 1014 2165 dissonantiam
1028 2129 1277 2164 sanctorum
1299 2122 1441 2163 Evan-

0 2205 1 2239 ς
59 2190 331 2250 gelistarum,
357 2192 440 2235 hoc
469 2191 613 2250 potius
644 2191 807 2236 debent
833 2206 1047 2235 assumere
1069 2189 1220 2233 fideles
1248 2197 1292 2233 et
1321 2188 1441 2233 docti

0 2257 1 2267 ¹
58 2260 114 2305 ad
136 2260 448 2305 ostendendam
461 2261 673 2306 unitatem
685 2271 933 2306 sanctorum
950 2262 1077 2305 etiam
1104 2261 1437 2319 Prophetarum.

115 2333 278 2374 XXXI.
300 2333 377 2375 Est
392 2340 434 2375 et
455 2331 536 2374 alia
548 2346 675 2375 causa
689 2366 701 2386 ,
722 2348 821 2392 quae
835 2332 941 2375 mihi
962 2331 1135 2376 videtur
1149 2330 1232 2374 alio
1247 2339 1442 2388 tempore

58 2400 310 2460 diligentius
332 2401 633 2460 pertractanda
649 2437 660 2455 ,
692 2418 748 2447 ne
782 2402 968 2461 amplius
998 2416 1240 2445 sermonem
1264 2409 1444 2458 proten-

58 2472 213 2516 damus
229 2506 241 2527 ,
265 2487 398 2531 quam
419 2473 547 2532 hujus
568 2472 708 2531 operis
730 2472 990 2517 terminandi
1006 2471 1232 2517 necessitas
1254 2469 1436 2529 flagitat,

58 2558 135 2588 cur
145 2544 229 2589 hoc
243 2558 404 2589 nomen
423 2546 446 2589 J
450 2544 621 2588 eremiae
637 2544 682 2589 in
696 2543 942 2590 testimonio
959 2541 1175 2588 Zachariae
1187 2542 1247 2586 sic
1261 2556 1437 2586 manere

1236 2614 1274 2652 3.
