1819 3301
261 335 315 362 DE
345 335 554 363 consensu
587 331 1001 372 EVANGEHSTARUM,
1037 334 1119 361 Lm.
1155 334 1220 361 111.
1382 323 1437 361 59

56 398 332 458 Praeparatio.
359 399 427 444 Ab
450 398 525 443 illa
553 414 655 457 ergo
678 414 793 443 nona
821 397 960 443 noctis
980 399 1086 442 hora
1109 408 1248 457 usque
1270 396 1326 441 ad
1347 399 1438 458 ejus

0 494 1 526 3
54 469 376 522 crucifixionem
402 469 591 513 occurrit
624 470 727 512 hora
767 480 1014 528 parasceves
1042 476 1159 512 sexta
1193 469 1435 512 seeundum

0 543 1 600 ᾗ
54 541 265 582 Joannem
279 573 289 593 ‚
313 548 355 582 et
376 539 482 582 hora
503 538 588 582 diei
610 539 736 582 tertia
758 539 999 582 secundum
1018 541 1214 583 Marcum
1241 557 1249 582 ε
1276 547 1326 582 ut
1348 551 1437 582 non

0 638 1 646 κ
52 611 223 653 Marcus
251 610 401 653 horam
431 608 550 652 illam
581 608 848 652 recordatam
881 608 1212 667 recapitulando
1245 623 1439 652 comme-

0 689 1 730 }
53 678 311 733 muniverit,
337 695 422 738 qua
447 679 745 723 clamaverunt
773 677 915 721 Judaei
938 697 946 722 :
979 697 998 719 «
1018 679 1260 737 Crucifige,
1296 678 1439 722 cruci-

0 755 1 767 *
56 766 75 790 »
111 750 215 806 fige,
244 767 264 790 »
298 749 373 793 sed
406 765 501 793 eam
531 765 706 808 prorsus
736 750 888 792 horam
918 749 1089 792 tertiam
1128 749 1310 804 dixerit,
1354 765 1440 808 qua

52 820 260 863 Dominus
292 828 356 863 est
389 820 497 862 fixus
519 820 563 862 in
590 819 724 878 ligno.
751 819 856 872 Quis
885 818 1021 862 fidelis
1055 834 1144 862 non
1166 819 1267 862 huic
1298 818 1441 862 faveat

52 888 257 933 solutioni
278 889 550 948 quaestionis,
571 889 605 933 si
622 889 753 933 modo
775 889 908 948 possit
926 888 1081 948 aliquis
1105 889 1311 932 articulus
1334 904 1440 932 con-

42 960 122 1020 ·jici
158 961 212 1003 ab
239 961 346 1004 hora
373 976 489 1005 nona
516 961 652 1004 noctis
669 996 680 1015 ‚
711 960 830 1004 unde
851 961 1030 1019 coepisse
1053 964 1315 1004 Parasceven
1337 963 1441 1004 Pas-

53 1030 146 1074 chae
169 1030 332 1084 nostri,
366 1029 411 1073 id
439 1039 527 1084 est,
555 1030 914 1089 praeparationem
940 1031 1088 1073 mortis
1111 1030 1298 1084 Christi,
1335 1043 1440 1074 con-

55 1110 259 1160 gruenter
290 1099 612 1159 intelligamus?
651 1101 694 1146 Si
737 1101 852 1144 enim
890 1100 1084 1144 dicamus
1125 1116 1218 1144 eam
1259 1101 1440 1159 coepisse

44 1170 235 1231 >quando
255 1169 457 1215 aJudaeis
489 1172 781 1230 apprehensus
821 1180 884 1214 est
911 1171 1144 1228 Dominus3
1170 1170 1312 1215 adhuc
1327 1186 1435 1215 noc-

56 1241 108 1285 tis
140 1241 292 1300 primae
329 1250 471 1300 partes
505 1251 657 1286 erant:
684 1243 717 1285 si
747 1241 925 1301 quando
959 1241 1012 1285 ad
1038 1242 1216 1285 domum
1253 1241 1440 1300 perduc-

57 1320 126 1355 tus
149 1319 214 1355 est
234 1311 368 1355 soceri
389 1312 591 1370 Caiphae⁷
619 1312 697 1355 ubi
719 1320 761 1355 et
784 1311 955 1355 auditus
972 1322 1034 1356 est
1056 1329 1076 1355 a
1094 1312 1365 1371 principibus
1380 1327 1440 1355 sa·

55 1382 280 1426 cerdotum
304 1402 315 1438 ς
345 1382 488 1426 adhuc
524 1382 661 1441 gallus
695 1399 785 1427 non
816 1393 1084 1437 cantaverat,
1113 1384 1230 1443 quod
1253 1398 1303 1426 ex
1325 1384 1447 1427 Petri.

55 1453 285 1511 negatione
307 1451 550 1511 colligimus
570 1489 580 1507 ‚
601 1470 705 1514 quae
727 1470 825 1498 cum
844 1455 933 1514 jam
957 1454 1182 1498 audiretur
1211 1453 1321 1498 facta
1344 1463 1407 1498 est
1427 1470 1436 1494 ε

54 1523 89 1566 si
125 1531 269 1566 autem
298 1523 474 1582 quando
513 1523 650 1568 Pilato
689 1524 872 1568 traditus
905 1534 995 1581 est3
1027 1525 1118 1583 jam
1152 1539 1280 1567 mane
1312 1522 1442 1568 fuisse

56 1592 318 1651 apertissime
335 1593 543 1651 scriptum
564 1603 641 1637 est.
680 1597 829 1638 Restat
847 1610 948 1652 ergo
966 1604 1015 1637 ut
1030 1594 1319 1651 intelligamus
1336 1603 1441 1638 tunc

55 1663 235 1720 coepisse
259 1663 384 1706 istam
419 1666 681 1707 Parasceven
705 1664 895 1718 Paschae,
921 1663 964 1706 id
983 1672 1062 1717 est,
1080 1664 1439 1722 praeparationem

56 1732 204 1776 mortis
241 1732 441 1787 Domini,
473 1733 652 1793 quando
697 1733 1016 1792 responderunt
1048 1748 1197 1776 omnes
1228 1733 1443 1792 principes

54 1801 327 1845 sacerdotum
357 1802 474 1861 apud
508 1818 617 1862 quos
640 1802 780 1861 primo
812 1803 1071 1846 audiebatur
1089 1837 1099 1855 ‚
1128 1811 1172 1846 et
1203 1803 1405 1846 dixerunt
1431 1822 1439 1847 z

61 1889 82 1912 «
115 1874 231 1914 Reus
264 1880 327 1914 est
358 1872 531 1928 morti53
559 1890 578 1912 »
605 1871 724 1930 quod
755 1872 871 1931 apud
904 1873 1162 1917 Matthaeum
1185 1881 1228 1916 et
1247 1875 1443 1916 Marcum

55 1941 274 1986 invenitur
288 1943 301 1966 1
320 1961 331 1997 3
364 1951 411 1985 ut
433 1941 762 1999 recapitulando
780 1942 1080 2000 intelligantur
1099 1943 1153 1985 de
1173 1944 1287 1987 Petri
1311 1958 1444 2001 nega-

56 2010 174 2056 tione
208 2020 356 2070 postea
378 2011 532 2055 dixisse
563 2011 683 2071 quod
716 2021 840 2055 antea
865 2010 1028 2055 factum
1057 2021 1162 2055 erat.
1202 2016 1299 2058 Non
1328 2014 1444 2057 enim

58 2081 244 2125 absurde
266 2081 522 2140 conjicitur,
548 2091 744 2140 tempore
773 2097 849 2136 eo,
875 2084 1078 2141 quando,
1105 2092 1154 2126 ut
1187 2082 1272 2126 dixi
1290 2117 1300 2136 ‚
1323 2099 1444 2127 reum

58 2152 207 2196 mortis
220 2153 628 2211 pronuntiaverunt,
644 2153 792 2196 horam
807 2168 965 2196 nonam
982 2153 1118 2196 noctis
1133 2168 1221 2196 esse
1235 2154 1445 2211 potuisse:

59 2227 109 2266 ex
129 2238 215 2282 qua
234 2223 340 2266 hora
360 2238 497 2282 usque
520 2222 576 2266 ad
597 2223 748 2267 horam
770 2239 856 2283 qua
878 2222 988 2267 sedit
1017 2222 1178 2267 Pilatus
1202 2239 1279 2282 pro
1303 2224 1447 2267 tribu-

60 2291 146 2336 nali
163 2327 174 2347 ‚
204 2292 327 2351 quasi
342 2293 448 2336 hora
470 2302 587 2336 sexta
609 2292 692 2336 fuit
712 2328 721 2347 ‚
750 2309 839 2336 non
863 2293 975 2347 diei,
1004 2293 1079 2336 sed
1104 2296 1354 2337 Parasceves
1372 2329 1383 2348 ‚
1404 2293 1449 2338 id

58 2370 137 2416 est,
153 2362 477 2422 praeparationis
495 2362 804 2406 immolationis
823 2363 1019 2417 Domini,
1046 2363 1167 2423 quod
1181 2379 1330 2407 verum
1349 2368 1450 2407 Pas-

64 2450 83 2473 »
119 2432 199 2476 cha
219 2441 283 2476 est
305 2452 313 2476 :
338 2442 388 2476 ut
408 2432 536 2491 plena
558 2442 673 2477 sexta
702 2433 896 2492 ejusdem
922 2436 1189 2488 parasceves,
1208 2451 1305 2493 quae
1321 2434 1449 2493 plena

60 2500 145 2544 diei
168 2501 292 2545 tertia
319 2503 601 2557 occurrebat,
630 2503 841 2547 Dominus
874 2503 1212 2562 suspenderetur
1239 2504 1284 2547 in
1308 2504 1444 2561 ligno.

63 2571 158 2615 Sive
179 2586 282 2629 ergo
308 2572 391 2616 hoc
414 2572 557 2630 potius
578 2572 909 2630 intelligendum
932 2573 1139 2631 eligatur,
1165 2575 1251 2618 sive
1274 2577 1445 2619 Marcus

109 2661 118 2677 ¹
142 2654 260 2687 Matth.
287 2666 348 2687 xvi.
368 2655 423 2687 66.
445 2659 478 2687 et
492 2658 591 2687 Marc.
611 2667 679 2689 xlv.
697 2656 749 2697 64.
