1819 3301
295 255 379 295 436
728 267 760 296 5.
799 268 1029 296 Aueus'nm
1061 268 1241 295 EPlscoPl

287 341 388 378 ante
409 334 831 393 praenuntiaverunt,
852 336 875 377 J
880 348 1041 377 oannes
1059 342 1316 392 praesentem
1334 332 1675 380 demonstrabat.

346 405 423 447 IX.
464 422 483 445 «
519 403 632 455 Quid
662 418 763 460 ergo
795 411 842 447 111
869 403 1061 463 baptizas
1080 438 1090 458 ,
1117 404 1151 448 si
1184 413 1233 448 tu
1262 419 1351 449 non
1379 420 1422 448 es
1451 405 1676 460 Christus,

288 492 309 516 n
345 488 488 534 neque
512 472 648 528 Elias,
670 489 814 533 neque
844 474 1092 533 Propheta?
1114 475 1358 534 Respondit
1381 474 1439 519 eis
1462 478 1650 520 Joannes
1666 510 1677 531 ,

287 563 306 586 »
344 553 388 588 et
410 544 515 589 dixit
542 562 550 588 :
571 546 667 602 Ego
696 543 869 604 baptizo
890 544 937 588 in
959 560 1070 605 aqua
1088 580 1098 600 ,
1124 544 1294 589 medius
1319 556 1465 591 autem
1487 555 1680 591 vestrum

287 633 307 656 »
342 615 459 658 stetit
480 629 612 673 quem
634 629 711 658 vos
729 614 916 659 nescitis.
941 633 961 656 »
986 613 1172 660 Humilis
1190 616 1306 659 enim
1324 632 1414 660 non
1431 616 1676 672 videbatur,

283 694 326 729 61
363 694 592 744 propterea
621 684 801 730 lucerna
835 701 1013 730 accensa
1046 695 1124 731 est.
1156 686 1311 731 Videte
1346 687 1568 748 quomodo
1605 686 1681 731 dat

282 754 452 811 locum,
480 756 557 815 qui
593 754 713 799 aliud
738 766 881 816 posset
915 757 1074 816 putari.
1107 777 1126 799 «
1166 760 1261 816 Ipse
1291 767 1354 802 est
1381 759 1456 818 qui
1484 766 1582 818 post
1610 772 1680 801 me

285 843 305 867 »
341 826 487 881 venit,
514 826 590 887 qui
613 836 714 871 ante
739 842 808 870 me
833 825 973 871 factus
1000 836 1078 871 est.
1108 846 1127 868 »
1152 828 1271 872 Sicut
1289 829 1377 888 jam
1402 827 1609 883 diximus,
1634 826 1681 873 id

282 905 360 953 est,
387 898 654 957 antepositus
676 907 740 942 est
761 898 882 943 mihi.
911 918 931 941 «
952 900 1086 959 Cujus
1109 915 1188 958 ego
1217 915 1307 944 non
1330 915 1424 944 sum
1444 899 1602 959 dignus
1629 906 1680 943 ut

284 987 304 1010 >›
340 968 506 1013 solvam
529 970 756 1027 corrigiam
773 969 1055 1014 calceamenti
1081 971 1172 1030 ejus
1192 972 1222 1014 1.
1254 990 1272 1012 »
1300 976 1521 1023 Quantum
1542 985 1585 1015 se
1607 970 1681 1013 ab-

274 1040 406 1101 jecit?
428 1043 485 1085 Et
506 1041 605 1086 ideo
628 1040 819 1086 multum
844 1041 1036 1086 elevatus
1061 1033 1124 1086 est
1157 1062 1164 1087 :
1188 1043 1395 1102 quoniam
1425 1043 1499 1102 qui
1526 1057 1569 1086 se
1591 1042 1677 1086 hn-

280 1110 436 1166 miliat,
464 1112 725 1156 exaltabitur
741 1115 773 1156 ².
802 1111 928 1157 Unde
951 1111 1084 1157 debet
1106 1112 1252 1157 videre
1277 1114 1486 1158 Sanctitas
1508 1115 1677 1168 Vestra,

283 1182 385 1242 quia
403 1182 436 1225 si
458 1185 650 1226 Joannes
672 1183 731 1227 sic
753 1198 796 1226 36
813 1182 1083 1239 humiliavit,
1110 1193 1159 1227 ut
1180 1183 1345 1229 diceret
1372 1204 1380 1228 ε
1412 1203 1430 1225 «
1464 1186 1561 1229 Non
1583 1199 1679 1227 sum

285 1272 305 1295 »
343 1269 424 1312 ego
437 1252 594 1311 dignus
608 1254 837 1312 corrigiam
861 1255 1053 1313 solvere3
1081 1273 1099 1295 »
1121 1254 1346 1315 quomodo
1363 1254 1682 1299 habenthumi-

281 1323 393 1378 liari,
419 1324 494 1383 qui
517 1325 670 1368 dicunt
697 1344 705 1369 :
725 1327 812 1371 Nos
835 1325 1128 1384 baptizamus,
1155 1341 1233 1369 nos
1256 1327 1375 1382 quod
1399 1325 1552 1369 damus
1576 1340 1680 1369 nos-

283 1404 400 1438 trum
422 1403 512 1451 631,
538 1404 581 1438 61
611 1394 731 1455 quod
764 1405 961 1439 nostrum
994 1404 1085 1451 631,
1111 1405 1311 1440 sanctum
1334 1405 1411 1440 est.
1439 1395 1518 1440 Ille
1545 1395 1676 1452 dicit,

281 1469 380 1512 Non
398 1481 493 1524 ego,
519 1466 593 1510 sed
611 1466 684 1510 ille
702 1486 710 1512 z
730 1466 795 1510 illi
813 1467 966 1511 dicunt
982 1502 992 1522 ‚
1017 1469 1104 1512 Nos
1118 1469 1149 1511 ³.
1175 1470 1272 1513 Non
1286 1477 1350 1512 est
1372 1467 1529 1526 dignus
1544 1469 1680 1512 Joan-

282 1552 358 1581 nes
389 1536 555 1582 solvere
577 1537 807 1597 corrigiam
839 1537 1120 1583 calceamenti
1144 1539 1235 1598 ejus
1261 1557 1269 1582 :
1299 1539 1419 1598 quod
1441 1540 1475 1583 si
1496 1539 1679 1597 dignum

285 1624 329 1653 36
357 1607 535 1663 diceret,
561 1624 694 1668 quam
718 1608 896 1652 humilis
917 1610 1055 1652 esset?
1078 1611 1134 1653 Et
1157 1609 1191 1652 si
1214 1607 1397 1668 dignum
1420 1625 1463 1653 se
1486 1609 1676 1664 diceret,

285 1688 328 1722 et
351 1678 411 1723 sic
430 1678 594 1723 diceret
616 1698 625 1724 2
644 1677 724 1722 Ille
746 1679 866 1723 venit
887 1688 984 1738 post
1004 1694 1096 1734 me,
1121 1679 1197 1738 qui
1216 1688 1316 1723 ante
1337 1695 1406 1723 me
1425 1678 1563 1724 factus
1585 1688 1649 1723 est
1666 1713 1677 1735 ‚

285 1753 408 1811 cujus
430 1749 736 1795 tantummodo
759 1751 987 1808 corrigiam
1008 1749 1290 1794 calceamenti
1308 1751 1465 1809 dignus
1486 1766 1581 1795 sum
1598 1749 1681 1795 sol-

285 1836 385 1865 vere
412 1841 420 1866 :
452 1820 643 1865 multum
664 1836 707 1864 36
728 1820 1013 1864 humiliasset.
1044 1821 1228 1873 Quando
1251 1830 1397 1864 autem
1419 1836 1499 1865 nec
1516 1819 1571 1865 ad
1596 1821 1681 1865 hoc

287 1891 471 1950 dignum
493 1906 536 1934 se
559 1891 686 1945 dicit,
717 1906 818 1935 vere
840 1889 995 1950 plenus
1021 1890 1183 1950 Spiritu
1206 1900 1355 1936 sancto
1378 1901 1469 1935 erat
1489 1926 1499 1946 ,
1525 1891 1601 1950 qui
1623 1890 1681 1934 sic

287 1979 434 2022 servu-s
453 1962 686 2006 Dominum
711 1963 899 2020 agnovit,
926 1972 969 2006 et
991 1978 1042 2006 ex
1058 1978 1180 2007 servo
1208 1963 1369 2006 amicus
1392 1962 1484 2005 fieri
1503 1961 1676 2005 meruit.

346 2036 402 2077 X.
433 2053 453 2075 «
490 2035 593 2077 Haec
615 2034 659 2076 in
681 2033 891 2076 Bethania
913 2032 1028 2077 facta
1051 2042 1153 2077 sunt
1178 2042 1292 2077 trans
1313 2032 1572 2087 Jordanem,
1602 2031 1681 2076 ubi

291 2124 311 2146 2)
347 2114 439 2149 erat
460 2108 648 2149 Joannes
671 2104 910 2164 baptizans.
934 2103 1081 2148 Altera
1104 2104 1174 2148 die
1196 2105 1303 2148 vidit
1325 2107 1349 2148 J
1354 2119 1513 2148 oannes
1530 2106 1679 2147 ,Iesum

290 2196 312 2220 »
348 2177 592 2221 venientem
609 2175 664 2219 ad
682 2191 742 2230 se,
761 2184 804 2219 61
822 2176 880 2219 ait
907 2195 915 2220 :
934 2177 1047 2219 Ecce
1065 2179 1214 2233 Agnus
1231 2175 1308 2219 Dei
1326 2210 1336 2230 ,
1360 2190 1458 2219 6666
1475 2175 1551 2235 qui
1566 2174 1681 2219 tollit

292 2266 311 2289 »
347 2256 575 2306 peccatum
597 2245 751 2290 mundi
775 2246 806 2289 ⁴.
832 2265 851 2287 »
877 2248 1014 2291 Nemo
1036 2245 1116 2289 sibi
1135 2255 1332 2303 arroget,
1358 2255 1402 2290 61
1418 2246 1556 2300 dicat,
1578 2245 1680 2305 quia

288 2319 378 2377 ipse
397 2317 566 2361 auferat
589 2325 817 2376 peccatum
839 2316 1008 2360 mundi.
1034 2318 1131 2359 Jam
1150 2315 1381 2371 intendite,
1399 2325 1549 2360 contra
1571 2330 1680 2375 quos

289 2388 497 2446 superbos
539 2386 800 2431 intendebat
837 2385 1022 2444 digitum
1064 2388 1266 2429 Joannes.
1311 2385 1516 2430 Nondum
1557 2393 1679 2428 erant

288 2459 378 2501 nati
406 2458 598 2501 haeretici
615 2493 625 2512 ,
665 2467 707 2501 61
733 2458 823 2516 jam
860 2455 1204 2500 ostendebantur
1240 2475 1247 2499 ε
1282 2465 1432 2499 contra
1460 2455 1555 2499 illos
1590 2455 1679 2498 cla-

291 2528 440 2571 mabat
464 2537 569 2571 tunc
592 2543 614 2570 a
635 2527 785 2580 fluvio,
812 2535 961 2570 contra
992 2541 1100 2585 quos
1123 2526 1254 2569 modo
1278 2524 1435 2570 clamat
1458 2541 1507 2569 ex
1530 2527 1677 2570 Evan-

339 2620 345 2634 ¹
369 2615 459 2644 Ι101111,
482 2624 505 2652 1,
525 2612 632 2653 25-27
671 2628 702 2633 -
733 2618 744 2634 ²
770 2613 845 2643 Luci
868 2622 934 2651 xiv,
956 2622 1004 2642 11.
1023 2628 1063 2631 —
1081 2611 1170 2642 Joan.
1194 2623 1214 2650 ι,
1235 2612 1290 2650 ¹23,
1314 2620 1368 2653 29.
