1819 3301
324 264 406 303 248
765 273 797 301 S.
836 272 1064 301 AIYGUSTINI
1099 274 1277 301 Ertscom

320 340 577 401 Apostolus,
603 340 805 384 manibus
827 338 911 382 suis
930 339 1092 381 victum
1115 353 1241 380 suum
1260 336 1500 381 toleravit¹.
1525 355 1545 378 »
1565 341 1626 381 De
1643 339 1708 382 his

322 413 437 456 enim
462 410 544 455 alio
568 411 664 454 loco
687 409 792 452 dicit
818 428 826 452 2
857 427 873 449 «
912 410 963 451 Ut
987 417 1209 466 amputem
1236 409 1502 452 occasionem
1531 408 1604 462 iis,
1631 409 1709 468 qui

325 503 346 525 »
383 491 588 543 quaerunt
610 481 879 525 occasionem
894 481 925 521 2.
956 498 975 519 »
998 482 1259 539 Quanquam
1277 480 1466 534 etiamsi,
1492 489 1541 523 ut
1562 480 1709 524 caeteri

320 555 423 599 boni
448 551 671 612 Apostoli,
715 550 926 608 permissu
955 550 1123 593 Domini
1161 551 1214 593 de
1252 551 1490 609 Evangelio
1513 550 1705 605 viveret,

321 640 408 669 non
431 623 530 667 ideo
551 624 593 665 in
614 637 664 664 eo
686 621 803 664 victu
822 620 1105 664 constitueret
1122 621 1253 664 finem
1272 620 1613 678 evangelizandi,
1633 620 1709 665 sed
1734 660 1736 662 .

323 696 456 753 magis
479 694 610 752 ipsius
631 692 768 735 victus
801 693 865 735 sui
888 692 1019 734 finem
1049 691 1094 735 in
1119 692 1357 750 Evangelio
1379 691 1611 736 collocaret
1633 711 1642 736 z
1666 691 1710 735 id

323 775 407 820 est,
440 774 489 808 ut
508 763 705 822 superius
730 763 815 806 dixi
832 798 842 816 ,
864 778 952 806 non
970 762 1068 806 ideo
1087 762 1415 820 evangelizaret,
1437 772 1486 806 ut
1509 763 1712 822 perveni-

321 846 387 880 ret
409 836 462 879 ad
485 835 630 877 cibum
657 868 666 883 ‚
687 834 765 881 etsi
780 849 865 893 qua
887 842 989 876 sunt
1012 832 1091 876 alia
1115 833 1353 876 necessaria
1373 854 1383 889 3
1408 832 1484 876 sed
1513 832 1612 876 ideo
1634 834 1713 876 ista

322 915 534 958 sumeret,
561 913 609 948 ut
631 903 742 947 illud
757 903 971 962 impleret,
988 919 1042 946 ne
1065 912 1154 947 non
1170 903 1337 957 volens,
1364 903 1439 947 sed
1462 903 1714 947 necessitate

325 975 654 1034 evangelizaret.
684 977 775 1018 Hoc
799 973 915 1016 enim
933 974 1179 1032 improbat,
1204 989 1302 1017 cnm
1328 974 1432 1018 dicit
1458 993 1466 1017 ε
1497 973 1713 1017 «Nescitis
1762 1007 1767 1012 .

326 1066 347 1088 »
384 1046 592 1106 quoniam
610 1044 685 1104 qui
703 1044 747 1087 in
765 1043 930 1102 templo
952 1053 1210 1102 operantur,
1233 1060 1333 1104 quae
1351 1043 1406 1087 de
1428 1043 1592 1103 templo
1614 1051 1714 1087 sunt

326 1135 347 1158 n
383 1116 544 1170 edunt,
579 1123 623 1157 et
651 1114 726 1173 qui
749 1113 900 1157 altario
924 1113 1199 1167 deserviunt,
1232 1114 1383 1157 altario
1413 1113 1722 1172 compartiun-‘

326 1206 346 1229 n
383 1197 455 1232 tur
481 1206 488 1229 :
516 1186 573 1228 sic
607 1193 649 1228 et
672 1184 881 1228 Dominus
910 1183 1127 1228 ordinavit
1149 1185 1197 1228 iis
1231 1185 1307 1244 qui
1326 1184 1612 1243 Evangelium
1635 1200 1714 1228 an-

330 1276 351 1299 »
388 1256 618 1310 nuntiant,
645 1254 699 1298 de
722 1254 961 1311 Evangelio
982 1254 1127 1298 vivere
1150 1261 1264 1313 sego
1287 1263 1432 1298 autem
1456 1253 1620 1298 nullius
1634 1255 1718 1298 ho-

329 1347 349 1369 »
387 1342 484 1371 rum
508 1341 610 1369 usus
633 1340 743 1367 sum.
777 1343 795 1364 »
825 1324 934 1367 Hinc
966 1324 1155 1368 ostendit
1192 1325 1446 1383 permissum
1481 1339 1570 1367 esse
1589 1359 1599 1378 ,
1626 1339 1716 1368 non

323 1400 493 1457 jussum
522 1415 530 1440 ε
557 1394 750 1453 alioquin
773 1403 924 1437 contra
945 1403 1211 1452 praeceptum
1237 1394 1409 1437 Domini
1429 1392 1576 1437 fecisse
1591 1403 1716 1437 tene-

329 1470 463 1512 bitur.
503 1464 669 1510 Deinde
703 1465 898 1524 sequitur
918 1499 929 1518 ,
967 1474 1010 1507 et
1037 1464 1144 1508 dicit
1169 1483 1178 1509 :
1208 1483 1228 1506 «
1263 1467 1359 1508 Non
1390 1473 1536 1508 autem
1569 1465 1717 1523 scripsi

325 1539 447 1591 haec,
485 1545 536 1579 ut
556 1536 616 1578 ita
645 1534 752 1577 fiant
785 1535 830 1577 in
869 1548 953 1577 me.
980 1537 1150 1578 Bonum
1184 1543 1247 1578 est
1268 1534 1375 1577 mihi
1409 1534 1546 1592 magis
1581 1535 1713 1589 mori,

331 1627 352 1650 »
388 1621 519 1667 quam
558 1605 738 1663 gloriam
776 1620 917 1648 meam
940 1595 1170 1664 quisquam
1193 1606 1366 1648 inanem
1402 1604 1545 1648 faciat,
1577 1623 1596 1645 »
1626 1607 1717 1649 Hoc

330 1679 465 1731 dixit,
489 1677 590 1735 quia
617 1676 709 1734 jam
731 1683 962 1729 statuerat,
996 1683 1174 1733 propter
1206 1675 1419 1733 quosdam
1451 1675 1718 1719 occasionem

330 1755 595 1808 quaerentes,
633 1744 833 1788 manibus
869 1745 954 1788 suis
989 1744 1153 1787 victum
1181 1745 1415 1803 transigere
1440 1760 1449 1785 ι
1490 1764 1510 1786 «
1538 1745 1578 1789 Si
1605 1746 1719 1788 enim

333 1837 353 1859 »
390 1815 740 1873 evangelizavero
758 1849 768 1867 ,
793 1815 962 1873 inquit,
998 1829 1087 1857 non
1110 1823 1173 1857 est
1203 1814 1309 1857 mihi
1346 1814 1479 1873 gloria
1502 1834 1511 1859 ε
1533 1834 1549 1855 »
1570 1815 1615 1858 id
1638 1824 1716 1870 est,

330 1889 363 1931 si
385 1884 757 1943 evangelizavero,
784 1893 834 1926 ut
849 1885 927 1927 ista
949 1884 1056 1926 fiant
1077 1884 1121 1926 in
1143 1899 1228 1937 me,
1246 1883 1289 1927 id
1312 1894 1373 1928 est
1393 1919 1403 1937 ,
1435 1886 1468 1928 si
1493 1893 1721 1943 propterea

334 1957 683 2014 evangelizavero
700 1990 710 2008 ,
731 1964 780 1998 ut
803 1954 857 1998 ad
878 1954 951 1997 illa
978 1955 1224 2013 perveniam
1243 1990 1253 2010 ,
1280 1964 1323 1998 et
1344 1956 1473 1998 finem
1497 1955 1721 2014 Evangelii

334 2029 378 2071 in
396 2028 494 2071 cibo
524 2034 566 2069 ct
588 2036 693 2082 potu
714 2033 756 2067 et
768 2024 926 2068 vestitu
941 2024 1223 2068 collocavero.
1248 2024 1330 2068 Sed
1346 2040 1478 2084 quare
1496 2041 1585 2069 non
1603 2037 1667 2069 est
1684 2026 1722 2068 ei

335 2098 498 2156 gloria?
524 2092 547 2137 (ι’
569 2095 802 2140 Necessitas
825 2094 967 2148 enim,
1007 2094 1182 2153 inquit,
1208 2094 1315 2137 mihi
1353 2095 1568 2139 incumbit
1593 2114 1601 2139 z
1631 2113 1651 2136 »
1676 2094 1723 2138 id

334 2178 418 2223 est,
437 2166 596 2211 ntideo
619 2164 932 2223 evangelizem,
953 2165 1054 2224 quia
1076 2164 1194 2208 unde
1211 2165 1352 2209 vivam
1369 2181 1457 2209 non
1470 2166 1627 2221 habeo,
1647 2174 1722 2210 aut

334 2248 386 2282 ut
407 2237 627 2297 acquiram
656 2234 938 2294 temporalem
962 2234 1153 2278 fructum
1173 2234 1228 2278 de
1257 2235 1565 2293 praedicatione
1596 2245 1722 2279 aeter-

339 2324 496 2353 norum
521 2324 532 2351 .·
569 2308 628 2351 sic
656 2307 771 2350 enim
789 2307 879 2366 jam
908 2307 1136 2350 necessitas
1165 2307 1244 2349 erit
1269 2306 1313 2349 in
1337 2307 1572 2364 Evangelio
1595 2343 1606 2362 ,
1633 2323 1722 2352 non

335 2379 550 2424 voluntas.
580 2396 600 2419 «
626 2380 702 2421 Vae
721 2377 835 2419 enim
856 2377 961 2419 mihi
983 2385 1069 2430 est,
1095 2376 1259 2435 inquit,
1280 2376 1313 2419 si
1342 2392 1429 2419 non
1451 2378 1721 2436 evangeliza-

338 2468 358 2489 »
394 2465 511 2493 vero.
541 2466 560 2488 »
585 2447 668 2492 Sed
691 2447 913 2506 quomodo
935 2446 1067 2490 debet
1089 2446 1405 2503 evangelizare?
1423 2446 1585 2491 scilicet
1603 2457 1651 2491 ut
1676 2449 1723 2492 in

334 2520 426 2576 ipso
442 2517 674 2574 Evangelio
697 2526 739 2560 et
760 2517 804 2559 in
828 2531 961 2574 regno
985 2517 1059 2561 Dei
1078 2526 1210 2575 ponat
1229 2517 1473 2561 mercedem
1495 2518 1577 2562 :ita
1601 2518 1717 2561 enim

391 2608 397 2623 ¹
418 2605 488 2633 Act.
504 2612 557 2641 xx,
579 2600 629 2642 34.
651 2618 689 2623 -—
713 2608 724 2623 ²
745 2609 763 2632 2
783 2602 855 2633 Cor.
872 2612 914 2641 xi,
942 2609 991 2632 19..
