1819 3301
371 284 427 322 96
802 292 835 320 s.
872 294 1102 323 Ancns‘mm
1135 295 1316 324 museom

369 375 471 405 eum
491 359 691 406 viderant
713 360 1009 414 resurrexisse,
1036 359 1213 420 quando
1231 361 1320 421 jam
1338 369 1380 404 et
1397 361 1476 420 ipsi
1499 370 1595 420 post
1612 376 1759 406 resur-

368 432 606 478 rectionem
628 432 753 477 toties
775 447 875 476 eum
895 430 1095 476 viderant
1110 466 1121 487 ,
1147 441 1189 476 et
1211 432 1395 476 maxime
1416 432 1508 491 ipso
1530 432 1757 488 diexresur·

366 503 569 547 rectionis
586 503 699 561 ejus,
725 500 769 545 id
786 511 848 545 est
862 536 872 556 ,
894 516 981 544 una
997 501 1166 545 sabbati
1186 502 1276 562 jam
1299 502 1410 546 circa
1428 511 1620 558 noctem,
1645 503 1758 548 sicut

367 576 505 617 Lucas
543 575 819 632 Joannesquc
856 580 1199 616 commemorant
1216 574 1263 616 1?
1291 575 1504 616 Remanet
1539 572 1672 631 igitur
1707 582 1758 618 ut

365 643 657 701 intelligamus
688 642 891 687 eumdem
928 643 1044 688 diem
1080 645 1404 689 resurrectionis
1425 645 1515 705 ejus
1532 679 1543 699 ,
1586 645 1632 689 id
1667 654 1752 702 est,

366 730 497 759 unam
519 715 704 770 sabbati,
722 715 899 776 quando
923 731 1024 760 eum
1046 725 1145 776 post
1161 715 1407 760 diluculum
1425 715 1534 761 vidit
1556 717 1691 761 Maria
1713 726 1757 761 et

365 785 459 829 aliae
481 801 582 830 cum
610 785 683 830 illa
706 785 908 831 mulieres
924 821 935 842 ,
956 787 1134 846 quando
1152 786 1282 830 etiam
1305 790 1486 842 Petrus,
1511 788 1690 847 quando
1712 797 1756 833 et

363 855 425 900 illi
448 856 536 901 duo
564 872 751 917 quorum
775 873 888 901 unus
912 865 1003 900 erat
1032 856 1269 916 Cleophas,
1294 873 1404 917 quos
1432 857 1607 902 videtur
1624 859 1755 902 etiam

362 925 479 971 idem
512 930 684 973 Marcus
720 942 1061 972 commemorare
1078 962 1088 982 ,
1129 927 1423 989 quando-jam
1446 928 1557 972 circa
1581 937 1756 974 noctem

363 996 427 1041 illi
456 998 661 1043 undecim
695 999 882 1057 (praeter
921 998 1167 1056 Thomam)
1194 1006 1237 1042 et
1268 998 1343 1058 qui
1378 1014 1480 1042 cum
1511 999 1570 1043 eis
1604 1008 1752 1055 erant,

363 1068 544 1128 quando
561 1070 620 1113 eis
637 1078 681 1112 et
696 1069 765 1113 isti
781 1072 797 1095 ²
815 1068 935 1129 quod
948 1068 1147 1113 viderant
1162 1078 1462 1125 narraverunt,
1484 1086 1602 1116 nunc
1624 1071 1755 1115 etiam

362 1143 561 1185 Marcum
590 1155 711 1184 more
749 1155 826 1183 suo
864 1138 1054 1183 breviter
1083 1155 1425 1184 commemorare
1451 1140 1638 1185 voluisse
1662 1162 1673 1198 ·,
1713 1150 1756 1185 et

362 1211 462 1256 idco
501 1210 657 1255 dixisse
685 1230 694 1254 ε
727 1229 746 1252 «
770 1211 1033 1265 Novissime,
1063 1229 1082 1251 >›
1118 1212 1219 1270 quia
1243 1211 1335 1270 ipso
1357 1211 1427 1255 die
1460 1213 1543 1256 hoc
1575 1212 1756 1257 novissi-

362 1299 482 1327 mum
502 1282 586 1327 suit
600 1319 610 1339 ,
626 1284 716 1342 jam
734 1282 969 1342 incipiente
997 1292 1215 1327 nocturno
1233 1292 1445 1342 tempore,
1470 1293 1755 1343 posteaquam

361 1353 422 1397 illi
446 1354 500 1398 de
522 1353 698 1398 castello
716 1388 726 1408 ,
752 1353 829 1397 ubi
854 1368 954 1396 eum
977 1353 1023 1396 in
1059 1352 1270 1396 fractione
1302 1353 1425 1413 panis
1459 1363 1750 1412 agnoverant,

363 1425 588 1469 redierunt
605 1425 649 1468 in
673 1423 911 1468 Jerusalem
927 1458 937 1478 ,
960 1433 1002 1467 et
1026 1424 1309 1478 inyenerunt,
1334 1424 1445 1468 sicut
1467 1424 1571 1468 dicit
1591 1428 1750 1479 Lucas,

362 1495 458 1540 illos
480 1495 682 1539 undecim
701 1530 712 1549 ,
734 1503 775 1538 et
798 1509 869 1537 eos
892 1494 968 1554 qui
990 1509 1092 1537 cum
1114 1493 1196 1537 illis
1220 1503 1342 1537 erant
1359 1530 1370 1549 ,
1385 1496 1474 1555 jam
1495 1494 1752 1554 colloquen-
1816 1512 1819 1528 ι

362 1576 425 1611 tes
454 1567 508 1611 de
536 1565 850 1610 resurrectione
871 1565 1065 1619 Domini,
1088 1574 1131 1608 et
1153 1564 1274 1624 quod
1305 1566 1418 1609 visus
1439 1566 1573 1610 fuerit
1591 1569 1719 1610 Petro
1740 1585 1749 1610 ε

362 1639 522 1698 quibus
551 1647 594 1681 et
625 1637 706 1696 ipsi
733 1645 1020 1680 narraverunt
1047 1636 1168 1695 quod.
1201 1636 1247 1678 in
1280 1636 1348 1679 via
1371 1646 1539 1694 gestum
1562 1645 1679 1690 erat,
1711 1645 1754 1680 et

361 1709 585 1768 quomodo
607 1722 708 1751 eum
731 1707 1017 1765 cognoverint
1049 1706 1094 1749 in
1122 1705 1329 1750 fractione
1358 1707 1495 1765 panis.
1524 1707 1608 1751 Sed
1630 1715 1754 1750 erant

360 1780 420 1824 ibi
454 1780 605 1840 utique
628 1794 718 1823 non
739 1777 964 1822 credentes
992 1796 1000 1820 ε
1027 1776 1145 1820 unde
1165 1792 1317 1820 verum
1349 1786 1411 1821 est
1432 1777 1553 1837 quod
1581 1780 1753 1822 Marcus

362 1851 469 1896 dicit
490 1871 498 1896 ;
529 1872 549 1894 «
568 1854 656 1897 Nec
678 1849 762 1894 illis
785 1848 1080 1894 crediderunt.
1110 1866 1130 1889 »
1157 1848 1232 1892 His
1253 1863 1354 1905 ergo
1368 1849 1457 1907 jam
1473 1883 1483 1903 ,
1504 1848 1616 1892 sicut
1632 1852 1752 1893 Mar-

362 1940 437 1970 cus
466 1923 572 1968 dicit
589 1959 600 1978 ,
638 1920 1042 1975 discumbentibus,
1081 1928 1125 1963 et
1152 1918 1295 1964 adhuc
1317 1918 1446 1974 inde,
1472 1920 1583 1964 sicut
1614 1923 1752 1966 Lucas

362 1995 483 2049 dicit,
507 1993 788 2054 loquentibus
804 2026 815 2047 ,
841 1989 959 2035 stetit
973 1989 1019 2033 in
1036 1987 1180 2033 medio
1202 2004 1352 2033 eorum
1374 1989 1607 2045 Dominus,
1634 2000 1676 2034 et
1692 1990 1752 2035 ait

361 2066 444 2111 illis
471 2085 480 2110 :
504 2084 525 2107 «
544 2068 631 2109 Pax
649 2063 772 2109 vobis
789 2098 800 2118 ,
823 2081 843 2104 »
875 2062 987 2105 sieut
1008 2064 1146 2104 Lucas
1171 2069 1214 2104 et
1232 2062 1419 2104 Joannes
1438 2079 1446 2104 :
1473 2058 1586 2104 sores
1604 2070 1750 2105 autem

361 2137 519 2182 elausae
542 2144 690 2190 erant,
727 2148 828 2178 cum
851 2131 906 2176 ad
934 2147 1005 2176 eos
1034 2131 1236 2185 intravit,
1266 2130 1387 2191 quod
1417 2130 1533 2175 solus
1560 2134 1750 2176 Joannes

361 2215 689 2254 commemorat.
714 2202 869 2248 Verbis
897 2202 1043 2261 itaque
1066 2201 1240 2246 Domini
1255 2216 1354 2260 quae
1378 2211 1483 2245 tunc
1504 2217 1605 2245 eum
1622 2202 1749 2246 locu-

360 2291 454 2327 tum
477 2295 566 2325 esse
578 2276 808 2336 Discipulis
829 2279 967 2319 Lucas
986 2277 1264 2333 Joannesque
1286 2273 1489 2317 dixerunt
1503 2275 1542 2329 3,
1560 2273 1750 2333 interpo-
1802 2276 1803 2280 ’

360 2352 480 2396 nitur
501 2360 545 2395 et
576 2349 651 2394 illa
676 2345 951 2407 exprobratio
974 2343 1028 2388 de
1054 2360 1141 2403 qua
1169 2346 1341 2388 Marcus
1363 2343 1494 2399 dicit,
1519 2343 1641 2404 quod
1658 2360 1748 2389 non
1800 2363 1802 2365 ’

362 2421 627 2468 crediderint
644 2419 703 2463 eis
725 2418 800 2478 qui
823 2432 922 2461 cum
945 2414 1223 2460 resurrexisse
1245 2413 1458 2459 viderant.

419 2494 618 2537 LXXVI.
647 2488 732 2536 Sed
751 2489 836 2533 hoc
859 2502 1006 2532 rursus
1024 2494 1195 2541 movet,
1219 2485 1441 2545 quomodo
1464 2485 1746 2530 discumben-

412 2598 420 2613 ¹
448 2592 525 2622 Luc.
546 2600 632 2630 xxiv,
665 2599 696 2629 1,
715 2591 749 2620 et
776 2588 868 2618 Joan.
901 2595 956 2626 xx,
995 2594 1046 2626 19.
1065 2600 1107 2606 —
1136 2589 1149 2606 ¹
1171 2581 1326 2625 Cleophas
1345 2585 1379 2616 et
1406 2582 1485 2615 alius
1501 2582 1681 2626 discipulus.
1703 2599 1745 2607 —
1796 2595 1797 2600 ¹

365 2645 378 2671 3
397 2648 473 2679 Luc.
497 2656 585 2686 xxiv,
608 2644 663 2686 37,
679 2647 713 2676 et
729 2644 822 2675 Joan.
843 2651 898 2682 xx,
920 2651 970 2682 ¹9-
