1819 3301
371 247 455 284 212
808 256 841 285 s.
878 258 1108 286 Aucus‘nm
1141 259 1322 285 EPISCOPI

363 322 733 384 Quandoquidem
763 324 893 368 multi
929 323 1070 368 multa
1093 324 1382 367 mentiuntur.
1419 325 1694 384 Quapropter
1720 323 1754 369 si

360 393 535 438 dextera
565 394 824 438 intrinsecus
847 395 936 454 agit
962 395 1007 438 in
1030 393 1288 439 abscondito
1305 430 1316 450 ‚
1342 394 1397 438 ad
1419 394 1631 438 sinistram
1661 410 1755 454 per-

364 465 507 510 tinent
526 466 670 510 omnia
690 466 899 509 exteriora
915 500 925 520 ,
957 481 1057 526 quae
1087 474 1188 510 sunt
1209 465 1394 510 visibilia
1417 475 1461 509 et
1481 465 1750 526 temporalia.

368 536 431 582 Sit
450 552 553 596 ergo
575 536 849 593 eleemosyna
865 545 940 580 tua
961 537 1005 580 in
1026 537 1119 597 ipsa
1133 537 1395 583 conscientia
1412 546 1510 592 tua,
1532 537 1610 580 ubi
1627 535 1755 581 multi

365 606 685 665 eleemosynam
710 605 876 652 faciunt
894 608 1009 652 bona
1031 607 1282 664 voluntate,
1307 608 1434 652 etiam
1456 608 1489 652 si
1505 608 1752 668 pecuniam,

363 677 434 722 vel
459 677 494 722 si
523 677 632 739 quid
665 676 810 733 aliud,
846 677 967 738 quod
1000 678 1119 738 inopi
1141 678 1413 736 largiendum
1435 687 1499 722 est
1515 713 1526 733 ,
1564 694 1654 723 non
1674 679 1755 723 ha-

367 747 489 792 bent.
529 747 657 793 Multi
693 757 839 793 autem
868 748 972 793 foris
1006 748 1196 804 faciunt,
1232 758 1274 793 et
1295 750 1413 794 intus
1442 764 1531 794 non
1561 747 1751 805 faciunt,

361 819 439 878 qui
460 818 532 863 vel
554 819 812 875 ambitione,
837 819 907 864 vel
935 819 1115 880 alicujus
1139 820 1199 863 rei
1228 819 1478 879 temporalis
1506 820 1641 879 gratia
1673 835 1753 865 vo-

362 889 462 934 lunt
494 890 789 935 misericordes
818 890 980 945 videri,
1010 891 1056 934 in
1094 890 1256 950 quibus
1277 890 1366 935 sola
1395 890 1564 934 sinistra
1585 891 1754 950 operari

362 961 646 1006 existimanda
682 971 759 1006 est.
796 965 905 1006 Item
929 961 1000 1005 alii
1029 961 1153 1021 quasi
1183 960 1377 1006 medium
1410 961 1524 1005 inter
1544 971 1753 1022 utrosque

362 1031 511 1077 locum
534 1042 706 1088 tenent,
739 1041 788 1077 ut
811 1042 853 1077 et
876 1032 1120 1077 intentione
1143 1048 1242 1093 quae
1265 1033 1310 1076 in
1330 1036 1469 1076 Deum
1489 1041 1553 1077 est
1573 1032 1754 1078 eleemo-

363 1090 515 1162 synam
551 1104 737 1160 faciant,
764 1113 806 1148 et
830 1114 977 1149 tamen
1000 1104 1158 1148 inserat
1180 1120 1223 1148 se
1246 1104 1348 1148 huic
1383 1105 1558 1164 optimae
1594 1103 1754 1149 volun-

360 1177 439 1220 tati
462 1176 677 1221 nonnulla
699 1177 829 1220 etiam
849 1175 989 1219 laudis
1009 1175 1076 1220 vel
1102 1178 1277 1236 cujusce
1302 1176 1362 1219 rei
1391 1176 1553 1235 fragilis
1576 1184 1618 1220 et
1641 1184 1754 1220 tem-

360 1248 519 1307 poralis
541 1247 771 1307 cupiditas.
798 1246 881 1292 Sed
903 1248 1112 1292 Dominus
1131 1256 1276 1291 noster
1291 1246 1429 1292 multo
1451 1247 1753 1292 vehementius

361 1319 568 1378 prohibet
589 1318 725 1363 solam
747 1318 960 1362 sinistram
983 1318 1029 1361 in
1052 1318 1176 1362 nobis
1198 1318 1365 1377 operari
1385 1353 1395 1373 ‚
1421 1317 1599 1378 quando
1622 1318 1753 1362 etiam

361 1390 531 1434 misceri
548 1405 642 1434 cam
659 1398 777 1434 vetat
795 1389 999 1449 operibus
1017 1388 1204 1433 dexterae
1226 1408 1234 1434 ε
1261 1399 1310 1434 ut
1331 1389 1493 1434 scilicet
1510 1405 1598 1433 non
1620 1388 1752 1434 modo
1818 1423 1819 1426 ,

360 1461 451 1505 sola
478 1460 782 1521 temporalium
809 1477 955 1505 rerum
987 1461 1225 1521 cupiditate
1257 1477 1482 1506 caveamus
1513 1461 1752 1520 eleemosy-

361 1548 464 1577 nam
486 1533 628 1578 facere
650 1554 660 1591 3
683 1532 759 1577 sed
776 1548 855 1577 nec
877 1533 935 1577 ita
965 1533 1011 1577 in
1028 1534 1112 1578 hoc
1135 1549 1264 1593 opere
1287 1532 1563 1578 attendamus
1581 1536 1720 1577 Deum
1738 1568 1750 1589 ‚

361 1613 412 1648 ut
429 1619 518 1648 sese
531 1604 710 1648 misceat
730 1606 798 1649 vel
820 1604 1028 1664 adjungat
1051 1604 1309 1649 exteriorum
1335 1605 1543 1664 appetitio
1562 1619 1751 1649 commo-

362 1675 537 1721 dorum.
563 1676 721 1734 Agitur
744 1676 861 1719 enim
879 1676 934 1719 de
957 1675 1087 1721 corde
1109 1677 1365 1721 mundando
1381 1712 1391 1731 ‚
1413 1676 1533 1736 quod
1555 1676 1634 1720 nisi
1651 1668 1752 1721 fue2

363 1748 420 1791 rit
440 1747 621 1806 simplex
641 1782 651 1802 ,
671 1746 890 1791 mundum
913 1763 1001 1792 non
1023 1748 1118 1791 erit.
1147 1747 1338 1807 Simplex
1360 1756 1506 1791 autem
1528 1746 1751 1808 quomodo

365 1818 446 1862 erit
467 1818 501 1862 si
524 1817 697 1861 duobus
724 1816 909 1861 dominis
931 1818 1061 1862 servit
1079 1853 1089 1872 7
1121 1833 1201 1862 nec
1231 1834 1319 1862 una
1343 1817 1587 1862 intentic'me
1607 1833 1750 1863 rerum

364 1898 625 1933 aeternarum
640 1888 838 1947 purificat
860 1888 992 1932 aciem
1017 1904 1155 1944 suam,
1172 1888 1247 1933 sed
1268 1905 1361 1932 eam
1379 1889 1628 1933 mortalium
1648 1905 1757 1949 quo-

365 1975 451 2020 que
469 1958 776 2019 fragiliumque
799 1974 945 2002 rerum
967 1974 1115 2003 amore
1138 1958 1432 2003 obnubilatP«
1445 1960 1507 2004 Sit
1520 1975 1622 2018 ergo
1646 1959 1756 2004 elee-

369 2048 390 2073 »
425 2046 604 2088 mosyna
641 2039 716 2074 tua
748 2030 793 2073 in
816 2029 1070 2075 abscondito
1097 2049 1104 2074 :
1127 2040 1170 2074 et
1190 2034 1316 2075 Pater
1335 2039 1435 2074 tuus
1462 2031 1538 2090 qui
1559 2030 1679 2075 videt
1709 2031 1756 2076 in
1817 2056 1819 2061 ¹

370 2119 392 2143 »
427 2101 707 2155 abscondito,
734 2100 888 2144 reddet
905 2101 1000 2144 tibi.
1029 2119 1049 2142 »
1075 2101 1329 2145 Rectissime
1353 2101 1531 2146 omnino
1554 2110 1597 2146 et
1617 2103 1755 2147 veris-
1818 2101 1819 2112 ¹

368 2172 490 2217 sime.
526 2172 569 2217 Si
591 2171 707 2216 enim
737 2172 965 2231 praemium
1001 2171 1056 2215 ab
1089 2186 1140 2216 eo
1163 2180 1360 2231 expectas
1384 2171 1459 2232 qui
1481 2168 1755 2217 conscientiae
1818 2223 1819 2232 γ

370 2243 488 2289 solus
515 2243 734 2302 inspector
757 2251 846 2297 est,
877 2242 1063 2286 sufficiat
1099 2241 1177 2286 tibi
1207 2241 1260 2286 ad
1283 2242 1620 2302 promerendum
1643 2258 1756 2302 prae-

370 2315 508 2370 mium
543 2314 634 2374 ipsa
661 2312 937 2358 conscientia.
969 2311 1109 2357 Multa
1142 2311 1275 2356 latina
1312 2312 1570 2373 exemplaria
1593 2314 1651 2358 sic
1679 2314 1758 2357 ha-

373 2387 495 2441 bent,
525 2404 544 2427 «
564 2387 621 2429 Et
638 2388 764 2429 Pater
782 2392 883 2427 tuus
906 2383 980 2444 qui
1002 2382 1119 2427 videt
1136 2383 1181 2426 in
1203 2383 1476 2437 abscondito,
1503 2383 1655 2428 reddet
1676 2384 1757 2427 tibi

374 2475 396 2499 »
431 2456 574 2516 palam
602 2475 610 2501 :
639 2474 659 2496 »
685 2455 761 2500 sed
789 2454 891 2515 quia
919 2455 963 2498 in
986 2455 1182 2513 graecis²‚
1214 2471 1313 2515 qum
1346 2455 1488 2515 priora
1510 2463 1640 2510 sunt,
1666 2470 1757 2500 non

422 2557 432 2575 ¹
454 2554 568 2584 Contra
584 2551 677 2584 hodic
697 2553 726 2583 in
745 2551 859 2584 Graccis
883 2550 1063 2591 iuvenitur,
1082 2550 1187 2583 nonin
1205 2551 1334 2583 Latiu's.
