1819 3301
268 260 321 285 DE
353 257 560 285 CONSENSU
595 255 975 293 EvAixGEmsTAuuM
997 272 1007 290 ‚
1044 256 1124 280 LlB.
1164 256 1222 280 iv.
1356 244 1438 280 119

60 332 103 378 et
130 326 299 368 Marcus
320 322 441 383 quod
472 332 599 380 cogat
631 337 728 365 cum
751 321 896 380 aliquo
920 320 1184 379 comparari,
1211 318 1264 362 ad
1295 320 1441 379 inqui-

61 393 247 437 rendum
269 408 324 436 ne
352 391 460 452 quid
483 406 724 450 repugnare
740 389 953 443 videatur.

60 548 199 563 MMRW
204 544 1331 569 mmmmmmmmmmmmmmmm
1335 543 1441 558 mlv}-

543 663 758 719 CAPUT
808 664 939 711 Vnt.

61 805 138 850 De
169 805 372 868 prologo
408 804 673 866 Eoczngelzz
713 804 881 859 Lucce,
928 804 1164 861 quomodo
1212 815 1448 866 congruat

262 877 500 936 pri'ncipzo
525 874 634 919 libra
651 875 863 930 Aetnam
879 872 1236 934 Apostolorum.

122 1010 199 1058 IX.
234 1011 356 1052 vac
389 1023 491 1065 ergo
528 1007 730 1066 deinceps
756 1010 885 1061 Lucae
918 1007 1205 1069 Evangelium
1229 1022 1279 1050 ex
1297 1007 1448 1050 ordine

61 1086 389 1135 pertractemus,
411 1076 598 1153 exceptis
622 1076 679 1119 eis
694 1092 809 1135 quae
802 1076 934 1119 habet
949 1092 1047 1119 cum
1063 1077 1271 1119 Matthaeo
1284 1079 1448 1131 Marco-

61 1162 146 1206 que
161 1147 434 1190 communia·
426 1146 667 1205 ,quoniam
687 1145 789 1189 illa
775 1161 864 1205 jam
889 1146 1031 1203 onmia
1056 1155 1312 1204 pertractata
1330 1157 1444 1191 sunt.

64 1217 131 1274 Sic
155 1232 257 1274 ergo
285 1216 438 1276 incipit
460 1219 597 1259 Lucas
623 1235 630 1259 ε
672 1235 691 1257 «
717 1216 932 1273 Quoniam
956 1216 1133 1275 quidem
1158 1216 1283 1259 multi
1306 1219 1450 1261 conati

65 1304 84 1325 »
119 1294 220 1328 sunt
243 1285 442 1328 ordinare
466 1285 755 1328 narrationem
782 1301 880 1345 quse
897 1285 939 1327 in
960 1285 1084 1328 nobis
1101 1285 1328 1344 completae
1346 1297 1449 1331 sunt

65 1372 84 1394 »
121 1369 288 1408 rerum,
316 1354 426 1396 sicut
457 1353 728 1397 tradiderunt
751 1355 875 1398 nobis
898 1355 1052 1414 quial)
1080 1355 1203 1398 initio
1226 1355 1302 1414 ipsi
1328 1355 1450 1401 vide-

4 1474 7 1478 ·
66 1443 84 1463 n
121 1433 224 1466 runt
255 1433 297 1466 et
319 1423 502 1466 ministri
526 1423 704 1467 fuerunt
736 1425 942 1467 sermonis
971 1425 1141 1467 :visum
1177 1434 1238 1468 est
1269 1434 1311 1468 et
1344 1428 1450 1471 mihi

65 1512 85 1534 »
121 1503 313 1537 assecuto
345 1509 367 1536 a
390 1494 602 1552 principio
635 1494 837 1537 omnibus
865 1493 1096 1553 diligenter
1121 1511 1171 1538 ex
1194 1495 1345 1539 ordine
1370 1497 1448 1541 tibi

65 1582 83 1603 »
119 1562 305 1606 scribere
326 1597 336 1617 ‚
368 1563 530 1620 optime
555 1563 816 1622 Theophile,
845 1574 893 1606 ut
914 1579 1145 1621 cognoscas
1177 1581 1326 1608 eorum
1358 1582 1449 1609 ver-

64 1651 85 1674 »
120 1633 277 1676 borum
299 1633 353 1676 de
377 1633 537 1692 quibus
561 1634 755 1676 eruditus
779 1649 821 1676 es
841 1668 851 1687 ‚
876 1635 1100 1677 veritatem
1118 1636 1147 1678 1.
1178 1653 1197 1674 »
1220 1637 1312 1679 Hoc
1335 1638 1447 1695 prin-

62 1702 223 1760 cipium
249 1701 302 1744 ad
324 1700 549 1759 Evangelii
573 1702 864 1745 narrationem
897 1702 1095 1745 nondum
1128 1704 1328 1770 pertinet.
1358 1705 1454 1749 Act--

62 1780 210 1814 monet
234 1780 379 1813 autem
410 1780 458 1813 ut
482 1772 728 1814 noverimus
750 1772 950 1815 eumdem
979 1775 1141 1815 Lucam
1173 1774 1301 1817 etiam
1325 1775 1450 1820 illum

63 1840 223 1884 librum
256 1840 495 1897 scripsisse,
529 1840 604 1898 qui
632 1844 766 1884 Actus
789 1841 1097 1898 Apostolorum
1130 1856 1331 1899 vocatur,
1364 1862 1453 1890 non

57 1910 202 1953 solum
223 1911 323 1969 quia
343 1909 572 1968 Theophili
591 1925 750 1953 nomen
772 1910 901 1952 etiam
927 1910 1012 1953 illic
1033 1911 1170 1969 inest3
1191 1929 1288 1956 nam
1308 1901 1450 1975 posset

31 1997 34 2000 “
66 1981 181 2032 fieri,
211 1990 257 2022 ut
279 1988 321 2022 et
343 1979 450 2022 alius
477 1978 633 2038 aliquis
664 1980 929 2043 Theophilus
952 1990 1081 2035 esset,
1107 1991 1148 2025 et
1170 1983 1203 2025 si
1227 1984 1341 2027 idem
1365 1987 1453 2045 ipse

67 2058 170 2092 esset
191 2049 245 2091 al)
276 2047 359 2091 alio
385 2049 439 2091 ad
468 2047 591 2091 illum
624 2047 789 2107 aliquid
823 2049 1106 2103 scriberetur,
1143 2051 1252 2095 sicut
1285 2070 1306 2096 a
1336 2057 1451 2099 Luca

68 2116 353 2174 Evangelium
385 2136 392 2159 :
426 2118 501 2159 sed
529 2117 629 2175 quia
654 2127 695 2160 et
723 2117 782 2159 ibi
806 2118 863 2160 ita
887 2133 1059 2162 exorsus
1081 2129 1144 2163 est
1172 2130 1219 2163 ut
1253 2122 1414 2167 diceret
1441 2145 1449 2169 ;

73 2207 92 2228 «
128 2187 320 2229 Primum
343 2185 520 2244 quidem
542 2201 783 2229 sermonem
807 2186 889 2229 feci
913 2187 967 2230 de
991 2189 1192 2232 omnibus
1212 2225 1222 2243 ,
1260 2207 1285 2234 o
1311 2193 1453 2238 Theo-

72 2275 91 2296 »
129 2254 261 2314 phile,
288 2271 386 2314 quss
405 2255 539 2312 eoepit
561 2257 683 2298 Jesus
706 2254 851 2298 facere
865 2265 906 2299 et
924 2255 1094 2311 docere,
1119 2275 1255 2318 usque
1276 2261 1319 2303 in
1338 2261 1452 2307 diem

73 2344 93 2366 »
129 2326 216 2384 quo
240 2325 454 2383 Apostolis
478 2341 585 2384 quos
608 2325 755 2382 elegit,
777 2341 852 2384 per
880 2327 1085 2384 Spiritum
1110 2339 1305 2373 sanetum
1330 2348 1454 2376 man-

74 2413 93 2436 »
129 2395 235 2438 dans
253 2394 379 2452 jussit
412 2394 643 2452 praedicare
675 2395 960 2453 Evangelium
985 2400 1000 2422 ‘²
1030 2417 1037 2441 ;
1077 2417 1095 2438 »
1122 2397 1241 2443 dedit
1271 2401 1454 2462 intelligi

71 2463 293 2523 quodjam
315 2463 528 2521 scripserit
560 2463 785 2522 Evangelii
810 2464 973 2508 librum
1003 2482 1140 2510 unum
1161 2484 1210 2511 ex
1233 2480 1420 2528 quatuor
1440 2509 1450 2527 ‚

122 2556 412 2598 'Luc.i,1-4.-
435 2565 448 2579 ¹
468 2560 535 2589 Act.
553 2569 576 2597 i,
603 2570 632 2597 1,
651 2566 683 2589 2.
