1819 3301
374 319 511 347 SERMO
543 319 700 346 nomm
732 319 778 346 IN
809 318 984 356 MONTE,
1019 318 1101 344 nn.
1137 319 1167 344 1,
1373 307 1457 346 187

84 402 101 424 »
137 397 225 426 non
257 381 526 427 maledices1.
562 400 581 423 »
620 382 703 426 Ubi
728 382 917 426 ostendit
945 389 1109 442 quanta
1145 380 1458 441 tranquillitate

77 450 187 494 illud
215 451 421 507 dixisset,
446 451 564 512 quod
597 452 729 494 iratus
751 451 902 495 dixisse
930 451 1180 506 videbatur,
1219 452 1338 511 quod
1371 461 1457 495 tam

77 521 164 565 cito
183 556 192 576 ,
219 531 307 566 tam
329 531 552 566 mansuete
570 522 792 580 respondit
811 557 821 576 ,
842 522 962 581 quod
981 522 1036 565 ab
1064 521 1393 579 indignantibus
1416 531 1459 565 et

75 593 337 651 perturbatis
360 593 453 636 fieri
480 608 568 636 non
591 601 745 651 potest.
768 596 824 636 Et
840 594 884 635 in
906 608 957 637 eo
984 593 1077 652 ipso
1113 592 1458 651 intelligentibus

76 678 225 707 Verum
243 662 373 707 dixit:
391 663 585 708 «Nescivi
599 662 700 722 quia
718 663 918 722 princeps
935 672 997 706 est
1009 662 1280 707 sacerdotum
1300 682 1342 708 z»
1361 672 1458 708 tan-

75 748 205 792 quam
224 734 258 776 si
281 732 443 777 diceret
462 768 472 787 ,
495 736 588 791 Ego
611 733 741 776 alium
760 733 862 776 scivi
891 733 1130 792 principem
1165 733 1453 790 sacerdotum,

74 818 153 861 pro
175 804 297 862 cujus
319 803 495 846 nomine
512 803 589 846 ista
608 802 814 858 sustineo,
833 803 902 846 cui
922 801 1176 846 maledicere
1193 803 1254 846 fas
1272 819 1362 847 non
1376 813 1454 858 est,

74 881 116 915 et
142 872 212 916 cui
233 888 308 916 vos
345 871 597 916 maledicitis
613 907 623 926 ,
654 888 755 916 cum
776 873 820 915 in
845 888 913 915 me
937 872 1047 916 nihil
1070 871 1188 916 aliud
1210 889 1341 932 quam
1365 875 1457 933 ejus

74 941 223 986 odistis
245 957 420 986 nomen.
446 942 511 986 Sic
535 957 635 999 ergo
652 950 824 1001 oportet
845 958 933 987 non
951 942 1149 987 simulate
1170 943 1248 987 ista
1275 945 1453 1003 jactare,

72 1012 148 1057 sed
182 1013 227 1056 in
263 1013 355 1071 ipso
386 1012 517 1056 corde
542 1028 631 1056 esse
648 1013 703 1057 ad
725 1014 870 1057 omnia
903 1023 1214 1072 praeparatum,
1249 1023 1298 1058 ut
1326 1016 1457 1073 possit

72 1098 225 1127 canere
253 1083 365 1126 illud
391 1084 693 1142 propheticum
710 1119 720 1137 ,
750 1103 769 1125 «
796 1087 998 1128 Paratum
1022 1100 1095 1128 cor
1130 1099 1293 1137 meum,
1316 1087 1452 1139 Deus,

76 1170 96 1194 »
118 1162 315 1212 paratum
328 1169 403 1197 cor
419 1155 606 1197 meum2.
618 1171 636 1193 η
648 1154 776 1198 Multi
793 1154 907 1196 enim
923 1153 1099 1197 alteram
1116 1153 1334 1198 maxillam
1350 1170 1456 1214 prae-

73 1223 175 1266 bere
196 1233 414 1267 noverunt
430 1259 440 1278 ,
467 1222 644 1280 diligere
665 1239 767 1267 vero
784 1223 909 1266 illum
924 1239 946 1266 a
969 1239 1056 1283 quo
1080 1222 1296 1267 feriuntur
1328 1225 1454 1282 igno-

72 1301 182 1336 rant.
219 1296 275 1336 At
297 1308 398 1337 vero
431 1294 520 1351 ipse
544 1293 752 1337 Dominus
772 1328 783 1348 ,
821 1293 896 1352 qui
931 1293 1083 1352 utique
1118 1302 1332 1353 praecepta
1356 1310 1455 1353 quae

71 1362 220 1406 docuit
242 1364 406 1421 primus
424 1363 641 1422 implevit,
662 1363 925 1423 percutienti
948 1379 991 1406 sc
1008 1363 1051 1406 in
1070 1362 1285 1406 maxillam
1309 1364 1454 1408 minis-

70 1442 137 1477 tro
160 1434 392 1479 sacerdotis
420 1450 509 1478 non
535 1435 723 1493 praebuit
757 1433 965 1491 alteram,
999 1433 1074 1478 sed
1110 1434 1285 1493 insuper
1309 1434 1416 1480 dixit
1442 1456 1449 1479 :

75 1521 93 1544 «
131 1504 173 1548 Si
211 1504 322 1547 male
361 1504 533 1548 locutus
565 1520 683 1558 sum,
719 1505 929 1563 exprobra
971 1504 1026 1548 de
1065 1504 1204 1562 malo,
1251 1509 1284 1548 si
1323 1507 1449 1561 bene,

72 1592 92 1615 »
127 1574 232 1633 quid
252 1589 320 1617 me
349 1574 528 1618 ceedisss‘?
547 1594 565 1615 »
590 1578 687 1620 Non
709 1584 854 1618 tamen
882 1574 980 1619 ideo
1013 1585 1187 1634 paratus
1211 1575 1341 1620 corde
1364 1592 1452 1621 non

67 1641 172 1698 suit,
198 1659 286 1687 non
308 1644 447 1688 solum
469 1644 514 1687 in
537 1643 714 1687 alteram
735 1644 949 1688 maxillam
974 1646 1082 1689 caedi
1101 1662 1178 1705 pro
1202 1646 1339 1690 salute
1357 1662 1451 1691 om-

67 1714 210 1768 nium,
237 1713 311 1757 sed
334 1714 460 1757 etiam
485 1724 577 1758 toto
600 1730 780 1773 corpore
801 1715 1008 1774 crucifigi,

124 1786 237 1828 LIX.
269 1787 383 1841 Ergo
407 1793 449 1828 et
478 1783 589 1827 illud
619 1786 740 1843 quod
761 1785 956 1844 sequitur
982 1804 989 1828 :
1016 1804 1035 1826 «
1063 1788 1117 1828 Et
1151 1783 1226 1844 qui
1260 1786 1450 1831 voluerit

67 1873 88 1896 »
123 1864 269 1898 tecum
293 1854 459 1914 judicio
495 1855 780 1907 contendere,
814 1864 857 1898 et
890 1856 1080 1899 tunicam
1113 1865 1230 1899 tuam
1269 1856 1444 1912 tollere,

68 1943 88 1967 »
123 1925 293 1968 remitte
311 1924 372 1968 illi
395 1934 436 1968 et
459 1925 764 1969 vestimentum
780 1927 811 1980 ⁴,
841 1944 859 1966 »
888 1925 941 1968 ad
960 1927 1317 1984 praeparationem
1348 1943 1447 1972 cor-

63 1995 129 2038 dis
148 2029 159 2049 ,
184 2009 273 2038 non
296 1994 351 2037 ad
372 1994 705 2038 ostentationem
727 1995 866 2053 operis
888 2005 1153 2054 praeceptum
1176 2006 1291 2040 recte
1314 1997 1444 2041 intel-

63 2065 225 2122 ligitur.
245 2064 327 2109 Sed
351 2065 404 2108 de
429 2065 574 2108 tunica
597 2074 640 2108 et
659 2067 917 2110 vestimento
939 2066 1060 2125 quod
1074 2066 1237 2110 dictum
1257 2077 1336 2122 est,
1355 2084 1443 2112 non

62 2135 107 2178 in
128 2135 186 2178 eis
217 2134 314 2179 solis
335 2170 346 2190 ‚
371 2134 446 2178 sed
477 2136 522 2178 in
550 2134 751 2179 omnibus
776 2134 1024 2180 faciendum
1049 2145 1132 2190 est,
1168 2153 1267 2196 quae
1295 2137 1442 2198 aliquo

55 2205 154 2264 jure
175 2204 468 2264 temporaliter
490 2214 634 2249 nostra
655 2221 743 2249 esse
759 2205 956 2249 dicimus.
977 2207 1018 2250 Si
1035 2207 1150 2250 enim
1169 2206 1223 2250 de
1244 2223 1439 2252 necessa-

59 2275 131 2319 riis
152 2275 234 2319 hoc
254 2276 515 2335 imperatum
537 2286 624 2332 est,
656 2285 821 2336 quanto
848 2277 982 2335 magis
1004 2277 1222 2336 superflua
1244 2288 1441 2323 contem-

58 2361 160 2390 nere
176 2347 403 2390 convenit?
422 2349 732 2391 Verumtamen
751 2363 799 2391 ea
817 2364 916 2407 quae
934 2357 1077 2392 nostra
1093 2347 1198 2402 dixi,
1219 2365 1270 2392 eo
1284 2365 1440 2407 genere

57 2415 321 2459 includenda
350 2425 473 2470 sunt,
502 2433 590 2476 quo
618 2418 827 2461 Dominus
848 2417 938 2476 ipse
959 2418 1223 2476 praescribit,
1260 2418 1435 2466 dicens:

62 2503 82 2527 «
118 2485 159 2529 Si
176 2485 271 2544 quis
287 2484 383 2529 vult
396 2485 562 2544 judicio
584 2495 728 2530 tecum
747 2487 1026 2542 contendere,
1044 2497 1086 2532 et
1109 2488 1299 2532 tunicam
1318 2498 1437 2534 tuam

105 2588 113 2603 ¹
135 2583 207 2613 Act.
234 2592 330 2622 xxiii,
350 2581 382 2621 4,
404 2581 444 2621 5,
464 2588 495 2614 et
519 2583 617 2615 Exod.
639 2594 752 2624 xxvni,
777 2586 831 2616 28.
861 2601 903 2606 -—
932 2591 945 2606 ²
964 2584 1045 2615 Psal.
1078 2595 1140 2624 nvi,
1168 2585 1199 2616 8.
1230 2602 1271 2608 --
1305 2584 1317 2608 3
1341 2589 1432 2618 Joan.

58 2648 147 2677 xviii,
166 2638 219 2668 23.
244 2654 280 2659 --
299 2635 315 2665 4
333 2637 445 2669 Matth.
466 2648 498 2677 v,
516 2637 567 2678 4ο.
