1819 3301
384 243 437 279 78
817 250 850 279 s.
888 250 1118 279 Aueus'rnu
1152 250 1332 276 muscom

385 316 721 360 intellexerimus
757 314 874 359 dicto
902 329 1078 373 vespere
1120 312 1402 371 significatam
1434 331 1443 356 :
1479 327 1622 372 neque
1655 314 1768 361 enim
1816 339 1819 345 -

381 386 522 445 ipsum
560 385 734 428 initium
767 384 941 428 lucessit
972 383 1017 426 in
1053 383 1235 441 primam
1256 382 1446 437 sabbati,
1467 382 1542 425 sed
1572 382 1662 441 ipsa
1684 397 1770 427 nox

381 472 482 516 quae
502 456 602 500 luce
630 456 782 514 incipit
814 454 1051 498 terminari.
1084 455 1193 498 Nam
1222 453 1432 497 terminus
1453 452 1604 512 primae
1635 452 1769 511 partis

382 527 521 571 noctis
537 561 548 581 ‚
573 525 775 570 secundae
797 525 930 584 partis
956 523 1131 567 initium
1154 531 1240 580 θεὶς
1272 522 1350 566 lux
1381 532 1527 566 autem
1559 522 1770 566 terminus

382 598 515 642 totius
533 596 673 640 noctis
692 604 755 639 est
780 614 790 639 :
815 594 934 639 unde
955 610 1044 639 non
1084 602 1228 654 potest
1254 592 1337 637 dici
1372 608 1524 652 vesper
1549 592 1771 637 lucescens

380 668 423 711 in
447 667 631 726 primam
653 665 843 720 sabbati,
858 665 939 709 nisi
961 664 1137 709 nomine
1151 663 1318 722 vesperi
1336 678 1424 707 nox
1440 664 1530 722 ipsa
1546 661 1768 721 intelliga-
1795 662 1803 667 ’

382 746 453 781 tur
474 751 606 796 quam
622 734 699 779 lux
714 735 931 779 terminat.
947 737 1003 778 Et
1015 735 1196 782 usitatus
1210 732 1422 792 loquendi
1438 733 1594 777 modus
1610 732 1770 776 divinae

384 806 621 865 Scripturae
650 814 715 849 est
748 820 771 848 a
804 813 927 864 parte
950 812 1093 847 totum
1115 803 1354 860 significare
1380 822 1390 847 ε
1415 819 1438 847 a
1468 816 1644 862 vespere
1667 816 1771 861 ergo

381 886 556 921 noctem
585 876 870 935 significavit,
895 875 1017 933 cujus
1038 882 1280 917 extremum
1303 882 1366 917 est
1398 872 1659 917 diluculum.
1692 872 1769 925 Dj-

379 946 530 991 luculo
568 946 685 989 enim
719 953 936 989 venerunt
968 943 1055 986 illae
1081 941 1283 986 mulieres
1318 941 1373 986 ad
1398 952 1768 1000 monumentum3

380 1043 428 1071 ac
450 1043 528 1086 per
549 1027 636 1071 hoc
654 1042 703 1070 ea
725 1034 853 1070 nocte
870 1034 1086 1069 venerunt
1100 1059 1112 1079 ,
1127 1040 1226 1083 quae
1249 1023 1487 1082 significata
1509 1033 1574 1069 est
1593 1024 1770 1069 nomine

379 1097 561 1156 vesperi.
591 1099 698 1140 Tota
721 1095 837 1139 enim
863 1095 1103 1153 significata
1126 1103 1190 1138 est
1212 1109 1263 1138 eo
1286 1094 1465 1138 nomine
1480 1129 1492 1149 ‚
1512 1104 1564 1138 ut
1587 1093 1702 1151 dixi3
1727 1101 1770 1138 et

379 1166 477 1210 ideo
511 1181 789 1225 quacumque
820 1166 913 1225 ejus
944 1165 1083 1208 noctis
1112 1173 1233 1222 parte
1262 1163 1507 1219 venissent,
1545 1179 1595 1208 ea
1617 1164 1770 1224 utique

378 1247 508 1280 nocte
526 1237 744 1280 venissent
770 1254 778 1279 2
803 1250 901 1278 cum
921 1249 1022 1292 ergo
1042 1243 1259 1279 venerunt
1279 1244 1403 1293 parte
1427 1236 1516 1294 ejus
1539 1235 1679 1279 noctis
1696 1250 1770 1278 ex-

382 1317 542 1361 trema‚
569 1322 615 1350 ea
637 1306 789 1364 procul
810 1304 946 1348 dubio
976 1314 1105 1348 nocte
1136 1313 1366 1348 venerunt.
1405 1307 1591 1364 Vespere
1624 1314 1770 1349 autem

379 1392 478 1436 quae
494 1376 674 1420 lucescit
694 1376 739 1418 in
761 1375 942 1434 primam
967 1374 1165 1429 sabbati,
1190 1390 1279 1418 non
1302 1383 1444 1433 potest
1465 1375 1546 1418 nisi
1569 1383 1660 1419 tota
1677 1375 1769 1434 ipsa
1818 1367 1819 1398 1

380 1462 464 1490 nox
486 1445 670 1504 intelligi
698 1464 718 1504 :'
733 1460 783 1489 eo
802 1445 933 1502 igitur
955 1460 1132 1503 vespere
1152 1454 1392 1499 venerunt,
1413 1460 1512 1504 quae
1530 1445 1621 1504 ipsa
1641 1453 1770 1489 nocte

379 1525 594 1561 venerunt
622 1536 630 1560 :
657 1517 746 1575 ipsa
765 1524 910 1558 autem
933 1524 1060 1559 nocte
1081 1524 1318 1571 venerunt,
1342 1531 1442 1576 quae
1463 1517 1604 1560 noctis
1635 1516 1769 1576 ipsius

378 1587 574 1646 quamvis
599 1595 788 1629 extrema
816 1594 939 1644 parte
961 1594 1192 1629 venerunt.

436 1659 594 1700 LXVI.
626 1658 734 1700 Nam
770 1664 814 1698 et
845 1657 988 1713 ipsum
1026 1655 1246 1710 triduum,
1287 1670 1375 1714 quo
1409 1655 1620 1699 Dominus
1652 1669 1772 1699 mor-

380 1737 478 1772 tuus
491 1735 555 1770 est
576 1735 620 1769 ct
642 1725 886 1778 resurrexit,
901 1725 982 1768 nisi
999 1725 1080 1768 isto
1099 1724 1312 1785 loquendi
1330 1726 1478 1780 modo,
1499 1741 1587 1785 quo
1602 1742 1627 1769 a
1647 1734 1770 1784 parte

381 1805 520 1841 totum
554 1794 643 1838 dici
671 1793 780 1838 solet
797 1828 808 1848 ‚
840 1803 955 1837 recte
974 1793 1160 1852 intelligi
1188 1810 1276 1838 non
1299 1804 1455 1853 potest.
1487 1797 1584 1853 Ipse
1605 1795 1769 1854 quippe

379 1867 438 1910 ait
467 1885 475 1909 z
507 1884 527 1906 «
565 1865 683 1909 Sicut
706 1863 819 1906 enim
845 1866 975 1907 Jonas
997 1862 1082 1907 suit
1101 1864 1146 1906 in
1167 1873 1317 1907 ventre
1347 1865 1431 1908 ceti
1454 1864 1592 1908 tribus
1612 1863 1768 1908 diebus

383 1954 401 1976 »
438 1944 480 1978 et
496 1934 634 1977 tribus
649 1933 850 1977 noctibus
863 1967 873 1986 5
899 1933 958 1975 sic
971 1932 1051 1975 erit
1065 1931 1200 1976 Filius
1221 1933 1409 1976 hominis
1422 1933 1468 1976 in
1489 1932 1620 1977 corde
1641 1942 1768 1978 terrae

382 2025 401 2046 »
438 2005 576 2049 tribus
601 2004 756 2048 diebus
778 2013 821 2047 et
843 2003 982 2046 tribus
1005 2003 1206 2046 noctibus
1229 2005 1259 2046 ¹.
1282 2022 1300 2043 »
1335 2005 1658 2063 Computantur
1685 2020 1766 2048 au—

379 2085 466 2120 tem
492 2085 702 2134 tempora,
728 2074 816 2117 sive
848 2090 898 2116 ex
925 2088 1013 2133 quo
1036 2072 1214 2116 tradidit
1239 2073 1462 2132 spiritum,
1487 2074 1576 2118 sive
1598 2090 1649 2118 ex
1677 2090 1766 2135 quo

379 2145 574 2204 sepultus
601 2153 689 2199 est,
720 2153 764 2188 ct
786 2158 875 2187 non
905 2143 1092 2186 occurrit
1120 2142 1175 2185 ad
1201 2142 1441 2202 liquidum3
1466 2143 1547 2187 nisi
1574 2143 1767 2188 medium

379 2216 515 2270 diem,
545 2216 627 2259 hoc
650 2223 734 2268 est,
761 2214 988 2257 sabbatum
1014 2222 1156 2257 totum
1174 2213 1287 2256 diem
1309 2214 1589 2272 accipiamus,
1620 2215 1667 2259 id
1683 2224 1762 2271 est,

378 2301 479 2330 cum
500 2300 576 2329 sua
595 2293 744 2338 nocte,
771 2282 866 2327 illos
883 2292 1028 2326 autcm
1049 2283 1124 2342 qui
1144 2296 1244 2326 eum
1269 2283 1313 2325 in
1332 2282 1477 2328 medio
1501 2294 1762 2343 posuerunt,

377 2357 423 2399 id
445 2365 524 2410 cst,
546 2358 810 2398 Parasceven
843 2362 885 2396 et
908 2353 1090 2412 primam
1112 2352 1303 2406 sabbati,
1328 2368 1460 2412 quem
1476 2354 1592 2397 dicm
1614 2356 1764 2398 Domi-

378 2428 523 2471 nicum
549 2425 731 2469 dicimus
748 2459 759 2479 ‚
785 2440 807 2467 a
836 2433 956 2483 parte
990 2432 1133 2467 totum
1166 2422 1474 2481 intelligamus.
1509 2424 1627 2478 Quid
1647 2425 1764 2469 enim

370 2499 493 2558 juvat
509 2495 630 2557 quod
646 2495 822 2556 quidam
841 2494 906 2538 his
936 2494 1142 2553 angustiis
1163 2493 1395 2550 coarctati,
1420 2503 1464 2539 et
1483 2495 1613 2541 istum
1639 2495 1764 2541 locu-

425 2588 432 2604 ¹
455 2580 568 2612 matth.
596 2590 652 2620 xn,
671 2578 726 2621 4ο.
