1819 3301
354 271 435 312 154
748 284 780 314 s.
819 286 1049 314 uranu-nu
1084 287 1263 314 museum

349 347 523 393 videtur
538 347 592 392 ad
609 348 841 394 concilium
858 350 1076 409 pertinere
1092 350 1317 394 sententiae
1329 349 1538 410 prolati03
1555 351 1734 411 quando

349 434 438 464 non
456 420 545 480 jam
565 435 664 463 cum
686 420 777 479 ipso
800 436 872 464 reo
889 421 1031 478 agitur
1045 455 1056 474 ‚
1079 428 1228 464 utrum
1250 420 1524 466 damnandus
1550 423 1604 466 sit
1620 457 1631 477 ‚
1657 423 1734 468 sed

349 490 463 533 inter
495 505 537 533 se
571 490 646 548 qui
679 490 875 545 judicant
909 488 1142 534 conferunt
1178 506 1267 550 quo
1290 491 1503 551 supplicio
1538 491 1735 542 damnari

350 569 548 619 oporteat
576 574 708 618 quem
733 568 900 604 constat
929 575 1019 604 esse
1047 559 1346 606 damnandum
1373 581 1381 605 ε
1411 563 1607 619 gehenna
1629 577 1731 607 vero

348 631 456 688 ignis
479 645 558 673 nec
589 628 911 673 damnationem
935 630 1065 674 habet
1094 631 1276 674 dubiam
1296 666 1307 686 ‚
1349 631 1458 675 sicut
1488 631 1731 691 judiciumz,

349 715 428 743 nec
447 699 638 743 damnati
661 714 838 758 poenam
860 735 869 754 ‚
887 700 996 744 sicut
1018 700 1249 745 concilium
1264 722 1275 758 3
1290 702 1334 744 in
1356 702 1553 760 gehenna
1571 702 1734 761 quippe

346 770 456 828 ignis
485 778 601 813 certa
624 778 687 813 est
719 779 761 813 et
783 770 1007 814 damnatio
1035 780 1078 814 et
1112 786 1244 829 poena
1284 770 1491 814 damnati.
1519 772 1734 815 Videntur·

346 855 448 897 ergo
483 840 616 899 aliqui
640 840 797 898 gradus
831 842 875 883 in
910 841 1094 899 peccatis
1117 850 1159 884 et
1194 841 1239 883 in
1277 849 1432 884 reatu:
1465 841 1540 884 sed
1574 841 1734 900 quibus

346 909 485 953 modis
523 910 792 953 invisibiliter
825 910 1112 953 exhibeantur
1143 910 1302 954 meritis
1336 910 1602 965 animarum,
1638 911 1734 970 quis

345 989 488 1039 potest
510 980 683 1023 dicere?
717 979 998 1024 Audiendum
1037 989 1100 1024 est
1130 981 1278 1039 itaque
1313 989 1528 1039 quantum
1562 981 1731 1025 intersit

345 1050 457 1093 inter
483 1049 695 1108 justitiam
722 1050 1056 1105 Pharisaeorum,
1091 1059 1134 1093 et
1165 1050 1288 1094 istam
1323 1051 1531 1109 majorem
1564 1066 1664 1110 quae
1687 1051 1733 1094 in

345 1135 528 1179 regnum
552 1120 765 1164 coelorum
787 1121 1052 1175 introducit,
1083 1120 1204 1180 quod
1226 1135 1326 1165 cum
1349 1121 1402 1164 sit
1430 1121 1601 1179 gravius
1618 1121 1734 1164 occi-

345 1192 447 1235 dere
477 1206 610 1251 quam
632 1192 766 1235 verbo
801 1192 992 1249 irrogare
1025 1191 1294 1245 convicium,
1328 1191 1389 1234 ibi
1420 1191 1577 1235 occisio
1611 1206 1733 1234 reum

344 1261 446 1306 facit
463 1262 651 1321 judicio,
667 1262 737 1306 hic
759 1272 904 1306 autem
923 1263 983 1305 ira
1007 1262 1110 1306 facit
1126 1260 1439 1320 reumjudicio‚
1461 1261 1582 1322 quod
1603 1262 1733 1305 trium

344 1331 522 1375 illorum
541 1342 819 1391 peccatorum
854 1331 1121 1375 levissimum
1145 1341 1208 1375 est
1236 1351 1243 1375 :
1271 1331 1372 1391 quia
1405 1330 1491 1375 illic
1524 1333 1732 1390 quaestio-

344 1418 443 1445 nem
468 1402 689 1445 homicidii
710 1402 823 1445 inter
845 1402 1040 1445 homines
1065 1402 1312 1460 agitabant3
1336 1401 1405 1445 hic
1421 1410 1566 1444 autem
1588 1401 1732 1445 omnia

344 1472 492 1515 divino
528 1471 694 1531 judicio
729 1471 1037 1521 dimittuntur,
1083 1471 1160 1514 ubi
1194 1472 1291 1514 finis
1325 1472 1630 1515 damnatorum
1669 1479 1732 1515 est

345 1542 541 1600 gehenna
558 1542 681 1600 ignis.
710 1542 914 1601 Quisquis
937 1542 1080 1585 aute'm
1105 1540 1259 1585 dixerit
1276 1541 1613 1600 quodgraviore
1624 1555 1731 1599 sup-

343 1611 472 1670 plicio
497 1612 541 1653 in
568 1613 727 1670 majore
749 1612 913 1670 justitia
941 1613 1122 1670 punitur
1145 1611 1450 1665 homicidium,
1477 1612 1509 1654 si
1533 1611 1732 1668 gehenna

342 1681 451 1738 ignis
469 1681 650 1739 punitur
683 1681 926 1724 convicium
949 1716 959 1734 ,
987 1682 1101 1738 cogit
1131 1679 1314 1738 intelligi
1345 1695 1435 1724 esse
1465 1680 1731 1725 differentias

343 1753 655 1809 gehennarum.

401 1825 541 1865 XXV.
572 1825 681 1866 Sane
702 1823 746 1865 in
771 1822 910 1865 tribus
932 1821 1020 1865 istis
1042 1822 1265 1864 sententiis
1295 1821 1544 1864 subauditio
1573 1821 1730 1865 verbo-

345 1908 439 1935 rum
455 1892 663 1935 intuenda
683 1902 758 1935 est.
780 1893 920 1935 Habet
934 1892 1047 1934 enim
1067 1892 1204 1949 prima
1217 1892 1429 1934 sententia
1441 1891 1586 1934 omnia
1599 1891 1731 1934 verba

344 1963 579 2005 necessaria
596 1997 606 2016 ,
632 1959 680 2005 ut
703 1962 811 2005 nihil
829 1960 1116 2012 subaudiatur-
1135 1981 1142 2004 :
1169 1980 1189 2002 «
1215 1961 1300 2013 Qui
1322 1961 1521 2004 irascitur
1537 1995 1547 2014 ,,
1567 1960 1727 2020 inquit,

346 2051 366 2074 »
401 2033 522 2076 fratri
541 2049 619 2076 suo
636 2033 727 2076 sine
742 2048 885 2087 causa,
907 2048 1004 2075 reus
1016 2031 1288 2091 eritjudicio.
1309 2050 1328 2072 »
1352 2034 1402 2074 ln
1420 2030 1609 2075 secunda
1627 2045 1730 2078 vero

342 2118 442 2147 cum
463 2104 519 2147 ait
546 2123 553 2146 :
585 2123 603 2145 «
631 2104 714 2156 Qui
733 2113 876 2147 autem
901 2103 1057 2146 dixerit
1080 2102 1199 2145 fratri
1222 2117 1300 2145 suo
1320 2102 1465 2145 Racha
1483 2136 1494 2151 ‚
1522 2120 1541 2140 »
1561 2102 1726 2143 subau-

342 2175 461 2218 ditur
483 2175 573 2217 sine
593 2190 718 2218 causa
740 2210 750 2225 ‚
777 2184 819 2218 et
840 2175 898 2218 ita
918 2175 1119 2233 jung-itur
1134 2208 1143 2226 ‚
1171 2192 1191 2214 «
1218 2176 1334 2214 Reus
1356 2171 1435 2213 erit
1457 2170 1682 2214 concilio¹.
1703 2189 1723 2211 η

342 2247 437 2288 Jam
459 2245 501 2287 in
524 2245 648 2288 tertia
666 2246 742 2288 ubi
767 2246 824 2288 ait
849 2266 856 2288 :
887 2264 904 2284 «
931 2245 1011 2294 Qui
1049 2250 1195 2284 autem
1229 2239 1387 2284 dixerit
1411 2243 1572 2294 Fatue,
1596 2259 1616 2281 »
1638 2239 1728 2284 duo

340 2314 665 2358 subaudiuntur
680 2349 692 2367 ‚
717 2322 758 2356 et
787 2312 908 2355 fratri
931 2326 1009 2355 suo
1024 2346 1034 2365 ,
1057 2320 1099 2354 et
1121 2310 1213 2353 sine
1235 2325 1376 2354 causa.
1404 2313 1496 2354 Hoc
1524 2319 1587 2354 est
1608 2310 1727 2353 unde

342 2383 593 2427 defenditur
621 2383 739 2443 quod
781 2382 1013 2441 Apostolus
1050 2380 1220 2424 Galatas
1243 2389 1367 2424 vocat
1400 2380 1580 2435 stultos,
1616 2395 1726 2440 quos

341 2454 468 2496 etiam
505 2453 655 2496 fratres
688 2453 936 2496 nominat¹2
969 2467 1057 2495 non
1095 2450 1210 2494 enim
1234 2450 1278 2493 id
1312 2450 1414 2494 facit
1451 2451 1541 2493 sine
1577 2465 1721 2494 causa.

338 2522 443 2566 Ideo
475 2533 620 2567 autem
645 2524 712 2567 hic
735 2522 866 2567 frater
889 2520 1215 2565 subaudiendus
1242 2530 1327 2575 est,
1352 2521 1455 2580 quia
1472 2520 1526 2564 de
1549 2520 1724 2564 inimico

388 2624 396 2637 ¹
420 2617 494 2648 psal.
514 2628 557 2655 ιιι,
581 2629 608 2648 ι.
