1819 3301
361 297 407 323 nv
439 293 614 324 JoAnms
645 293 958 334 EVANGELmM,
992 293 1140 323 eruor.
1177 297 1206 322 1.
1392 286 1475 325 395

95 367 160 404 est
180 377 188 403 ε
214 377 234 400 «
253 359 418 402 Scimus
435 360 536 418 quia
558 359 668 403 nihil
688 369 751 404 est
770 358 938 403 idolum
954 361 985 403 ¹.
1005 377 1026 401 »
1043 362 1158 417 Ergo
1174 359 1252 403 ista
1273 375 1362 404 non
1379 370 1481 405 sunt

95 427 208 473 facta
227 443 302 486 per
316 428 508 472 Verbum
528 429 622 472 :sed
646 444 935 489 quaecumque
956 428 1210 473 naturaliter
1229 427 1341 472 facta
1359 439 1475 483 sunt,

96 513 384 558 quaecumque
407 507 508 541 sunt
527 499 568 540 in
588 500 792 542 creaturis
813 534 823 552 ,
850 499 993 543 omnia
1018 499 1196 542 omnino
1214 515 1312 558 quae
1334 500 1416 542 fixa
1435 500 1480 543 in

95 567 207 611 coelo
233 576 356 620 sunt,
377 583 475 626 quae
499 566 666 625 fulgent
682 568 890 627 desuper,
914 584 1013 627 quae
1035 568 1218 612 volitant
1234 568 1315 612 sub
1339 568 1451 612 coelo
1466 603 1477 622 ,

96 646 138 681 01
160 653 259 696 quae
282 647 513 681 moventur
540 638 585 680 in
621 639 821 682 universa
852 647 1005 682 natura
1029 654 1173 682 rerum
1190 673 1200 693 ‚
1226 639 1364 682 omnis
1385 654 1481 683 om-

97 707 205 750 nino
242 716 438 751 creatura
472 727 480 751 :
510 707 651 751 dicam
679 707 851 766 planius
871 742 881 762 ‚
909 707 1050 752 dicam
1070 743 1081 762 ,
1117 709 1295 763 fratres,
1332 718 1381 752 ut
1412 709 1480 752 in-

95 776 298 835 telligatis
315 811 325 830 ,
352 778 406 820 ab
423 777 590 836 Angelo
606 793 744 837 usque
760 777 815 821 ad
836 778 1140 822 vermiculum.
1162 778 1278 830 Quid
1298 778 1478 836 praecla-

94 846 181 889 rius
213 846 380 904 Angelo
414 847 458 889 in
493 847 730 891 creaturis?
761 846 868 906 quid
901 849 1130 891 extremius
1165 847 1403 891 vermiculo
1434 848 1478 891 in

94 916 302 960 creaturis
320 918 338 959 Ξ)
359 920 439 959 Per
462 932 592 975 quem
612 916 751 961 factus
769 926 830 959 est
850 917 1042 976 Angelus
1060 952 1070 972 ,
1093 933 1170 975 per
1186 917 1326 976 ipsum
1342 917 1480 961 factus

94 995 157 1029 est
181 995 224 1029 et
246 986 532 1030 vermiculus:
559 987 634 1030 sed
656 987 848 1045 Angelus
873 987 1029 1044 dignus
1051 987 1192 1043 coelo,
1217 987 1479 1031 vermiculus

95 1065 221 1099 terra.
244 1056 329 1108 Qui
357 1057 544 1111 creavit,
576 1057 666 1115 ipse
683 1057 908 1116 disposuit.
934 1058 976 1102 Si
996 1067 1175 1116 poneret
1191 1058 1478 1103 vermiculum

94 1127 140 1170 in
163 1125 275 1170 coelo
293 1162 304 1181 ,
325 1127 661 1185 reprehenderes
682 1147 690 1171 :
711 1129 744 1171 si
761 1127 893 1171 vellet
909 1129 1095 1185 Angelos
1114 1129 1229 1172 nasci
1247 1128 1301 1171 de
1316 1137 1478 1187 putres-

93 1196 292 1241 centibus
320 1197 547 1251 carnibus,
575 1197 911 1257 reprehenderes
943 1217 952 1242 2
978 1207 1021 1240 et
1056 1207 1203 1241 tamen
1232 1213 1366 1256 prope
1395 1199 1478 1242 1100

93 1267 197 1311 facit
224 1270 337 1310 Deus
354 1302 364 1321 ,
399 1277 441 1310 et
465 1283 552 1311 non
578 1277 641 1312 est
668 1267 1066 1326 reprehendendus.
1094 1270 1203 1312 Nam
1225 1283 1373 1312 omnes
1395 1268 1478 1312 ho-

93 1337 231 1381 mines
258 1337 313 1380 de
342 1353 470 1381 carne
489 1347 738 1392 nascentes,
770 1337 876 1397 quid
905 1348 1006 1381 sunt
1027 1338 1107 1381 nisi
1136 1340 1332 1381 vermes?
1360 1347 1404 1381 et
1424 1338 1479 1382 de

92 1407 314 1450 vermibus
330 1407 519 1465 Angelos
541 1406 657 1451 facit.
678 1407 719 1451 Si
743 1408 855 1450 enim
878 1408 966 1465 ipse
986 1408 1189 1451 Dominus
1208 1407 1330 1450 dicit:
1353 1410 1478 1465 «Ego

95 1495 115 1518 »
152 1486 297 1521 autem
319 1493 413 1521 sum
431 1478 586 1520 vermis
603 1513 614 1530 ,
636 1486 678 1520 et
705 1492 792 1520 non
816 1478 946 1520 homo
962 1479 976 1501 ²
1006 1497 1013 1521 :
1039 1496 1058 1518 »
1082 1478 1177 1536 quis
1201 1477 1373 1520 dubitat
1393 1477 1476 1521 hoc

93 1547 262 1602 dicere,
294 1548 412 1606 quod
441 1548 650 1606 scriptum
686 1556 749 1589 est
778 1557 820 1590 et
846 1547 890 1590 in
926 1548 1010 1591 Job
1040 1567 1048 1592 z
1088 1567 1108 1589 «
1148 1552 1319 1600 Quanto
1343 1548 1477 1606 magis

95 1635 116 1659 »
151 1618 284 1661 homo
319 1617 535 1674 putredo,
578 1626 620 1660 et
654 1617 766 1660 filius
804 1617 988 1660 hominis
1030 1618 1252 1661 vermisssp
1282 1638 1297 1658 »
1332 1618 1476 1661 Primo

93 1687 225 1731 dixit:
257 1706 276 1727 «
303 1689 443 1730 Homo
477 1686 697 1745 putredo,
736 1704 754 1726 »
793 1696 835 1729 et
866 1696 1034 1745 postea,
1079 1706 1098 1728 «
1126 1687 1260 1730 Filius
1289 1688 1476 1730 hominis

94 1775 114 1797 n
150 1757 304 1800 vermis
333 1775 341 1800 :
379 1774 399 1796 »
433 1757 534 1815 quia
565 1755 721 1799 vermis
745 1755 799 1799 de
833 1757 1064 1815 putredine
1095 1757 1310 1811 nascitur,
1343 1757 1441 1801 ideo
1461 1792 1472 1812 ,

95 1846 116 1869 «
152 1829 294 1870 Homo
324 1826 532 1885 putredo,
560 1836 603 1870 et
636 1826 749 1869 filius
776 1827 962 1870 hominis
991 1827 1161 1870 vermis.
1192 1845 1211 1867 »
1234 1830 1347 1870 Ecce
1370 1826 1476 1886 quid

91 1897 183 1940 fieri
203 1896 342 1940 voluit
360 1906 535 1955 propter
555 1906 595 1940 te
613 1895 723 1939 illud
745 1897 880 1956 quod,
907 1916 926 1937 «
953 1899 1003 1939 In
1025 1896 1238 1955 principio
1261 1905 1351 1940 erat
1375 1899 1476 1939 Ver-

95 1985 115 2007 »
149 1966 253 2010 bum
272 2001 283 2021 ,
309 1975 352 2009 et
373 1967 567 2010 Verbum
591 1974 681 2008 erat
713 1965 829 2024 apud
854 1969 989 2009 Deum
1008 2000 1018 2019 ,
1052 1976 1095 2009 et
1115 1969 1228 2009 Deus
1251 1975 1343 2010 erat
1364 1968 1475 2009 Ver-

32 2087 35 2091 ,
93 2053 113 2077 1,
146 2026 270 2079 bum.
295 2054 313 2077 »
344 2039 487 2089 Quare
517 2037 600 2079 hoc
622 2036 787 2079 factum
810 2045 873 2078 est
897 2044 1073 2094 propter
1106 2037 1179 2079 te?
1210 2044 1260 2079 ut
1281 2051 1474 2093 surgeres

91 2106 168 2166 qui
195 2105 456 2150 manducare
478 2121 567 2149 non
601 2114 786 2164 poteraS.
818 2105 1008 2149 Omnino
1037 2121 1138 2163 ergo
1156 2140 1167 2159 ,
1204 2104 1384 2159 fratres,
1416 2105 1474 2148 sic

91 2177 271 2235 accipite
298 2196 306 2220 :
336 2196 355 2218 «
381 2178 536 2220 Omnia
559 2192 634 2235 per
651 2176 793 2235 ipsum
812 2175 924 2219 faeta
942 2186 1070 2228 sunt,
1096 2185 1138 2219 et
1160 2176 1251 2219 sine
1272 2176 1364 2234 ipso
1389 2173 1477 2219 fac-

94 2266 113 2287 »
149 2256 244 2290 tum
261 2255 324 2289 est
346 2246 467 2290 nihil.
489 2247 725 2290 »Universa
744 2246 858 2288 enim
881 2255 1075 2289 creatura
1097 2260 1176 2303 per
1198 2244 1341 2303 ipsum
1361 2244 1475 2288 facta

90 2325 154 2360 est
170 2352 181 2370 ‚
203 2318 362 2375 major,
388 2317 552 2360 minor:
579 2332 654 2375 per
676 2317 817 2375 ipsum
840 2314 950 2359 facta
974 2324 1076 2358 sunt
1098 2330 1275 2374 supera,
1300 2314 1437 2359 infera
1462 2335 1471 2360 :

89 2385 309 2445 spiritalis,
346 2385 604 2444 corporalis,
639 2401 713 2445 per
746 2386 886 2444 ipsum
913 2384 1023 2428 facta
1053 2394 1168 2428 sunt.
1207 2384 1334 2429 Nulla
1359 2385 1473 2428 enim

90 2457 255 2510 former,
292 2456 411 2500 nulla
431 2471 681 2515 compages,
709 2455 829 2500 nulla
855 2455 1085 2500 concordia
1111 2456 1326 2515 partium,
1353 2455 1474 2500 nulla

89 2525 418 2586 qualiscumque
439 2527 703 2581 substantia,
720 2541 819 2586 quae
840 2534 982 2584 potest
999 2526 1159 2570 habere
1176 2524 1346 2584 pondus
1361 2560 1372 2579 ‚
1394 2540 1473 2568 nu-

138 2617 147 2631 1
173 2621 184 2640 1
212 2611 283 2642 Cor.
300 2620 370 2650 vm,
390 2608 422 2650 4.
443 2627 484 2632 -·
506 2617 517 2631 2
538 2609 616 2641 Psal.
637 2620 701 2649 xxi,
726 2620 756 2649 7.
778 2626 818 2631 —
840 2607 852 2631 3
870 2608 944 2641 Job.
964 2619 1042 2650 xxv,
1065 2610 1097 2641 6.
