1819 3301
343 297 629 334 QUAESTIONUM
660 294 1028 332 EVANGELIORUM,
1064 295 1145 322 Lm.
1183 296 1230 321 11.
1386 284 1468 322 315

617 438 853 488 QUAESTIO
884 439 951 478 xl.

150 591 166 613 «
195 575 258 616 DE
280 570 424 630 pueris
445 569 696 617 sedentibus
716 571 761 613 in
783 569 878 614 foro
898 604 909 623 ‚
935 578 979 614 et
1000 567 1055 613 ad
1074 568 1259 612 invicem
1285 566 1471 611 claman-

86 660 106 683 »
143 642 258 685 tibus
275 644 311 695 ¹,
341 659 360 681 n
381 656 588 684 converso
614 639 766 684 ordine
790 639 845 683 ad
870 640 1086 698 proposita
1109 638 1344 696 respondit.
1363 640 1471 682 Nam

83 712 204 772 quod
221 712 278 756 ait
297 730 306 756 ;
325 731 343 751 «
357 711 730 765 Lamentavimus‚
753 719 796 753 et
816 725 903 753 non
923 708 1134 768 plorastis,
1156 727 1174 748 »
1194 708 1247 751 ad
1259 710 1471 751 Joannem

82 782 286 841 pertinet,
304 782 370 841 cuj
381 797 426 825 us
442 781 701 828 abstinentia
714 797 735 824 a
756 780 863 824 cibis
881 788 922 822 et
937 788 1061 838 potu,
1079 778 1244 822 luctum
1259 777 1472 836 poeniten-

82 854 151 897 tiae
166 851 584 910 significabat.Quod
602 861 745 898 autem
761 852 820 894 ait
836 871 843 895 ;
861 850 1164 899 «Cantavirnus
1180 849 1307 901 tibiis,
1326 858 1368 891 et
1383 863 1472 891 non

86 940 103 963 n
140 921 339 976 saltastis,
366 944 379 962 ι)
400 921 452 965 ad
476 923 615 981 ipsum
639 921 889 975 Dominum,
907 920 982 980 qui
1003 920 1168 963 utendo
1183 934 1281 963 cum
1307 918 1471 961 eaeteris

80 992 178 1036 cibo
202 1001 244 1035 et
270 1001 378 1052 potu
395 1027 405 1045 ‚
435 992 629 1036 laetitiam
661 992 780 1048 regni
805 992 1034 1048 figurabat.
1063 993 1118 1034 At
1140 989 1201 1033 illi
1219 1004 1298 1032 nec
1325 988 1471 1032 humi·-

79 1062 174 1106 liari
198 1077 299 1105 cum
324 1065 491 1105 Joanne
509 1097 520 1116 ‚
548 1077 627 1105 nec
658 1077 757 1105 cum
787 1062 959 1105 Christo
985 1060 1173 1119 gaudere
1203 1058 1465 1103 voluerunt:

80 1134 272 1177 dicentes
285 1132 408 1176 illum
428 1133 696 1176 daemonium
710 1132 886 1185 habere,
907 1133 1035 1177 istum
1055 1145 1254 1175 voracem
1268 1139 1311 1173 et
1323 1129 1467 1172 ebrio-

79 1219 175 1247 sum
206 1212 248 1246 et
267 1204 454 1246 amicum
478 1203 812 1261 publicanorum
842 1212 884 1245 et
907 1210 1200 1260 peccatorum.
1237 1199 1362 1252 Quod
1390 1215 1471 1243 au-

80 1283 168 1318 tem
183 1274 407 1334 subjungit
420 1293 428 1317 :
440 1293 457 1314 «
470 1276 526 1316 Et
537 1273 770 1332 justificata
785 1283 846 1316 est
860 1273 1077 1331 Sapientia
1090 1272 1143 1315 ab
1157 1271 1360 1314 omnibus
1374 1270 1471 1314 filiis

84 1363 102 1385 »
139 1345 245 1396 suis,
284 1362 304 1384 »
330 1343 519 1387 ostendit
546 1343 654 1387 filios
681 1343 910 1401 Sapientiae
933 1341 1194 1399 intelligere,
1214 1341 1355 1384 necin
1372 1340 1471 1383 abs-

80 1414 261 1458 tinendo
277 1449 286 1467 ,
316 1430 396 1457 nec
413 1415 458 1456 in
481 1413 788 1456 manducando
804 1428 892 1456 esse
916 1412 1126 1471 justitiam
1147 1446 1156 1464 a
1178 1410 1311 1453 sedin
1329 1426 1471 1469 aequa-

79 1485 275 1527 nimitate
292 1483 505 1527 tolerandi
528 1483 721 1542 inopiam
738 1518 748 1537 ‚
772 1492 814 1526 et
842 1482 1126 1540 temperantia
1142 1496 1216 1539 per
1239 1480 1470 1523 abundan-

79 1555 182 1598 tiam
201 1570 289 1597 non
313 1570 356 1597 se
381 1552 690 1611 corrumpendi
712 1588 722 1605 ‚
749 1562 880 1611 atque
913 1561 1159 1610 opportune
1182 1551 1381 1594 sumendi
1402 1550 1470 1593 vel

79 1639 169 1668 non
203 1623 402 1667 sumendi
424 1639 474 1666 ea
502 1638 690 1682 quorum
724 1638 811 1665 non
842 1637 970 1674 usus,
1011 1621 1085 1665 sed
1120 1620 1469 1678 concupiscentia

80 1692 436 1752 reprehendenda
457 1702 534 1736 est.
568 1695 664 1736 Non
687 1692 801 1735 enim
836 1693 1013 1735 interest
1042 1691 1220 1734 omnino
1253 1689 1359 1748 quid
1388 1690 1468 1733 ali-

80 1772 329 1807 mentorum
350 1778 492 1806 sumas
507 1798 517 1815 ,
549 1772 599 1805 ut
613 1777 835 1806 succurras
852 1761 1090 1805 necessitati
1109 1760 1317 1818 eorporis,
1337 1759 1469 1802 dum-

80 1833 212 1878 modo
233 1847 443 1890 congruas
462 1833 506 1875 in
530 1833 760 1891 generibus
783 1832 1087 1875 alimentorum
1106 1831 1171 1874 his
1194 1846 1292 1873 cum
1310 1831 1470 1889 quibus

81 1904 161 1947 tibi
183 1902 419 1947 vivendum
441 1911 519 1945 est.
548 1905 700 1962 Neque
731 1912 945 1961 quantum
970 1917 1112 1945 sumas
1144 1900 1333 1943 multum
1356 1900 1469 1943 inte-

82 1982 187 2016 rest:
216 1987 316 2016 cum
341 1971 563 2015 videamus
592 1971 774 2016 aliorum
800 1972 1074 2015 stomachum
1102 1971 1228 2015 citius
1258 1970 1400 2014 satiari
1428 1979 1473 2013 et

83 2058 154 2090 eos
177 2051 321 2086 tamen
339 2041 401 2085 illi
419 2042 498 2100 ipsi
516 2057 649 2100 parvo
671 2058 759 2102 quo
784 2042 1012 2096 satiantur,
1031 2041 1233 2084 ardenter
1251 2050 1294 2083 et
1310 2040 1471 2083 intole-

86 2112 277 2156 rabiliter
306 2122 348 2155 et
383 2113 561 2156 omnino
598 2113 782 2171 turpiter
810 2112 974 2155 inhiare
1010 2131 1018 2155 ;
1049 2111 1152 2154 alios
1176 2120 1319 2153 autem
1352 2110 1472 2169 plus-

85 2183 184 2227 culo
201 2183 378 2242 quidem
401 2183 543 2225 satiari
562 2217 573 2237 ‚
602 2183 677 2226 sed
701 2182 968 2226 tolerabilius
989 2181 1178 2239 inopiam
1205 2180 1399 2238 perpeti,
1429 2188 1472 2222 et

87 2253 153 2297 vel
177 2263 275 2296 ante
296 2269 369 2296 ora
386 2254 543 2311 positas
558 2253 734 2312 epulas,
760 2253 793 2296 si
811 2253 854 2296 id
886 2253 1140 2310 intempore
1159 2259 1234 2293 aut
1258 2265 1366 2308 opus
1386 2250 1439 2293 sit
1457 2284 1468 2304 ‚

86 2332 161 2367 aut
179 2338 349 2366 necesse
366 2323 418 2366 sit
439 2358 449 2377 ‚
478 2338 578 2366 cum
609 2322 921 2382 tranquillitate
953 2322 1141 2379 aspicere
1159 2355 1169 2374 ‚
1206 2336 1349 2379 neque
1373 2329 1473 2363 tan-

88 2409 200 2452 gere.
227 2394 362 2451 Magis
379 2408 479 2450 ergo
501 2393 700 2447 interest,
723 2408 811 2436 non
834 2392 941 2452 quid
966 2391 1033 2435 vel
1051 2400 1265 2452 quantum
1288 2390 1473 2434 alimen-

87 2473 232 2512 torum
259 2479 336 2523 pro
364 2463 649 2522 congruentia
674 2463 902 2507 hominum
930 2470 1060 2521 atque
1096 2476 1292 2520 personae
1315 2475 1404 2503 suae
1432 2469 1474 2504 et

87 2550 166 2593 pro
187 2550 276 2578 suae
300 2533 558 2577 valetudinis
576 2534 827 2577 necessitate
843 2532 938 2592 quis
957 2531 1120 2590 capiat3
1147 2530 1222 2574 sed
1237 2538 1400 2589 quanta
1413 2529 1475 2574 fam

88 2604 248 2649 cilitate
265 2614 395 2663 atque
411 2604 638 2648 serenitate
653 2604 784 2647 animi
803 2611 946 2646 careat
965 2637 976 2657 ,
1002 2617 1102 2646 cum
1126 2601 1192 2645 his
1210 2599 1277 2646 vel
1302 2592 1474 2659 oportet
