1819 3301
242 284 249 290 ·
294 273 319 311 6
716 279 748 306 s.
785 278 1014 306 mausum
1048 276 1229 305 zmscom

296 366 315 387 »
351 347 442 405 ejus
464 359 510 387 m
531 344 628 387 sinu
649 346 773 396 Jesu,
815 356 943 400 quem
977 339 1187 397 diligebat
1219 340 1343 382 Jesus
1365 355 1374 382 z
1401 336 1547 381 innuit
1573 349 1676 393 ergo

296 434 316 456 »
351 415 455 458 huic
479 413 624 458 Simon
658 415 834 464 Petrus,
852 419 894 452 ct
917 408 1021 451 dicit
1038 409 1100 464 ci,
1126 408 1231 460 Quis
1263 416 1326 451 est
1360 406 1414 452 de
1436 420 1523 464 quo
1549 403 1678 448 dicit?

298 503 317 525 »
349 487 502 542 Itaque
538 496 639 525 cum
675 479 939 523 recubuisset
967 477 1038 520 ille
1067 493 1195 536 supra
1228 485 1378 536 pectus
1402 478 1506 519 Jesu
1530 509 1540 528 ,
1575 472 1680 518 dicit

299 573 319 595 »
355 553 411 605 ei,
427 551 626 605 Domine,
647 550 741 609 quis
763 550 850 591 est?
877 547 1120 607 Respondit
1142 549 1264 590 Jesus
1280 580 1291 600 ,
1320 544 1399 588 Ille
1416 544 1487 588 cui
1509 557 1588 600 ego
1609 542 1679 586 in-

300 641 320 664 »
357 623 539 666 tinctum
570 634 725 678 panem
749 633 991 676 porrexero.
1022 619 1078 660 Et
1101 631 1202 659 cum
1224 614 1468 658 intinxisset
1489 626 1645 671 panem
1667 645 1678 667 ,

302 711 322 734 »
359 691 480 735 dedit
512 693 534 733 J
543 689 639 732 udae
665 687 847 732 Simonis
872 686 1082 731 Scarioth.
1108 688 1165 729 Et
1186 693 1283 745 post
1300 682 1559 738 buccellam,
1579 690 1683 727 tunc

302 780 322 803 »
357 760 524 804 introiit
540 760 585 802 in
607 757 731 802 illurn
755 760 928 801 Satanas
944 759 974 799 ¹.

360 832 436 873 IV.
463 829 544 873 Hic
567 826 806 871 videndum
841 834 904 869 est
919 860 929 879 ,
968 840 1022 868 ne
1043 839 1133 868 non
1154 822 1295 867 solum
1318 825 1448 866 Lucae
1466 856 1477 876 ,
1503 821 1579 880 qui
1595 821 1686 880 jam

301 899 466 943 dixerat
492 898 671 941 intrasse
711 899 912 940 Satanam
944 894 989 937 in
1024 908 1098 937 cor
1130 891 1284 946 Judae,
1320 890 1497 950 quando
1536 898 1687 950 pactus

303 979 367 1014 est
388 978 494 1013 tunc
511 982 610 1010 cum
634 970 657 1009 J
664 965 796 1009 udaeis
814 999 825 1019 ,
850 973 900 1008 ut
932 979 1032 1007 eum
1057 971 1231 1021 accepta
1264 961 1448 1021 pecunia
1470 959 1685 1015 traderet,

302 1039 377 1082 scd
400 1039 528 1081 etiam
557 1036 637 1080 sibi
657 1037 746 1095 ipse
768 1037 955 1078 Joannes
981 1047 1225 1092 repugnare
1262 1031 1483 1084 videatur,
1506 1030 1581 1090 qui
1598 1031 1688 1089 jam

305 1108 469 1152 dixerat
498 1106 693 1165 superius
714 1139 725 1158 ,
759 1112 992 1162 antequam
1022 1104 1148 1146 istam
1174 1099 1416 1144 buccellam
1446 1100 1688 1158 acciperet,

309 1197 330 1220 «
364 1180 421 1221 Et
462 1192 587 1220 coena
620 1174 733 1218 facta
767 1189 865 1216 cum
890 1174 980 1232 jam
1019 1170 1218 1215 diabolus
1261 1170 1501 1213 immisisset
1531 1170 1575 1212 in
1617 1183 1692 1212 cor

308 1265 329 1288 »
365 1256 414 1290 ut
435 1246 626 1289 traderet
663 1259 764 1287 eum
793 1241 967 1286 Judas2.
1003 1260 1023 1281 »
1063 1238 1289 1293 Quomodo
1330 1240 1445 1282 enim
1486 1238 1619 1282 intrat
1646 1238 1693 1281 in

312 1336 332 1359 »
365 1332 465 1370 cor,
518 1315 599 1358 nisi
631 1312 906 1357 immittendo
937 1312 1106 1371 iniquas
1138 1310 1433 1369 persuasiones
1468 1307 1694 1366 cogitatio-

308 1388 436 1431 nibus
458 1385 744 1444 iniquorum?
781 1382 864 1427 Sed
892 1397 1009 1425 nunc
1034 1380 1274 1438 intelligere
1306 1379 1517 1423 debemus
1550 1395 1572 1422 a
1601 1377 1694 1422 dia-

308 1456 412 1501 bolo
431 1455 588 1500 Judam
605 1453 773 1514 plenius
786 1468 875 1496 esse
898 1466 1136 1511 possessum
1166 1470 1173 1494 ;
1192 1451 1303 1494 sicut
1324 1460 1475 1493 contra
1492 1449 1537 1492 in
1556 1449 1691 1502 bono,

309 1526 373 1570 illi
409 1526 483 1585 qui
510 1526 600 1584 jam
634 1531 890 1582 acceperant
917 1522 1124 1578 Spiritum
1159 1529 1356 1563 sanctum
1378 1554 1388 1574 ,
1424 1518 1601 1579 quando
1639 1518 1696 1561 eis

311 1604 410 1655 post
441 1593 800 1638 resurrectionem
836 1591 1071 1634 insuss'lavit
1099 1590 1271 1643 dicens,
1314 1608 1333 1631 «
1370 1589 1564 1647 Accipite
1599 1588 1695 1646 Spi-

316 1684 336 1706 »
373 1665 505 1708 ritum
537 1672 735 1706 sanctum
754 1663 769 1687 3
788 1696 799 1716 ,
835 1679 854 1702 »
883 1670 1031 1720 postea
1069 1675 1169 1703 eum
1198 1674 1297 1703 cum
1329 1658 1515 1718 desuper
1544 1658 1698 1703 missus

314 1743 422 1778 esset
462 1733 532 1776 die
563 1736 835 1776 Pentecostes
856 1766 866 1784 ,
903 1731 1055 1789 utique
1083 1729 1252 1788 plenius
1284 1737 1561 1787 acceperunt.
1597 1731 1699 1772 Post

315 1801 558 1846 buccellam
588 1816 689 1858 ergo
716 1810 822 1844 tunc
858 1799 1023 1842 introiit
1054 1799 1097 1842 in
1118 1813 1218 1841 eum
1254 1800 1431 1842 Satanas
1458 1816 1466 1841 ε
1497 1816 1516 1839 «
1543 1800 1625 1852 Et,
1643 1797 1700 1840 si-

315 1891 335 1914 »
371 1880 445 1916 cut
480 1871 714 1914 contextim
756 1871 943 1912 Joannes
980 1868 1068 1926 ipse
1116 1875 1459 1921 commemorat,
1504 1866 1611 1910 dicit
1658 1866 1698 1909 ei

317 1959 338 1982 »
374 1944 496 1984 Jesus
513 1975 524 1995 ,
563 1938 692 1993 Quod
715 1937 817 1981 facis
838 1972 848 1992 ,
886 1937 954 1980 fac
976 1937 1115 1980 citius.
1143 1939 1236 1980 Hoc
1258 1945 1405 1980 autem
1427 1951 1557 1980 nemo
1579 1935 1702 1979 scivit

319 2030 339 2052 »
375 2010 743 2054 discumbentium
767 2007 821 2050 ad
839 2007 944 2066 quid
967 2007 1121 2050 dixerit
1143 2008 1196 2049 ei.
1219 2005 1405 2059 Quidam
1428 2006 1543 2049 enim
1569 2015 1700 2064 puta-

318 2099 338 2122 »
372 2080 479 2123 bant
494 2114 505 2134 ,
530 2079 632 2139 quia
653 2076 819 2121 loculos
855 2076 1046 2120 habebat
1067 2074 1224 2129 Judas,
1250 2075 1352 2134 quia
1375 2074 1480 2118 dixit
1498 2075 1537 2118 ei
1558 2077 1698 2130 Jesus,

321 2167 341 2191 »
377 2152 486 2193 Eme
518 2164 566 2192 ea
600 2163 698 2208 quae
730 2161 838 2205 opus
869 2154 970 2188 sunt
1003 2144 1127 2188 nobis
1161 2144 1215 2187 ad
1251 2143 1364 2187 diem
1393 2142 1591 2189 festum:
1627 2153 1702 2188 aut

319 2238 340 2260 »
375 2220 521 2278 egenis
543 2227 593 2262 ut
607 2215 772 2277 aliquid
796 2215 931 2258 daret.
955 2216 1067 2258 Cum
1088 2229 1190 2272 ergo
1219 2214 1449 2273 accepisset
1480 2213 1554 2257 ille
1590 2214 1700 2258 buc-

320 2306 341 2330 »
376 2287 551 2338 cellam,
587 2286 689 2330 exiit
724 2285 948 2328 continuo.
989 2285 1094 2327 Erat
1131 2292 1275 2326 autem
1315 2298 1416 2327 nox.
1449 2285 1563 2328 Cum
1599 2297 1702 2341 crgo

318 2376 340 2400 »
375 2359 542 2413 exisset,
561 2356 666 2402 dicit
684 2358 823 2409 Jesus,
841 2357 966 2399 Nunc
983 2353 1241 2398 clarificatus
1262 2362 1325 2397 est
1341 2353 1476 2397 Filius
1492 2354 1699 2410 hominis,
1760 2353 1765 2357 ⁴

318 2449 337 2471 n
372 2436 415 2472 et
438 2432 550 2472 Deus
573 2426 830 2472 clarificatus
851 2433 913 2469 est
935 2424 981 2467 in
1003 2439 1053 2469 eo
1076 2444 1084 2468 ε
1109 2424 1187 2467 etsi
1216 2427 1326 2467 Deus
1357 2423 1612 2469 clarificatus
1634 2432 1703 2469 est

368 2529 377 2546 ¹
393 2524 486 2555 Joan.
499 2533 570 2562 1111,
590 2522 707 2564 23-27.
729 2537 770 2545 -
790 2527 802 2542 ²
822 2520 903 2553 Ibid.
928 2528 959 2552 α.
983 2535 1023 2542 -
1044 2517 1057 2542 3
1078 2519 1126 2550 Id.
1148 2529 1202 2559 xx,
1223 2518 1344 2559 27-32.
