1819 3301
378 285 516 311 sERMO
547 283 704 310 nomm
736 282 780 307 IN
813 280 989 318 MONTE,
1024 281 1106 306 Lm,
1142 281 1190 305 11.
1380 271 1463 307 259

85 360 306 398 ostentant
327 351 373 394 in
402 365 586 409 persona
613 347 733 409 quod
754 362 844 392 non
865 355 980 390 sunt.
1007 345 1345 405 Hypocritarum
1366 361 1466 404 ergo

85 422 262 467 nomine
284 420 553 465 simulatores
575 418 802 478 acceperis.
833 420 889 461 Et
911 426 974 461 est
991 432 1089 462 vere
1106 416 1295 460 multum
1313 430 1468 460 caven-

87 492 192 537 dum
216 501 259 535 et
285 490 517 535 molestum
538 488 840 533 simulatorum
864 503 1025 546 genus,
1051 487 1127 547 qui
1152 501 1252 531 cum
1271 485 1469 530 omnium

86 563 290 608 vitiorum
314 560 606 605 accusationes
623 559 723 604 odio
738 568 781 602 et
804 558 937 602 livore
954 558 1204 617 suscipiant,
1218 557 1348 601 etiam
1370 572 1472 601 con-

87 633 270 678 sultores
290 631 428 677 videri
449 646 492 674 se
509 629 678 674 volunt.
691 632 747 672 Et
762 627 859 672 ideo
884 629 951 687 pie
973 639 1186 689 cauteque
1202 625 1470 686 vigilandum

88 712 177 757 est,
215 711 294 756 ut,
324 716 425 746 cum
463 700 653 759 aliquem
684 697 1001 757 reprehendere
1034 698 1104 742 vel
1135 699 1362 757 objurgare
1396 713 1473 741 nos

67 772 318 836 ‘necessitas
346 770 556 829 coegerit,
586 769 775 828 primum
798 769 1036 826 cogitemus
1060 778 1204 812 utrum
1222 767 1308 812 tale
1330 768 1383 812 sit
1405 767 1472 812 vi-

89 844 199 888 tium
220 842 340 903 quod
362 856 589 901 nunquam
611 840 844 884 habuimus
862 874 872 893 ,
909 839 979 883 vel
1002 855 1090 899 quo
1106 840 1195 899 jam
1218 839 1435 883 caruimus
1462 859 1470 884 :

90 923 135 958 et
155 913 189 957 si
210 927 437 972 nunquam
467 911 701 955 habuimus
717 945 728 966 ‚
761 910 1002 968 cogitemus
1030 926 1108 954 nos
1138 910 1334 954 homines
1356 926 1470 965 esse,

91 993 134 1028 et
151 983 313 1027 habere
336 982 523 1042 potuisse
548 1001 555 1025 :
577 981 609 1025 si
631 996 734 1025 vero
763 980 996 1024 habuimus
1012 1015 1022 1035 ,
1047 990 1090 1024 et
1112 996 1201 1024 non
1229 980 1440 1024 habemus
1462 1015 1472 1035 ,

92 1062 243 1111 tangat
266 1053 518 1097 memoriam
536 1041 778 1094 com‘munis
795 1050 1035 1104 infirmitas,
1051 1059 1099 1093 ut
1113 1049 1231 1093 illam
1250 1053 1478 1110 reprehen-

93 1123 259 1166 sionem
284 1131 360 1166 aut
390 1121 757 1181 objurgationem,
784 1136 873 1164 non
891 1120 1039 1163 odium
1060 1155 1069 1175 ,
1091 1120 1165 1163 sed
1189 1121 1477 1165 misericordia

95 1192 311 1251 praecedat
336 1211 344 1236 z
366 1201 415 1235 ut
434 1191 522 1235 sive
541 1190 596 1234 ad
618 1190 928 1234 correctionem
953 1190 1042 1248 ejus
1058 1225 1068 1244 ,
1090 1201 1265 1249 propter
1280 1207 1411 1250 quem
1432 1190 1478 1234 id

93 1262 275 1307 facimus
292 1297 302 1316 ,
337 1262 424 1306 sive
460 1260 513 1304 ad
547 1260 865 1319 perversionem
893 1258 1098 1315 valuerit,
1133 1262 1265 1318 (nam
1288 1262 1478 1306 incertus

93 1342 159 1376 est
177 1333 314 1376 exitus
340 1351 348 1376 :
373 1333 390 1390 )
413 1346 490 1375 nos
512 1339 657 1374 tamen
680 1330 734 1373 de
756 1329 1028 1389 simplicitate
1051 1330 1167 1374 oculi
1190 1332 1324 1375 nostri
1340 1334 1478 1376 securi

93 1404 238 1448 simus.
267 1402 311 1448 Si
328 1411 472 1446 autem
488 1401 723 1458 cogitantes
745 1400 1029 1459 nosmetipsos
1051 1401 1343 1445 invenerimus
1366 1403 1410 1446 in
1428 1418 1478 1447 eo

91 1489 182 1518 esse
203 1472 309 1518 vitio
324 1507 334 1527 ,
359 1472 405 1515 in
424 1487 512 1531 quo
533 1480 597 1514 est
614 1470 687 1514 ille
705 1486 837 1530 quem
861 1471 1177 1529 reprehendere
1200 1473 1475 1531 parabamus,

93 1558 183 1588 non
204 1541 589 1602 reprehendamus,
613 1555 756 1600 neque
776 1540 1055 1600 objurgemus
1074 1561 1082 1586 :
1106 1541 1180 1585 sed
1204 1552 1348 1589 tamen
1370 1558 1477 1588 con·

93 1612 373 1671 gemiscamus
392 1631 402 1668 3
427 1620 470 1654 et
490 1626 578 1654 non
596 1609 725 1653 >ilium
747 1609 803 1654 ad
819 1610 1212 1669 obtemperandum
1230 1612 1354 1657 nobis
1367 1648 1377 1668 ,
1401 1614 1477 1657 sed

93 1683 149 1727 ad
171 1684 331 1742 pariter
353 1681 599 1726 conandum
620 1680 864 1723 invitemus.

153 1756 285 1797 LXV.
319 1755 426 1797 Nam
454 1761 496 1795 et
523 1750 633 1794 illud
669 1749 791 1809 quod
819 1750 923 1794 dicit
960 1752 1192 1810 Apostolus
1224 1773 1232 1796 2
1269 1772 1288 1794 «
1318 1756 1475 1798 Factus

95 1841 117 1865 »
153 1837 249 1867 sum
268 1825 290 1865 J
297 1821 429 1865 udaeis
447 1831 656 1879 tanquam
673 1820 868 1872 Judaeus,
889 1829 938 1861 ut
955 1823 978 1862 J
984 1822 1130 1863 udaeos
1146 1821 1444 1867 lucrifacerem
1464 1846 1475 1882 3

96 1912 116 1935 »
151 1893 218 1936 his
239 1892 315 1952 qui
337 1891 419 1935 sub
442 1893 556 1948 Lege
583 1900 707 1943 sunt,
733 1888 855 1948 quasi
878 1888 959 1931 sub
988 1891 1124 1947 Lege,
1154 1906 1254 1933 cum
1286 1906 1374 1935 non
1396 1894 1475 1938 sim

96 1981 116 2005 »
151 1964 242 2022 ipse
260 1963 342 2006 sub
361 1965 490 2019 Lege,
506 1970 556 2004 ut
577 1975 648 2003 eos
672 1958 748 2018 qui
771 1957 852 2001 sub
874 1960 988 2016 Lege
1011 1968 1133 2002 erant
1150 1958 1473 2021 lucrifacerem,

97 2051 117 2074 »
152 2033 219 2077 his
241 2033 423 2092 quisine
445 2033 559 2088 Lege
581 2038 697 2082 sunt,
715 2028 837 2087 quasi
859 2027 950 2071 sine
970 2030 1101 2086 Lege,
1126 2045 1224 2072 cum
1248 2031 1337 2074 sine
1360 2035 1474 2092 Lege

95 2121 116 2145 »
154 2104 230 2147 Dei
253 2118 343 2146 non
365 2102 443 2145 sim
465 2135 477 2155 ,
499 2099 574 2144 scd
596 2099 675 2143 sim
692 2099 736 2141 in
756 2101 871 2157 Lege
893 2099 1079 2153 Christi,
1108 2109 1154 2143 ut
1175 2099 1473 2147 lucrifacerem

95 2191 117 2215 »
153 2187 224 2216 eos
245 2172 320 2232 qui
341 2172 431 2215 sine
461 2173 574 2228 Lege
600 2178 702 2213 sunt
727 2188 736 2213 ε
761 2167 899 2213 factus
921 2184 1016 2212 sum
1045 2169 1224 2213 infirmis
1241 2171 1438 2218 infirmus
1459 2210 1469 2229 ‚

95 2260 118 2286 »
152 2253 202 2288 ut
219 2243 413 2286 infirmos
434 2239 733 2285 lucrifacerem
761 2259 770 2284 ε
796 2239 998 2284 omnibus
1017 2241 1159 2283 omnia
1184 2240 1321 2286 factus
1345 2259 1439 2287 sum
1458 2280 1488 2301 ,.

97 2332 118 2356 »
152 2323 202 2358 ut
229 2328 377 2357 omnes
412 2310 711 2355 lucrifacerem
738 2330 745 2354 :
776 2329 795 2351 »
827 2326 916 2353 non
944 2310 1095 2369 utique
1116 2310 1391 2357 simulatione
1414 2314 1474 2359 fa-

93 2384 261 2437 ciebat,
281 2380 648 2442 quemadmodum
671 2379 849 2440 quidam
868 2379 1048 2438 intelligi
1065 2380 1235 2436 volunt,
1257 2391 1306 2425 ut
1323 2399 1473 2428 eorum

94 2453 349 2499 detestanda
370 2451 588 2496 simulatio
607 2452 715 2495 tanti
733 2450 915 2509 exempli
940 2452 1195 2495 auctoritate
1216 2455 1436 2499 muniatur
1462 2477 1470 2502 :

94 2524 169 2569 sed
186 2526 269 2569 hoc
290 2523 477 2568 faciebat
495 2522 702 2566 charitate
719 2557 729 2577 ,
755 2538 841 2582 qua
863 2522 953 2581 ejus
971 2521 1264 2566 infirmitatem
1283 2559 1292 2578 ,
1318 2527 1387 2569 cui
1406 2543 1474 2571 vo-

95 2593 214 2639 lebat
233 2592 481 2647 subvenire,
507 2601 711 2651 tanquam
748 2606 868 2634 suam
893 2591 1122 2648 cogitabat.
1166 2594 1257 2637 Hoc
1280 2595 1393 2639 enim
1433 2607 1475 2642 et

1200 2664 1261 2701 17.
