1819 3301
356 263 440 302 320
782 274 816 303 s.
852 274 1083 304 Amusnm
1115 274 1297 303 Emscom

356 341 562 395 timenta,
588 340 745 400 quibus
775 339 1132 385 inconvenienter
1166 355 1304 384 novus
1324 355 1496 399 pannus
1529 342 1741 399 assuitur,

355 409 401 454 id
419 419 497 465 est,
524 410 667 470 aliqua
684 410 896 470 particula
919 409 1147 465 doctrinae,
1166 427 1266 471 quae
1283 411 1337 455 ad
1360 427 1484 456 novae
1506 412 1607 456 vitae
1634 421 1746 457 tem-

354 483 595 541 perantiam
615 483 801 542 pertinet
828 502 836 527 z
858 482 960 542 quia
983 483 1016 526 si
1038 474 1209 526 hoc‘fiat
1226 518 1236 538 ,
1257 492 1300 527 et
1318 483 1407 543 ipsa
1426 483 1623 529 doctrina
1640 500 1746 544 quo-

355 553 455 598 dam
475 555 606 598 modo
625 554 858 609 scinditur,
885 555 1007 614 cujus
1025 554 1235 614 particula
1253 571 1351 615 quae
1374 554 1428 599 ad
1447 555 1662 616 jejunium
1686 557 1748 600 ci-

354 625 512 670 borum
535 623 651 669 valet
670 660 681 679 ,
700 626 996 686 inopportune
1018 627 1230 681 traditur,
1258 642 1358 671 cum
1393 626 1466 670 illa
1500 626 1654 671 doceat
1671 642 1746 686 ge-

353 696 727 756 neralejejunium
747 733 757 751 ,
784 713 873 742 non
897 714 917 741 a
942 697 1295 756 concupiscentia
1321 697 1518 742 ciborum
1547 708 1743 754 tantum,

353 767 428 811 sed
450 767 504 811 ab
534 768 654 811 omni
687 767 838 813 laetitia
871 768 1179 828 temporalium
1214 768 1555 814 delectationum
1589 789 1597 814 :
1624 772 1748 830 cujus

351 839 475 898 quasi
496 854 690 898 pannum
706 875 716 894 ,
737 838 782 883 id
805 848 868 883 est
886 849 1053 899 partem
1076 839 1267 900 aliquam
1287 875 1298 894 ,
1324 856 1423 900 quae
1436 839 1491 884 ad
1512 840 1631 884 cibos
1649 856 1748 900 per-

352 909 489 963 tinet,
516 910 621 954 dicit
639 926 727 954 non
751 920 950 969 oportere
969 910 1221 954 hominibus
1245 910 1389 954 adhuc
1406 911 1542 955 veteri
1560 926 1746 956 consue-

353 980 497 1024 tudini
520 981 679 1025 deditis
702 982 940 1041 impertiri,
961 981 1062 1041 quia
1081 990 1124 1025 et
1141 980 1260 1024 illinc
1279 981 1402 1040 quasi
1425 981 1653 1026 conscissio
1682 983 1747 1027 vi-

354 1049 482 1095 detur
513 1052 627 1107 fieri,
659 1061 702 1096 et
739 1052 817 1111 ipsi
853 1051 1058 1096 vetustati
1095 1067 1186 1096 non
1228 1051 1447 1095 convenit.
1485 1051 1595 1096 Dicit
1618 1052 1748 1096 etiam

351 1121 510 1166 similes
545 1138 616 1166 eos
649 1138 738 1166 esse
772 1123 993 1166 veteribus
1018 1122 1190 1166 utribus
1212 1156 1222 1176 ,
1252 1137 1361 1180 quos
1399 1121 1501 1166 vino
1530 1138 1671 1177 novo,
1702 1121 1749 1166 id

352 1202 443 1248 est,
476 1193 997 1253 spiritalibuspraeceptis
1018 1229 1029 1248 ,
1060 1191 1226 1236 facilius
1263 1191 1497 1252 disrumpi,
1536 1209 1669 1253 quam
1703 1192 1748 1236 id

351 1264 574 1308 continere
598 1264 716 1309 dicit.
745 1268 882 1309 Erant
916 1274 1061 1309 autem
1088 1265 1178 1323 jam
1215 1272 1330 1307 utres
1356 1264 1480 1318 novi,
1520 1279 1622 1308 cum
1650 1272 1748 1324 post

351 1350 578 1379 ascensum
602 1336 793 1390 Domini,
812 1335 1026 1379 desiderio
1054 1333 1360 1378 consolationis
1393 1335 1485 1394 ejus
1518 1333 1683 1379 orando
1705 1343 1749 1379 et

350 1407 566 1466 Sperando
589 1407 930 1451 innovabantur.
960 1410 1082 1450 Tunc
1105 1408 1221 1449 enim
1252 1416 1513 1464 acceperunt
1539 1406 1747 1465 Spiritum

352 1489 570 1534 sanctum,
598 1495 686 1539 quo
709 1478 892 1538 impleti,
919 1493 1019 1522 cum
1043 1478 1256 1531 omnium,
1278 1476 1424 1536 quide
1446 1477 1623 1521 diversis
1646 1494 1749 1536 gen-

348 1549 465 1593 tibus
482 1551 678 1604 aderant,
695 1549 853 1608 linguis
868 1548 1170 1609 loquerentur,
1188 1548 1292 1591 dicti
1305 1558 1404 1592 sunt
1423 1559 1565 1594 musto
1583 1548 1742 1609 pleni¹.

348 1622 521 1665 Novum
543 1621 660 1665 enim
684 1620 834 1665 vinum
854 1621 945 1680 jam
968 1619 1092 1663 novis
1110 1618 1280 1662 utribus
1303 1627 1494 1663 venerat.

857 1764 1094 1814 QL‘AESTIO
1128 1766 1215 1804 XIX
1223 1796 1231 1804 .

414 1913 433 1935 «
456 1896 587 1939 HOMO
602 1892 782 1954 quidam
797 1891 1091 1937 descendebat
1109 1891 1163 1936 ab
1181 1889 1421 1936 Jerusalem
1440 1891 1484 1935 in
1497 1893 1522 1935 J
1525 1891 1672 1936 ericho
1689 1911 1698 1937 t
1719 1910 1740 1934 »

350 1965 442 2026 ipse
461 1965 602 2010 Adam
619 1963 878 2022 intelligitur
898 1964 945 2007 in
967 1978 1124 2022 genere
1144 1963 1354 2007 humano.
1385 1981 1404 2004 «
1427 1962 1689 2018 Jerusalem,
1720 1980 1741 2006 n

351 2037 500 2082 civitas
522 2036 638 2096 pacis
672 2034 743 2079 illa
767 2034 953 2078 coelestis
972 2068 982 2088 ,
1010 2049 1033 2077 a
1056 2033 1178 2093 cujus
1202 2031 1474 2077 beatitudine
1495 2032 1640 2092 lapsus
1663 2041 1740 2078 est.

353 2127 374 2151 ‹<
410 2108 600 2163 Jericho,
616 2126 635 2149 »
651 2109 776 2150 Luna
797 2106 1124 2165 interpretatur,
1143 2113 1186 2148 et
1207 2104 1418 2161 significat
1436 2104 1744 2149 mortalitatem

349 2188 544 2223 nostram
561 2213 572 2232 ,
593 2186 773 2238 propter
792 2175 913 2237 quod
935 2174 1149 2230 nascitur,
1174 2174 1326 2218 crescit
1343 2209 1353 2229 ,
1380 2174 1588 2230 senescit,
1613 2183 1656 2219 et
1675 2189 1746 2219 oc·
1788 2184 1802 2194 ⁴

349 2250 472 2295 cidit.
501 2268 522 2292 «
546 2252 756 2293 Latrones
777 2283 788 2303 ,
823 2265 842 2288 υ
867 2245 1067 2290 diabolus
1091 2254 1133 2289 et
1167 2244 1307 2303 angeli
1339 2245 1428 2305 ejus
1450 2265 1457 2290 :
1488 2264 1508 2287 «
1535 2244 1616 2299 Qui
1643 2260 1744 2290 eum

351 2339 372 2362 >›
408 2319 729 2381 spoliaverunt,
744 2316 1111 2362 »simmortalitate
1137 2335 1146 2360 ε
1170 2334 1190 2357 α
1207 2318 1264 2360 Et
1281 2315 1418 2374 plagis
1442 2315 1651 2376 impositis
1665 2319 1698 2371 ²,
1722 2335 1740 2356 »

349 2401 527 2451 peccata
562 2390 788 2436 suadendo
812 2409 819 2434 :
850 2408 870 2431 «
896 2387 1185 2448 Reliquerunt
1206 2386 1461 2431 semivivum
1489 2406 1497 2431 ς
1523 2405 1543 2428 »
1571 2388 1672 2447 quia
1693 2401 1744 2430 ex

348 2473 471 2523 parte
499 2479 587 2524 qua
616 2471 761 2523 potest
799 2459 1040 2518 intelligere
1065 2468 1108 2502 et
1145 2473 1406 2517 cognoscere
1440 2460 1597 2512 Deum,
1622 2458 1746 2502 vivus

350 2544 413 2578 est
433 2535 567 2579 homo
595 2553 603 2579 :
630 2549 680 2578 ex
700 2541 822 2593 parte
843 2547 928 2592 qua
947 2529 1130 2590 peccatis
1148 2527 1416 2574 contabescit
1435 2537 1479 2573 et
1514 2527 1742 2588 premitur,

403 2638 409 2654 ¹
429 2628 552 2676 Actfn,
573 2632 667 2666 1-13.
689 2647 729 2655 -=
747 2636 758 2654 ²
780 2630 856 2663 Luc.
879 2639 910 2670 x,
930 2627 1040 2669 30-37.
