1819 3301
377 241 460 279 210
822 254 855 283 3.
893 258 1123 285 AUGUsTml
1157 258 1336 284 εΡιεεοΡι

374 328 668 379 praeceptum,
699 340 719 363 «
746 322 788 366 Si
823 322 1020 366 esurierit
1051 320 1254 365 inimicus
1275 330 1407 376 tuus,
1436 320 1532 365 ciba
1553 320 1678 365 illum
1694 356 1705 375 ,
1729 323 1762 366 si

376 404 396 428 »
431 389 584 434 sitierit
607 401 756 450 potum
782 391 837 435 da
855 391 917 435 illi
936 394 967 435 ¹.
996 409 1016 432 »

429 460 530 502 VII.
558 461 699 505 Tertia
720 460 830 505 solet
851 476 941 505 esse
957 459 1194 505 carnalium
1210 461 1373 521 opinio,
1395 469 1482 505 tam
1506 459 1694 505 absurda
1718 470 1762 505 et

369 527 568 583 ridenda,
587 539 636 573 ut
659 546 749 574 non
771 546 864 574 eam
881 546 1282 586 commemorarem,
1303 531 1384 575 nisi
1401 540 1605 591 expertus
1627 546 1762 575 essem

369 613 459 643 non
492 614 652 658 paucos
687 617 739 645 eo
763 617 907 646 errore
939 601 1154 657 detineri,
1186 603 1263 662 qui
1285 602 1440 646 dicunt
1473 601 1656 645 sinistrae
1679 616 1761 646 no-

369 669 486 713 mine
509 686 689 715 uxorem
707 671 961 730 significari,
986 682 1036 717 ut
1057 673 1266 733 quoniam
1288 673 1334 715 in
1356 688 1402 716 re
1424 671 1626 716 familiari
1643 682 1760 716 tena-

367 739 503 784 ciores
536 742 818 801 pecuniarum
851 743 993 788 solent
1024 759 1114 788 esse
1142 743 1364 797 foeminae,
1397 743 1531 787 lateat
1553 759 1623 787 eas
1660 758 1761 788 cum

366 809 532 870 aliquid
546 812 878 858 misericorditer
890 814 971 858 viri
989 829 1139 858 earum
1156 814 1318 872 egenis,
1344 813 1607 873 impendunt
1630 829 1761 874 prop-

372 889 435 923 ter
461 879 717 927 domesticas
737 883 856 928 lites.
887 885 1019 937 Quasi
1045 900 1149 929 vero
1171 883 1251 928 soli
1273 883 1353 928 viri
1382 883 1616 929 Christiani
1643 883 1729 928 sint
1745 918 1757 939 ‚

371 961 414 995 et
433 967 521 996 non
541 953 624 998 hoc
642 964 910 1014 praeceptum
933 955 1064 999 etiam
1081 955 1276 1000 foeminis
1297 955 1450 999 datum
1471 955 1539 999 sit.
1560 955 1644 1000 Cui
1659 970 1761 1013 ergo

366 1022 548 1069 sinistrae
561 1025 743 1085 jubetur
760 1024 940 1071 foemina
962 1026 1182 1071 occultare
1197 1042 1306 1086 opus
1320 1024 1624 1071 misericordiae
1644 1028 1761 1070 suae?

317 1128 320 1130 v
367 1096 436 1137 An
463 1095 593 1140 etiam
610 1096 675 1139 vir
693 1096 863 1141 sinistra
884 1097 965 1141 erit
987 1095 1209 1141 foeminae?
1231 1096 1353 1157 quod
1373 1096 1678 1141 absurdissime
1700 1095 1761 1140 di-

365 1168 492 1212 citur.
524 1170 613 1211 Aut
640 1167 675 1211 si
705 1168 920 1227 quispiam
954 1177 1080 1228 putat
1104 1168 1291 1212 invicem
1315 1168 1395 1211 sibi
1429 1167 1618 1212 sinistras
1639 1182 1758 1225 esse,

364 1238 398 1281 si
432 1237 487 1281 ab
517 1238 652 1281 altero
687 1237 747 1281 ita
782 1247 984 1296 erogetur
1012 1237 1178 1298 aliquid
1216 1237 1271 1282 de
1300 1253 1345 1282 re
1371 1237 1601 1292 familiari,
1627 1247 1676 1282 ut
1705 1236 1760 1282 sit

365 1318 516 1352 contra
538 1307 713 1351 alterius
735 1308 1024 1363 voluntatem,
1042 1324 1131 1353 non
1147 1309 1228 1352 erit
1250 1307 1534 1352 christianum
1554 1307 1639 1352 tale
1659 1323 1759 1352 con-

354 1378 526 1438 jugium
549 1398 557 1422 ε
584 1377 659 1421 sed
683 1393 854 1422 necesse
875 1388 939 1422 est
966 1388 1015 1422 ut
1035 1378 1232 1438 quisquis
1256 1394 1409 1423 eorum
1433 1378 1757 1436 eleemosynam

362 1449 503 1493 facere
520 1449 707 1493 voluerit
731 1465 782 1492 ex
804 1459 1021 1509 praecepto
1046 1451 1151 1504 Dei,
1177 1465 1504 1510 quemcumque
1527 1448 1757 1494 adversum

362 1518 580 1574 habuerit,
601 1519 800 1563 inimicus
814 1520 867 1563 sit
890 1529 1110 1579 praecepto
1135 1521 1227 1574 Dei,
1249 1529 1292 1563 et
1314 1519 1412 1563 ideo
1427 1519 1541 1563 inter
1558 1517 1757 1563 infideles

363 1590 600 1649 deputetur
622 1610 630 1634 :
656 1600 925 1649 praeceptum
943 1599 1008 1634 est
1024 1599 1171 1634 autem
1189 1590 1242 1633 de
1265 1588 1421 1633 talibus
1440 1625 1450 1639 ,
1472 1598 1523 1633 ut
1544 1591 1660 1634 bona
1682 1605 1758 1633 sua

363 1661 691 1705 conversatione
724 1676 772 1704 ac
796 1661 990 1704 moribus
1013 1658 1259 1713 lucrifaciat
1294 1675 1474 1704 uxorem
1499 1659 1679 1705 maritus
1701 1660 1755 1703 fi—

362 1730 492 1784 delis,
524 1729 592 1774 vel
623 1730 828 1774 maritum
864 1731 1021 1774 mulier
1050 1729 1219 1774 fidelis:
1248 1740 1518 1790 quapropter
1552 1729 1758 1782 non,‚sibi

362 1801 527 1845 debent
549 1800 770 1845 occultare
804 1802 919 1845 bona
943 1816 1073 1860 opera
1094 1816 1170 1844 sua
1187 1836 1198 1855 ,
1232 1801 1398 1861 quibus
1419 1800 1632 1845 invitandi
1653 1809 1759 1844 sunt

364 1871 419 1916 ad
442 1872 655 1927 invicem,
692 1881 739 1915 ut
773 1871 880 1915 alter
914 1870 1098 1915 alterum
1132 1871 1266 1930 possit
1294 1870 1350 1915 ad
1384 1871 1630 1916 christianae
1652 1870 1758 1915 fidei
1816 1887 1818 1890 ·

363 1943 718 1988 communionem
742 1942 937 1986 invitare.
961 1944 1048 1986 Nec
1069 1941 1187 1985 furta
1209 1939 1410 1985 facienda
1432 1952 1562 1996 sunt,
1587 1952 1637 1986 ut
1657 1957 1759 2001 pro-

364 2022 580 2056 mereatur
604 2016 732 2057 Deus.
764 2012 893 2064 Quod
915 2012 947 2055 si
969 2010 1279 2055 occultandum
1303 2020 1368 2055 est
1389 2010 1581 2072 aliquid,
1611 2028 1757 2072 quan-

365 2084 442 2127 diu
475 2084 649 2127 alterius
680 2083 906 2126 infirmitas
934 2081 1061 2142 aequo
1090 2082 1234 2126 animo
1265 2081 1311 2125 id
1334 2097 1423 2126 non
1447 2091 1588 2141 potest
1624 2082 1757 2126 susti·
1816 2106 1819 2139 3

365 2170 482 2209 nere,
500 2153 621 2214 quod
644 2162 789 2197 tamen
812 2168 900 2197 non
922 2153 1081 2213 injuste
1102 2162 1232 2211 atque
1249 2151 1396 2196 illicite
1413 2152 1485 2197 fit:
1504 2167 1593 2196 non
1611 2161 1758 2196 tamen
1817 2203 1819 2207 ¹

364 2226 501 2284 ipsam
521 2240 638 2268 nunc
659 2224 871 2268 sinistram
894 2223 1125 2282 significari
1147 2223 1278 2266 totius
1301 2221 1481 2282 capituli
1504 2222 1758 2267 considera-

363 2297 481 2341 tione
500 2295 625 2339 facile
647 2303 851 2354 apparet,
874 2295 920 2338 in
941 2310 1027 2354 qua
1048 2293 1178 2337 simul
1199 2293 1444 2338 invenietur
1465 2309 1599 2354 quam
1620 2293 1757 2339 sinis-

367 2376 479 2412 tram
503 2375 643 2412 vocet.

425 2441 547 2482 VIII.
576 2457 595 2480 «
620 2439 796 2491 Cavete,
821 2436 985 2496 inquit,
1007 2434 1149 2481 facere
1162 2435 1375 2495 justitiam
1398 2445 1584 2480 vestram
1606 2450 1754 2480 coram

372 2527 391 2549 »
425 2507 679 2552 hominibus
698 2542 709 2562 ,
739 2515 789 2551 ut
810 2505 1045 2551 videamini
1075 2505 1131 2550 ab
1154 2505 1244 2550 eis:
1282 2505 1477 2566 alioquin
1510 2504 1757 2552 mercedem

420 2600 427 2614 ¹
453 2595 542 2624 Prov.
568 2603 643 2630 xxv,
663 2601 719 2632 21,
737 2595 770 2623 et
788 2593 867 2622 Rom
898 2601 951 2630 xii,
979 2599 1032 2622 20.
