1819 3301
275 230 327 254 DE
358 228 565 257 CONSENSU
598 228 1009 267 EVANGELISTARUM7
1045 231 1126 256 Lm.
1152 233 1212 258 iv.
1357 222 1437 260 115

70 305 199 349 quam
232 291 436 334 membris
463 293 552 351 ejus
583 293 768 336 sociatur
791 311 799 336 ε
826 291 1018 351 alioquin
1046 292 1267 351 quomodo
1289 309 1442 337 verum

70 361 148 403 erit
191 380 199 404 :
228 379 246 400 «
279 362 359 412 Qui
392 376 466 404 vos
505 362 680 419 recipit,
706 377 776 404 me
798 362 947 420 recipit
969 364 982 386 ¹
1011 380 1019 405 ε
1048 379 1068 402 »
1102 371 1144 405 et
1164 397 1174 416 ,
1205 381 1224 404 «
1256 363 1442 415 Quando

73 446 93 469 »
127 430 204 472 uni
226 445 275 472 ex
295 430 480 472 minimis
499 430 602 472 meis
618 430 791 484 fecistis,
807 431 913 473 mihi
934 431 1120 474 fecistis²
1143 451 1151 474 2
1173 449 1192 471 »
1215 441 1289 474 aut
1304 440 1444 489 potest

71 499 199 542 etiam
217 515 304 542 non
327 514 414 542 esse
435 499 635 542 adversus
657 514 778 552 eum,
799 500 873 558 qui
889 499 1020 543 fuerit
1040 499 1241 544 adversus
1267 520 1286 542 «
1308 501 1444 545 Disci-

74 585 94 608 »
127 568 253 626 pulos
285 570 409 627 ejus?
431 571 537 612 Nam
571 569 647 611 ubi
669 569 748 611 erit
769 568 900 622 illud,
926 570 1011 621 Qui
1044 585 1118 613 vos
1145 571 1310 628 spernit
1329 605 1340 624 ‚
1375 586 1446 614 me

75 636 113 677 »‘
130 638 320 696 spernit3
348 658 355 682 ;
381 657 400 678 »
427 649 468 681 et
495 658 512 678 «
540 639 725 691 Quando
751 638 824 681 uni
847 654 897 681 ex
920 639 1107 682 minimis
1130 641 1233 684 meis
1268 656 1358 684 non
1381 640 1447 684 fe-

75 724 95 747 »
129 708 241 750 cistis
258 742 268 760 ,
294 723 436 766 neque
456 708 556 750 mihi
581 707 761 751 fecistis‘⁴
784 727 793 751 ε
823 725 842 747 »
864 716 907 750 et
927 742 937 760 ‚
965 727 983 749 «
1009 709 1135 752 Saule
1154 744 1164 762 ‚
1195 710 1321 754 Saule
1340 711 1448 769 quid

75 795 95 816 »
130 792 199 820 me
215 778 481 836 persequeris
495 780 542 818 5?
567 796 586 818 2)
610 793 709 821 cum
724 776 963 835 Discipulos
985 778 1074 837 ejus
1096 783 1450 838 persequeretur?

76 845 159 890 Sed
181 847 385 890 nimirum
409 847 490 890 hoc
513 846 607 890 vult
625 845 809 904 intelligi
828 881 838 900 ,
866 847 911 889 in
924 855 1094 890 *tantum
1127 863 1226 892 cum
1252 848 1326 892 illo
1360 865 1450 893 non

73 930 161 958 esse
183 915 369 974 aliquem
385 951 395 968 ‚
421 917 466 958 in
488 924 704 974 quantum
723 924 786 959 est
806 915 1009 960 adversus
1026 916 1173 974 illum3
1209 926 1253 963 et
1273 918 1319 961 in
1351 928 1449 962 tan-

73 995 168 1028 tum
200 985 402 1029 adversus
425 986 545 1029 illum
568 1002 657 1029 non
691 1002 780 1030 esse
796 1022 806 1040 ,
829 987 874 1029 in
904 997 1116 1046 quantum
1139 1004 1238 1031 cum
1264 988 1340 1033 illo
1370 998 1448 1032 est.

74 1055 270 1113 Exempli
294 1056 425 1113 gratia
448 1091 458 1109 ,
482 1056 592 1099 sicut
614 1056 692 1099 iste
714 1057 802 1114 ipse
823 1057 899 1115 qui
921 1057 965 1099 in
992 1059 1166 1100 nomine
1184 1059 1343 1102 Christi
1364 1060 1452 1102 vir-

45 1122 57 1128 ’”
77 1133 187 1168 tutes
201 1123 384 1167 faciebat
401 1134 442 1167 et
460 1125 504 1167 in
520 1125 721 1168 societate
734 1125 1052 1183 Discipulorum
1067 1128 1226 1170 Christi
1240 1144 1327 1171 non
1341 1139 1447 1182 erat,

74 1195 118 1236 in
141 1204 353 1253 quantum
375 1195 635 1253 operabatur
651 1195 830 1238 virtutes
852 1195 896 1237 in
925 1194 1038 1238 illius
1061 1197 1235 1240 nomine
1253 1231 1263 1250 ‚
1291 1197 1336 1239 in
1359 1207 1451 1240 tan-

74 1271 167 1306 tum
189 1278 288 1307 cum
306 1264 405 1322 ipsis
428 1273 532 1317 erat,
554 1273 596 1306 et
610 1263 813 1307 adversus
839 1280 910 1311 eos
928 1280 1015 1308 non
1034 1274 1145 1322 erat3
1176 1267 1219 1308 in
1238 1276 1452 1326 quantum

73 1347 175 1375 vero
197 1348 346 1376 eorum
369 1333 561 1376 societati
579 1348 667 1376 non
685 1333 951 1387 adhaerebat,
976 1334 1021 1376 in
1045 1343 1215 1378 tantum
1238 1352 1336 1379 cum
1357 1337 1456 1395 ipsis

74 1416 163 1444 non
185 1412 301 1456 erat,
324 1411 365 1445 et
388 1403 590 1446 adversus
611 1418 682 1446 eos
704 1412 809 1446 erat.
833 1402 917 1446 Sed
939 1403 1040 1462 quia
1068 1403 1130 1446 illi
1152 1405 1234 1448 hoc
1263 1421 1362 1448 eum
1387 1405 1454 1449 fa-

74 1487 170 1514 cere
199 1473 531 1530 prohibuerant,
561 1473 606 1514 in
629 1488 717 1530 quo
739 1488 838 1515 cum
860 1472 959 1530 ipsis
988 1481 1108 1526 erat,
1135 1472 1241 1516 dixit
1269 1477 1328 1518 eis
1361 1479 1453 1519 Do-

76 1541 243 1585 minus:
272 1560 292 1582 «
325 1541 466 1585 Nolite
502 1541 746 1599 prohibere.
772 1560 789 1581 ι)
823 1540 937 1584 Illud
969 1542 1084 1584 enim
1121 1543 1348 1600 prohibere
1371 1544 1451 1587 de-

73 1609 264 1653 buerunt
279 1645 290 1664 ,
315 1610 434 1670 quod
459 1620 575 1654 extra
593 1625 744 1653 eorum
764 1619 855 1653 erat
886 1611 1131 1654 societatem
1153 1647 1163 1665 ‚
1185 1621 1234 1655 ut
1256 1613 1319 1656 illi
1349 1615 1450 1657 uni-

71 1687 201 1722 tatem
222 1680 422 1723 Ecclesiae
444 1679 696 1735 suaderent3
717 1695 804 1722 non
818 1679 928 1722 illud
951 1679 994 1721 in
1014 1696 1101 1738 quo
1123 1696 1222 1724 cum
1240 1680 1321 1726 illis
1341 1692 1449 1738 erat,

73 1764 232 1792 nomen
253 1749 413 1792 scilicet
431 1749 622 1805 Magistri
645 1758 686 1791 et
712 1749 1051 1792 Dominieorum
1072 1751 1116 1791 in
1135 1749 1452 1796 daemoniorum

72 1818 320 1875 expulsione
353 1817 677 1861 commendans.
706 1818 825 1861 Sicut
858 1817 1068 1861 catholica
1091 1818 1281 1862 Ecclesia
1313 1820 1417 1864 facit
1437 1856 1449 1875 ,

71 1902 160 1930 non
182 1887 430 1945 improbans
463 1887 507 1928 in
541 1886 753 1930 haereticis
791 1896 1056 1930 sacramenta
1095 1889 1373 1947 communia3
1408 1890 1452 1934 in

70 1957 136 2000 his
160 1957 272 2000 enim
300 1958 523 2001 nobiscum
544 1966 670 2008 sunt,
699 1965 742 1999 et
759 1957 961 2000 adversus
983 1973 1060 2000 nos
1093 1973 1181 2001 non
1213 1970 1313 2003 sunt
1335 1979 1344 2004 ε
1376 1961 1451 2005 sed

71 2027 286 2085 improbat
315 2037 358 2071 et
390 2027 592 2086 prohibet
628 2026 882 2071 divisionem
920 2043 969 2070 ac
1006 2029 1340 2086 separationem,
1381 2031 1450 2074 vel

72 2097 260 2156 aliquam
294 2098 515 2141 adversam
552 2097 647 2155 paci
679 2097 936 2156 veritatique
973 2099 1253 2156 sententiam3
1284 2101 1328 2143 in
1366 2101 1448 2146 hoc

71 2167 187 2210 enim
210 2167 412 2211 adversus
436 2182 513 2210 nos
530 2175 657 2220 sunt,
682 2166 783 2225 quia
801 2162 951 2210 in'hoc
969 2167 1195 2212 nobiscum
1217 2184 1306 2213 non
1329 2180 1446 2225 sunt,

71 2245 113 2279 et
135 2237 359 2280 nobiscum
380 2252 467 2280 non
490 2235 718 2294 colligunt,
743 2245 786 2279 et
807 2236 904 2279 ideo
931 2246 1153 2294 spargunt.

117 2338 126 2354 ¹
147 2332 267 2364 Matth.
288 2343 320 2371 x,
338 2332 438 2373 4o.—
459 2332 534 2363 ²1d.
559 2341 633 2371 xxv,
653 2329 754 2371 4o,—
768 2328 780 2352 3
804 2333 882 2362 Luc.
905 2342 936 2371 x,
959 2331 1007 2362 16.
1031 2349 1071 2353 -
1088 2331 1103 2360 4
1118 2332 1321 2374 Matthrxxv,
1340 2334 1447 2376 44.-

70 2384 86 2409 5
99 2387 180 2420 *Ace
197 2399 240 2428 ix,
256 2386 291 2428 4.
