1819 3301
307 229 360 264 52
755 236 787 263 s.
825 236 1053 263 At‘ccsa·1n·1
1088 235 1265 262 Ek’lsCOPl

301 317 398 345 mur
415 335 425 355 ,
452 302 698 344 narratione
720 301 898 345 ‚loannis
922 315 1128 359 urgemur
1154 318 1163 343 ι
1187 299 1358 343 tertiam
1378 301 1548 341 Marcus
1566 309 1688 339 com-

300 379 533 426 memorat,
578 371 736 431 quibus
759 371 791 414 si
825 379 1008 430 uterque
1031 378 1229 413 nostrum
1252 366 1410 422 credit,
1437 364 1618 410 ostende
1639 373 1690 408 tu

302 442 426 487 aliter
443 440 812 503 quemadmodum
827 441 918 484 fieri
932 450 1170 500 utrumque
1182 438 1388 500 potuerit,
1407 435 1689 481 libentissime

303 514 589 573 acquiescam.
615 515 713 557 Non
736 513 848 555 enim
878 511 1136 555 sententiam
1160 525 1300 554 meam
1317 544 1328 564 ‚
1362 507 1436 553 sed
1465 504 1691 565 Evangelii

299 582 433 643 diligo
452 583 695 628 veritatem.
723 585 868 642 Atque
891 582 1056 639 utinam
1069 581 1200 625 etiam
1217 579 1362 640 plures
1384 578 1439 623 ab
1460 576 1552 621 aliis
1572 576 1691 620 inve-

302 654 480 698 niantur
501 654 630 714 hujus
652 653 791 697 exitus
813 652 1064 714 quaestionis
1091 671 1100 696 ε
1126 650 1248 712 quod
1275 650 1414 694 donec
1436 648 1532 702 fiat,
1567 656 1690 690 utere

302 741 474 770 meeum
497 726 578 769 isto
601 725 635 769 si
655 724 811 785 placet.
840 726 883 770 Si
908 725 1024 769 enim
1041 723 1190 768 nullus
1211 722 1319 766 alius
1342 721 1480 765 exitus
1499 719 1691 779 potuerit

298 796 503 849 inveniri,
523 795 639 840 solus
658 795 738 840 iste
756 796 941 840 sufficiet
967 814 976 840 ε
1000 795 1033 838 si
1055 803 1202 838 autem
1234 792 1447 853 potuerit,
1481 804 1581 834 curn
1610 789 1688 833 de-

297 876 562 913 monstratus
576 865 723 922 fuerit,
735 866 956 924 eligemus.
977 868 1164 909 Tantum
1177 879 1266 908 non
1279 872 1404 922 putes
1418 875 1687 920 consequens

298 953 388 982 esse
403 973 414 993 ,
440 947 490 982 ut
511 937 697 997 quilibet
720 936 918 981 omnium
940 944 1128 996 quatuor
1151 932 1528 992 Evangelistarum
1560 946 1686 974 men-

299 1009 403 1052 titus
423 1008 476 1051 sit
494 1043 504 1063 ‚
540 1016 615 1052 aut
637 1008 683 1051 in
700 1016 821 1051 tanto
843 1016 886 1051 et
910 1015 996 1050 tam
1026 1014 1175 1049 sancto
1197 1002 1387 1049 culmine
1420 1000 1686 1046 auctoritatis

301 1079 522 1123 erraverit.

359 1151 515 1192 XLIV.
544 1149 588 1193 Si
611 1157 755 1192 autem
783 1148 880 1208 quis
910 1146 1089 1201 dixerit,
1115 1146 1280 1189 scinde
1307 1144 1563 1188 convincere
1601 1157 1691 1186 non

299 1220 430 1264 fuisse
456 1220 607 1263 horam
626 1220 798 1263 tertiam
815 1253 825 1272 ,
847 1234 946 1263 cum
971 1217 1079 1261 illud
1096 1216 1237 1260 Judaei
1253 1214 1566 1267 clamaverunt,
1588 1213 1690 1272 quia

301 1300 584 1350 posteaquam
620 1289 728 1332 dixit
769 1289 883 1332 idem
909 1291 1094 1332 Marcus.
1125 1306 1143 1328 «
1173 1286 1333 1331 Pilatus
1363 1294 1508 1329 autern
1531 1284 1689 1327 iterum

304 1379 325 1402 »
361 1361 626 1419 respondens
655 1359 713 1402 ait
744 1358 826 1402 illis
851 1377 858 1402 :
886 1358 998 1411 Quid
1030 1373 1133 1416 ergo
1156 1357 1286 1401 vultis
1312 1356 1466 1400 faciam
1500 1354 1589 1413 regi
1611 1356 1691 1397 Ju-

304 1450 324 1472 »
361 1429 588 1474 daeorum?
611 1433 668 1474 At
685 1428 747 1472 illi
768 1429 925 1472 iterum
945 1428 1264 1472 clamaverunt:
1287 1426 1501 1483 Crucifige
1523 1439 1643 1468 eum:
1667 1441 1686 1464 »

302 1516 393 1545 non
426 1500 717 1558 interponitur
739 1498 904 1558 aliquid
940 1513 1160 1542 morarum
1192 1498 1246 1541 ab
1275 1497 1429 1541 eodem
1466 1498 1614 1540 Marco
1645 1494 1691 1537 in

303 1572 394 1630 ejus
417 1569 664 1614 narratione
680 1603 691 1624 ‚
725 1579 768 1612 et
789 1570 999 1613 continuo
1022 1568 1077 1611 ad
1108 1569 1150 1611 id
1173 1567 1449 1627 pervenitur,
1475 1575 1525 1610 ut
1548 1563 1692 1609 trade-

306 1650 425 1685 retur
445 1640 499 1684 ad
520 1654 695 1684 crucem
722 1639 930 1682 Dominus
960 1655 981 1682 a
1010 1638 1148 1682 Pilato
1167 1673 1177 1693 ,
1214 1636 1334 1698 quod
1366 1640 1555 1681 Joannes
1585 1636 1692 1679 hora

304 1711 428 1772 quasi
449 1719 563 1754 sexta
593 1708 756 1754 factum
784 1724 873 1752 esse
905 1718 1229 1753 commemorat.
1265 1707 1486 1766 intelligat
1507 1708 1583 1766 qui
1610 1707 1694 1750 hoc

307 1781 411 1825 dicit
432 1816 443 1835 ⁷
468 1779 606 1823 multa
630 1779 913 1838 praetermissa
940 1794 1050 1833 esse,
1074 1794 1173 1838 quae
1196 1779 1240 1821 in
1263 1777 1406 1821 medio
1431 1787 1544 1835 gesta
1564 1785 1690 1830 sunt,

305 1867 406 1896 cum
443 1851 604 1895 Pilatus
627 1859 773 1908 ageret
790 1865 989 1908 quaerens
1007 1848 1229 1908 quomodo
1255 1863 1356 1892 eum
1378 1863 1401 1890 a
1425 1851 1446 1889 J
1454 1846 1587 1890 udaeis
1610 1845 1695 1889 eri-

304 1930 453 1981 peret,
491 1930 533 1964 et
555 1920 757 1964 adversus
790 1935 940 1963 eorum
966 1919 1275 1961 insanissimam
1299 1917 1569 1960 voluntatem
1592 1916 1693 1976 qui-

286 2004 295 2014 ·
307 1994 582 2052 buscumque
595 1991 734 2035 modis
751 1991 892 2047 potuit
906 1988 1209 2032 instantissime
1225 1989 1449 2031 niteretur.
1462 1988 1695 2031 Matthaeus

307 2063 423 2107 enim
446 2063 505 2106 ait
531 2081 540 2106 :
570 2080 590 2103 c<
616 2062 726 2105 Dicit
747 2060 828 2104 illis
852 2059 1038 2104 Pilatus:
1059 2059 1176 2112 Quid
1197 2059 1324 2116 igitur
1346 2058 1497 2102 faciam
1517 2058 1572 2102 de
1593 2062 1697 2103 ,lesu

312 2152 333 2174 »
369 2133 446 2192 qui
481 2131 640 2175 dicitur
669 2130 896 2176 Christus?
926 2130 1085 2173 Dicunt
1119 2144 1268 2173 omnes
1297 2148 1304 2172 :
1331 2130 1647 2187 Crucifigatur3
1672 2148 1692 2170 »

309 2212 415 2246 tunc
437 2200 566 2246 fuisse
580 2201 764 2245 dicimus
786 2201 938 2244 horam
954 2199 1139 2243 tertiam.
1153 2199 1282 2252 Quod
1300 2208 1446 2243 autem
1464 2200 1697 2244 Matthaeus

309 2272 506 2332 sequitur
539 2280 581 2316 et
614 2279 759 2314 narrat
785 2290 794 2314 :
823 2289 842 2311 «
871 2268 1029 2313 Videns
1063 2278 1208 2312 autem
1241 2268 1426 2323 Pilatus,
1464 2269 1566 2329 quia
1588 2268 1698 2313 nihil

314 2363 333 2384 »
369 2342 618 2401 proficeret,
645 2339 720 2385 sed
743 2341 875 2398 magis
899 2338 1111 2382 tumultus
1134 2339 1255 2382 fieret
1273 2358 1281 2383 ε
1299 2358 1316 2387 η
1337 2349 1379 2382 et
1402 2341 1446 2382 in
1469 2340 1699 2384 conatibus

313 2413 436 2458 Pilati
459 2413 514 2456 ad
535 2411 808 2471 eripiendum
828 2410 1076 2464 Dominum,
1098 2419 1140 2453 et
1163 2410 1207 2453 in
1225 2410 1420 2453 tumultu
1443 2409 1700 2454 Judaeorum

312 2493 462 2529 contra
480 2484 710 2526 nitentium
728 2516 739 2536 ,
759 2490 1067 2539 consumptum
1093 2491 1261 2539 tempus
1285 2481 1469 2524 duarum
1495 2482 1701 2525 horarum

315 2552 620 2610 intelligimus,
646 2562 688 2596 et
719 2561 906 2611 coeptam
931 2549 1058 2595 fuisse
1081 2558 1264 2603 sextam,
1290 2567 1374 2608 qua
1396 2550 1592 2595 nondum
1615 2559 1701 2594 ter-
