1819 3301
335 221 419 260 466
508 224 515 229 ‘
769 232 800 261 s.
839 234 1070 261 aucum-im
1103 234 1286 261 EPISCOPI

327 314 506 357 pacem,
536 298 614 359 qui
649 297 886 343 Ecclesiam
923 313 1012 342 non
1044 297 1336 343 laniaverunt.
1367 300 1476 343 Nam
1509 299 1630 343 'corvi
1663 297 1720 343 de

325 378 476 414 monte
499 378 757 430 pascuntur,
783 369 867 412 hoc
889 367 1093 412 columba
1127 384 1216 413 non
1244 369 1378 413 habet
1405 388 1414 414 ε
1441 367 1495 413 de
1521 367 1720 428 frugibus

324 448 451 484 terrae
472 440 600 495 vivit,
625 439 836 484 innocens
858 439 949 498 ejus
980 439 1119 484 victus
1141 448 1230 485 est:
1253 440 1374 500 quod
1396 454 1514 495 vere,
1545 440 1716 495 fratres,

324 511 574 556 mirandum
595 519 659 554 est
678 509 725 553 in
762 508 983 554 columba.
1014 512 1123 555 Sunt
1145 526 1337 570 passeres
1359 510 1622 566 brevissimi,
1648 509 1720 555 vel

327 597 494 626 muscas
529 580 738 626 occidunt
773 598 782 624 ε
812 578 922 624 nihil
950 580 1108 625 horum
1147 581 1381 638 columba3
1410 596 1501 626 non
1528 581 1645 624 enim
1666 579 1722 625 de

327 661 466 697 morte
487 654 691 712 pascitur.
717 652 802 705 Qui
826 652 1103 698 laniaverunt
1124 653 1366 698 Ecclesiam
1383 687 1396 707 ‚
1422 651 1478 696 de
1507 652 1723 697 mortibus

327 732 580 781 pascuntur.
618 727 776 768 Potens
797 731 861 767 est
884 726 997 768 Deus
1019 759 1030 774 ‚
1061 740 1263 784 rogemus
1286 733 1335 768 ut
1368 723 1626 768 reviviscant
1647 723 1724 784 qui

326 793 592 839 devorantur
608 795 663 840 ab
685 795 745 839 eis
767 804 810 838 et
831 810 922 839 non
939 796 1148 840 sentiunt.
1175 795 1305 841 Multi
1326 804 1593 854 agnoscunt,
1622 794 1724 855 quia

332 865 617 919 reviviscunt;
642 882 745 911 nam
775 865 832 910 ad
853 881 1004 910 eorum
1027 865 1266 912 adventum
1302 864 1498 926 quotidie
1529 864 1724 924 gratula-

323 951 422 980 mur
437 937 482 981 in
499 937 676 982 nomine
703 937 881 983 Christi.
909 939 996 982 Vos
1018 946 1191 983 tanturn
1213 937 1273 982 sic
1297 946 1440 982 estote
1467 936 1683 996 simplices
1707 971 1720 992 ‚

326 1015 377 1050 ut
404 1007 493 1053 sitis
526 1006 769 1054 ferventes:
795 1016 838 1052 et
872 1006 1015 1053 fervor
1035 1017 1177 1054 vester
1207 1008 1254 1052 in
1291 1007 1455 1067 linguis
1477 1007 1546 1051 sit.
1580 1006 1724 1052 Nolite

325 1087 468 1123 tacere
494 1099 503 1125 ε
529 1079 785 1124 ardentibus
806 1077 966 1138 linguis
993 1079 1224 1140 loquentes
1243 1114 1254 1136 ‚
1279 1079 1505 1125 accendite
1526 1077 1720 1138 frigidos.

384 1152 437 1195 V.
463 1152 581 1206 Quid
619 1154 737 1196 enim
761 1187 772 1206 ‚
798 1152 952 1196 fratres
976 1153 1062 1196 mei
1075 1154 1093 1194 ‘3
1111 1152 1216 1205 Quis
1238 1168 1329 1197 non
1349 1151 1495 1196 videat
1517 1150 1638 1211 quod
1662 1149 1726 1194 illi

326 1241 417 1270 non
438 1224 618 1270 vident?
637 1225 726 1268 Nec
751 1224 908 1267 mirum
934 1242 943 1268 ε
967 1223 1071 1282 quia
1098 1224 1174 1283 qui
1201 1223 1304 1267 inde
1339 1223 1498 1267 reverti
1534 1222 1722 1278 nolunt,

326 1297 438 1341 sicut
460 1309 616 1340 corvus
638 1294 716 1354 qui
733 1293 788 1338 de
803 1309 901 1338 arca
912 1295 1089 1338 emissus
1111 1303 1189 1338 est.
1211 1294 1318 1346 Quis
1338 1293 1454 1337 enim
1473 1308 1566 1337 non
1580 1293 1727 1336 videat

325 1366 448 1427 quod
468 1365 532 1409 illi
553 1380 644 1409 non
665 1363 817 1408 vident
830 1366 847 1405 ’ἓ
866 1367 922 1408 Et
943 1364 1022 1423 ipsi
1049 1364 1227 1423 Spiritui
1247 1373 1398 1408 sancto
1419 1363 1580 1422 ingrati
1601 1371 1722 1407 sunt.

325 1440 439 1481 Ecce
461 1434 667 1480 columba
689 1433 917 1478 descendit
939 1449 1068 1493 super
1092 1434 1345 1488 Dominum,
1363 1443 1405 1477 et
1422 1448 1554 1492 super
1576 1432 1726 1477 Domi-

328 1523 435 1552 num
460 1505 753 1565 baptizatum3
778 1513 821 1548 et
839 1505 1041 1564 apparuit
1063 1505 1125 1548 ibi
1145 1513 1293 1549 sancta
1310 1504 1384 1548 illa
1406 1513 1449 1548 et
1466 1519 1568 1548 vera
1590 1503 1727 1548 Trini-

327 1588 413 1633 tas,
439 1593 538 1638 quae
560 1576 687 1620 nobis
711 1591 823 1620 unus
840 1579 952 1621 Deus
975 1585 1054 1620 est.
1077 1574 1286 1620 Ascendit
1303 1577 1419 1620 enim
1438 1575 1651 1620 Dominus
1670 1574 1725 1618 ab

329 1665 441 1709 aqua
460 1683 471 1703 ‚
496 1648 608 1691 sicut
628 1647 674 1690 in
711 1645 949 1703 Evangelio
970 1645 1154 1705 legimus
1175 1682 1185 1700 ,
1211 1665 1231 1688 «
1258 1649 1314 1690 Et
1336 1661 1435 1690 ecce
1455 1645 1593 1704 aperti
1624 1653 1726 1689 sunt

332 1739 350 1761 n
386 1719 425 1763 ei
448 1717 548 1763 coeli
566 1753 577 1772 ‚
602 1726 646 1761 et
667 1716 776 1761 vidit
798 1716 1006 1775 Spiritum
1028 1715 1368 1760 descendentem
1397 1714 1519 1762 velut
1551 1715 1724 1760 colum-

333 1810 351 1832 »
387 1791 510 1845 bam,
541 1798 584 1833 et
607 1789 764 1832 mansit
787 1803 915 1846 super
944 1802 1046 1832 eum
1074 1806 1082 1832 :
1114 1796 1158 1832 et
1187 1788 1334 1832 statim
1368 1803 1454 1832 vox
1489 1795 1726 1831 consecuta

335 1883 353 1903 n
381 1871 464 1906 est:
479 1864 544 1905 Tu
559 1876 602 1904 es
614 1858 750 1904 Filius
764 1875 886 1903 meus
903 1858 1102 1913 dilectus,
1119 1859 1163 1902 in
1175 1874 1265 1919 quo
1282 1858 1389 1902 mihi
1405 1857 1722 1917 complacui1.»

331 1937 524 1992 Apparet
545 1930 892 1975 manifestissima
915 1930 1098 1974 Trinitas
1118 1965 1129 1984 ,
1152 1933 1278 1974 Pater
1300 1929 1345 1973 in
1367 1944 1473 1974 voce
1490 1964 1502 1984 ,
1527 1928 1664 1979 Filius
1679 1928 1726 1972 in

332 2004 534 2058 homine,
564 2002 746 2061 Spiritus
766 2001 812 2045 in
834 2000 1053 2045 columba.
1082 2001 1227 2044 Inista
1251 2000 1461 2044 Trinitate
1494 2015 1583 2059 quo
1609 1999 1727 2043 missi
1785 2042 1794 2048 ,

332 2085 433 2120 sunt
451 2071 650 2133 Apostoli
670 2107 680 2127 ‚
706 2071 928 2117 videamus
956 2070 1077 2130 quod
1093 2070 1291 2115 videmus
1314 2105 1324 2125 ‚
1349 2079 1392 2114 et
1423 2069 1544 2130 quod
1566 2070 1726 2113 mirum

333 2155 397 2190 cst
417 2145 519 2205 quia
540 2143 603 2188 illi
627 2158 718 2187 non
744 2141 896 2186 vident
921 2161 929 2185 :
956 2157 1045 2185 non
1067 2140 1183 2184 enim
1205 2156 1305 2184 vere
1324 2155 1415 2184 non
1443 2140 1596 2184 vident
1612 2175 1624 2195 ‚
1649 2139 1727 2184 sed

334 2218 389 2260 ad
410 2215 455 2260 id
478 2216 600 2275 quod
620 2212 750 2258 facies
774 2228 924 2256 eorum
943 2212 1062 2265 ferit,
1080 2210 1229 2256 oculos
1243 2210 1472 2254 claudunt.
1495 2215 1591 2264 Quo
1607 2211 1725 2254 missi

334 2297 436 2339 sunt
450 2285 656 2346 Discipuli
670 2320 680 2340 ‚
698 2286 742 2328 in
757 2283 932 2328 nomine
950 2283 1086 2327 Patris
1109 2292 1153 2326 et
1174 2281 1272 2326 Filii
1297 2291 1340 2326 et
1364 2282 1546 2341 Spiritus
1569 2282 1723 2335 sancti,

334 2360 390 2402 ab
413 2358 488 2402 illo
512 2357 566 2402 de
588 2372 678 2417 quo
697 2356 863 2401 dictum
886 2364 949 2399 est
973 2374 982 2400 z
1013 2374 1033 2397 «
1060 2354 1139 2398 Hie
1163 2364 1227 2398 est
1251 2354 1326 2413 qui
1346 2354 1551 2413 baptizat.
1580 2372 1600 2396 »
1626 2353 1728 2398 Dic-

335 2439 426 2474 tum
449 2438 513 2473 est
544 2429 661 2472 enim
691 2427 897 2472 ministris
914 2425 971 2470 ab
994 2441 1046 2471 eo
1068 2425 1145 2485 qui
1167 2425 1248 2469 sibi
1270 2425 1412 2469 tenuit
1439 2425 1553 2469 hanc
1576 2433 1725 2484 potes-

335 2510 483 2544 tatem.

385 2583 592 2622 ¹Mauh.1=1,
618 2581 669 2621 16,
702 2592 749 2622 ¹7-
