1819 3301
743 255 892 282 1ND1-2x.
1426 241 1505 281 491

135 324 210 356 CAP.
293 333 351 356 vn.
376 322 457 354 Hinc
481 332 558 364 usqe
585 321 624 353 ad
648 333 770 354 coenam
787 321 910 354 Domini
933 322 1017 354 unde
1035 320 1138 353 omnia
1159 320 1297 353 omnium
1319 322 1423 354 consi-

421 378 842 425 derarilcoeperunssnullam
857 379 898 411 de
914 381 1021 411 Marco
1034 379 1237 421 quaestionem
1255 388 1323 410 esse
1340 383 1425 410 trac—

421 438 535 466 tatam.
1451 436 1513 466 118

280 502 352 522 vm.
379 493 424 522 De
448 491 577 532 prologo
601 490 763 532 Evangelii
787 493 897 530 Lucae,
917 492 1075 534 quomodo
1096 494 1251 532 congruat
1268 489 1425 532 principio

420 546 492 578 libri
506 549 642 578 Actuum
663 546 896 588 Apostolorum.
1451 548 1513 578 119

304 613 349 635 1x.
377 603 541 640 Quomodo
561 602 764 642 ostendatur,
784 603 868 645 quod
886 603 926 634 de
942 602 1080 644 piscibus
1095 603 1194 644 captis
1212 604 1314 635 Lucas
1331 613 1426 635 com—

419 659 632 697 memoravit„
665 669 727 690 non
745 660 907 701 pertinere
925 659 965 691 ad
983 659 1057 690 illud
1079 659 1163 699 quod
1182 658 1309 690 videtur
1326 659 1427 691 simile

418 717 555 746 Joannes
584 725 729 746 narrasse
753 720 825 757 post
849 715 972 746 Domini
1001 714 1293 752 resurrectionem,
1329 719 1426 757 atque

419 771 493 803 inde
518 771 585 811 jam
604 781 701 813 usque
727 772 766 804 ad
785 782 908 804 coenam
930 771 1075 810 Domini,
1095 771 1176 802 unde
1194 771 1331 802 omnium
1353 781 1424 802 om—

421 827 473 858 nia
502 838 599 869 usque
627 828 656 859 in
683 827 776 859 finem
805 827 1004 859 considerata
1022 831 1114 865 sunt,
1134 827 1247 859 nullam
1275 828 1372 859 etiam
1389 838 1428 859 ex

358 878 361 881 ¹
422 883 594 924 Evangelio
612 885 704 916 Lucae
724 888 898 916 tractatam
913 894 980 915 esse
994 883 1212 926 quaestionem.
1451 884 1511 914 121

318 949 350 970 x.
377 940 424 970 De
439 941 564 971 Joanne
583 939 779 982 evangelista
790 965 799 981 ‚
824 940 899 983 quid
910 950 928 972 a
945 939 1069 972 caeteris
1085 939 1188 972 tribus
1203 938 1310 971 distet.
1450 940 1514 970 122

286 1089 368 1135 DE
409 1088 717 1137 SERMONE
756 1090 994 1138 DOMINI
1034 1091 1103 1138 IN
1142 1090 1367 1143 MONTE

647 1243 824 1279 LIBRI
862 1243 1003 1280 DUO.

702 1390 875 1434 LIBER
907 1391 943 1434 Ι.

149 1545 374 1594 Explicatur
392 1547 500 1593 prior
516 1557 603 1594 pars
621 1546 809 1584 sermonis
826 1556 847 1583 a
865 1546 1027 1583 Domino
1040 1547 1081 1583 in
1094 1549 1224 1584 monte
1241 1546 1380 1591 habiti,
1399 1557 1489 1584 con-

520 1608 624 1642 tenta
641 1605 810 1643 Matthaei
827 1606 951 1652 capite
972 1606 1118 1651 quinto.

131 1730 236 1773 Caput
256 1732 284 1773 I.
1449 1732 1514 1762 133

131 1785 236 1827 Caput
251 1786 293 1818 11.
1449 1788 1514 1818 136

131 1842 236 1883 Caput
251 1842 309 1874 III.
643 1867 648 1871 .
1163 1852 1173 1861 ¹
1450 1843 1514 1873 138

131 1898 235 1939 Caput
251 1898 306 1930 IV.
1372 1926 1374 1929 ,
1447 1899 1515 1934 140

131 1954 237 1995 Caput
252 1955 290 1985 V.
351 1994 354 1995 ⁷
1448 1954 1513 1984 143

131 2009 247 2050 Caput.
266 2010 320 2041 VI.
1449 2009 1514 2039 145

131 2065 237 2107 Caput
252 2065 320 2096 VII.
1449 2064 1515 2095 148

132 2120 236 2162 Caput
251 2120 336 2151 VIII.
1448 2119 1513 2149 149

133 2177 237 2218 Caput
255 2177 312 2208 IX.
1450 2175 1512 2206 151

133 2233 239 2273 Caput
251 2233 298 2272 X.
1448 2232 1514 2262 155

132 2288 237 2329 Caput
252 2288 311 2320 XI.
1447 2288 1512 2318 157

132 2344 236 2385 Caput
252 2344 325 2375 XII.
1447 2341 1513 2373 162

132 2401 237 2441 Caput
252 2400 340 2432 XIII.
1448 2399 1513 2429 165

131 2458 235 2497 caput
252 2457 335 2487 XIV.
1448 2455 1513 2485 166

133 2513 236 2554 Caput
257 2513 326 2543 XV.
1449 2510 1514 2539 168

80 2610 83 2611 γ
132 2569 234 2609 Caput
247 2569 330 2599 xvl.
1448 2566 1506 2594 471
