1819 3301
423 239 562 266 ammo
593 240 750 267 Doivum
782 240 828 266 IN
860 240 1034 277 MONTE,
1070 241 1152 267 Lm.
1188 241 1236 267 11.
1426 230 1509 268 223

129 302 234 346 riam
248 336 259 356 ,
284 310 327 346 et
343 303 524 347 mortale
545 303 629 348 hoc
652 302 844 347 induerit
865 301 1230 346 immortalitatem
1249 337 1259 357 ,
1293 303 1414 363 quod
1435 305 1509 348 fiet

127 373 265 416 carnis
300 373 644 428 resurrectione3
681 382 812 432 atque
848 372 921 416 illa
954 372 1257 416 immutatione
1283 389 1381 432 quae
1414 390 1511 433 pro-

128 443 313 487 mittitur
343 445 470 503 justis
488 478 498 498 ‚
530 443 773 487 secundum
801 442 994 504 ejusdem
1016 442 1212 502 Apostoli
1236 444 1511 502 praedicatio-

126 529 228 557 nem
247 515 285 571 ¹3
313 514 387 557 fiat
417 512 619 558 voluntas
648 514 727 558 Dei
761 523 803 557 et
838 514 881 557 in
906 523 1017 557 terra
1038 549 1048 569 ,
1075 514 1185 558 sicut
1219 514 1263 557 in
1297 513 1435 572 coelo3
1464 514 1511 558 id

127 592 215 638 est,
254 593 304 627 ut
339 582 711 643 quemadmodum
753 583 925 642 spiritus
959 599 1048 627 non
1092 584 1248 628 resistit
1285 587 1374 628 Deo
1389 619 1398 635 ,
1441 600 1510 628 se-

127 669 264 712 quens
300 662 344 697 et
386 652 548 697 faciens
580 651 849 697 voluntatem
888 653 978 712 ejus
1019 674 1026 697 :
1068 655 1123 698 ita
1156 663 1198 697 et
1227 670 1383 714 corpus
1422 670 1512 699 non

129 723 298 767 resistat
320 723 490 782 spiritui
519 722 589 766 vel
619 723 797 777 animae,
833 738 932 782 quae
962 739 1080 767 nunc
1114 725 1304 783 corporis
1333 725 1512 768 infirmi-

127 803 216 838 tate
247 802 456 848 vexatur⁷
497 801 539 837 et
565 793 610 836 in
643 792 859 837 carnalem
886 793 1245 838 consuetudinem
1262 810 1396 853 prona
1417 805 1508 840 est:

125 862 246 924 quod
261 863 342 907 erit
363 878 543 907 summae
563 863 678 922 pacis
699 861 744 906 in
762 862 850 907 vita
863 872 1022 906 aeterna
1042 899 1052 917 ,
1069 873 1118 907 ut
1139 880 1227 908 non
1241 864 1380 908 solum
1399 864 1512 909 velle

125 933 319 994 adjaceat
341 934 467 978 nobis
482 969 493 988 ‚
519 932 595 977 sed
609 933 737 976 etiam
761 932 968 992 perficere
992 934 1173 978 bonum.
1204 954 1223 976 «
1247 937 1374 979 Nunc
1395 934 1509 979 enim

128 1022 148 1045 »
183 1004 323 1060 velle,
355 1004 521 1064 inquit,
548 1002 716 1063 adjacet
737 1003 867 1061 mihi3
890 1004 1095 1062 perficere
1137 1014 1282 1049 autem
1325 1005 1507 1061 bonum,

126 1091 147 1115 »
185 1076 303 1118 n0n²
330 1093 338 1119 :
367 1093 387 1116 »
413 1074 515 1134 quia
538 1073 736 1117 nondum
754 1073 799 1116 in
832 1083 944 1117 terra
975 1075 1087 1119 sicut
1120 1075 1164 1119 in
1192 1076 1331 1130 coelo,
1357 1075 1401 1120 id
1419 1085 1507 1131 est,

123 1145 321 1189 nondum
336 1146 380 1189 in
401 1159 530 1189 carne
560 1144 669 1188 sicut
692 1144 736 1187 in
761 1144 914 1203 spiritu
936 1143 1049 1189 facta
1086 1156 1147 1190 est
1176 1146 1377 1190 voluntas
1416 1146 1506 1190 Dei.

122 1216 230 1260 Nam
254 1225 293 1258 et
313 1214 357 1258 in
381 1214 550 1258 miseria
570 1223 715 1258 nostra
730 1214 779 1257 fit
800 1213 1001 1258 voluntas
1026 1215 1117 1269 Dei,
1142 1230 1239 1259 cum
1255 1231 1300 1259 ea
1321 1216 1511 1275 patimur

121 1300 198 1344 per
217 1299 413 1340 carnem,
439 1300 539 1344 quae
561 1282 686 1328 nobis
704 1283 976 1340 mortalitatis
993 1285 1091 1344 jure
1114 1284 1346 1341 debentur,
1378 1301 1509 1346 quam

119 1355 343 1415 peccando
365 1356 524 1399 meruit
545 1363 690 1399 nostra
710 1364 863 1399 natura
892 1374 900 1400 ;
926 1357 1000 1399 sed
1034 1355 1079 1400 id
1101 1356 1316 1400 orandum
1345 1366 1434 1412 est,
1460 1367 1510 1402 ut

122 1426 232 1471 sicut
249 1427 294 1470 in
317 1425 431 1471 coelo
446 1462 456 1482 ‚
481 1427 541 1470 ita
562 1435 604 1470 ct
624 1426 669 1470 in
693 1435 804 1470 terra
826 1427 902 1470 fiat
921 1425 1123 1471 voluntas
1152 1429 1226 1470 Dei
1249 1449 1260 1485 3
1281 1427 1323 1472 id
1349 1437 1438 1483 est,
1460 1438 1510 1473 ut

121 1495 495 1556 quemadmodum
518 1495 648 1540 corde
680 1495 1034 1540 condelectamur
1055 1497 1138 1555 legi
1175 1498 1416 1542 secundum
1438 1497 1507 1542 in-

119 1568 321 1612 teriorem
344 1567 565 1611 hominem
577 1568 591 1592 ³
609 1603 618 1622 ,
636 1567 694 1611 ita
710 1565 837 1611 etiam
855 1568 1045 1627 corporis
1058 1568 1359 1613 immutatione
1378 1567 1504 1625 facta,

119 1637 222 1682 huic
243 1647 402 1682 nostrae
425 1637 703 1681 delectationi
721 1636 840 1681 nulla
864 1653 960 1697 pars
983 1648 1127 1683 nostra
1150 1639 1329 1684 terrenis
1347 1639 1508 1684 dolori-

118 1708 200 1752 bus
228 1724 304 1752 seu
332 1707 636 1767 voluptatibus
659 1706 926 1751 adversetur.

178 1780 341 1822 XXIV.
368 1781 456 1823 Nec
485 1777 594 1822 illud
612 1794 635 1822 a
656 1779 837 1822 veritate
875 1778 1109 1834 abhorret,
1140 1788 1190 1823 ut
1213 1780 1471 1839 accipiamus
1493 1816 1505 1835 ‚

125 1869 142 1889 «
180 1851 276 1894 Fiat
298 1849 498 1894 voluntas
524 1858 599 1894 tua
620 1850 731 1893 sicut
767 1849 811 1892 in
832 1849 945 1894 coelo
974 1859 1017 1893 et
1052 1850 1097 1893 in
1118 1859 1230 1894 terra
1252 1886 1261 1904 ‚
1290 1869 1308 1891 »
1332 1851 1441 1895 sicut
1462 1851 1507 1895 in

120 1920 213 1979 ipso
234 1920 419 1964 Domino
442 1928 590 1964 nostro
611 1921 713 1962 Jesu
736 1919 930 1973 Christo,
956 1919 1014 1963 ita
1037 1930 1080 1963 et
1101 1921 1145 1963 in
1164 1919 1353 1965 Ecclesia
1380 1940 1388 1965 :
1412 1930 1508 1965 tan-

120 2006 252 2051 quam
283 1991 327 2034 in
359 1991 452 2035 viro
484 1989 561 2050 qui
586 1989 721 2033 Pati-is
752 1989 1023 2034 voluntatem
1056 1990 1280 2050 implevit,
1307 1992 1365 2036 ita
1387 2001 1430 2037 et
1463 1993 1508 2036 in

120 2059 299 2105 foemina
316 2077 415 2121 quae
433 2060 495 2104 illi
518 2060 773 2119 desponsata
795 2069 873 2104 est.
892 2058 1067 2105 Coelum
1083 2061 1196 2104 enim
1216 2071 1260 2105 et
1280 2070 1392 2106 terra
1407 2078 1509 2106 con-

120 2131 343 2175 venienter
368 2130 625 2189 intelligitur
640 2166 650 2185 ,
669 2130 788 2190 quasi
807 2130 869 2174 vir
890 2140 933 2174 et
945 2128 1146 2189 foemina·⁷
1172 2130 1378 2191 quoniam
1395 2143 1507 2177 terra

121 2201 235 2247 coelo
257 2201 540 2247 foecundante
557 2200 784 2246 fructifera
808 2210 886 2245 est.

169 2306 178 2320 ¹
203 2310 215 2330 1
238 2300 310 2331 Cor.
326 2309 382 2339 xv,
402 2296 456 2340 54.
475 2314 518 2320 -—
538 2305 550 2321 ²
570 2301 662 2331 Rom.
682 2309 743 2339 vu,
764 2298 813 2330 18.
834 2280 875 2321 1-
898 2295 912 2320 3
930 2297 1011 2330 Ibid.
1033 2306 1089 2329 22.
