1819 3301
298 282 352 309 m:
383 281 592 309 CONSENSU
626 278 1040 319 ΕνΔΝοΕιῐετΑῐιυΜ,
1078 282 1160 307 Lm.
1198 282 1261 307 111.
1417 269 1471 307 23

95 366 114 389 »
149 356 240 391 erat
270 356 399 391 notus
428 346 645 405 pontifici,
682 355 725 389 et
758 346 922 389 introiit
956 361 1057 389 cum
1093 348 1196 389 Jesu
1235 345 1280 388 in
1313 346 1469 389 atrium

51 444 62 453 ·
94 436 113 460 »
148 418 365 477 pontificis
382 452 392 472 ,
421 436 439 458 »
466 418 577 461 sicut
593 420 781 460 Joanues
805 417 933 460 dicit:
954 436 972 458 «
996 420 1145 460 Petrus
1164 425 1311 459 autem
1333 417 1473 461 stabat

92 507 112 530 »
144 488 199 532 ad
222 489 377 532 ostium
395 486 512 541 foris,
530 506 549 527 »
569 487 808 530 secuudum
834 485 1035 530 eumdem
1056 489 1285 530 Joannem.
1316 505 1336 527 «
1362 487 1475 531 Exiit

92 576 112 600 »
147 573 250 615 ergo
272 556 517 616 Discipulus
539 555 646 600 alius
664 591 675 610 ,
700 556 777 615 qui
799 565 890 599 erat
913 566 1041 600 notus
1061 556 1278 615 pontifici,
1299 565 1343 599 et
1364 555 1473 600 dixit

92 645 112 669 »
147 627 332 671 ostiariae
349 661 360 681 ,
386 636 428 670 et
454 625 694 670 introduxit
724 628 926 679 Petrum,
956 644 975 666 »
1005 627 1124 670 Sicut
1145 624 1262 669 idem
1285 628 1476 670 ,Ioannes

88 696 210 741 dicit.
239 696 306 741 Sic
321 696 436 739 enim
453 696 617 739 factum
629 703 707 750 est,
729 704 778 739 ut
794 695 910 738 intus
926 704 1033 738 esset
1053 704 1094 738 et
1115 699 1265 739 Petrus
1282 695 1327 739 in
1343 696 1467 751 atrio,

88 766 200 810 sicut
221 774 265 809 et
288 765 357 809 alii
378 763 547 809 dieunt.

146 838 246 879 XX.
264 854 283 877 «
303 835 523 894 Principes
547 844 692 878 autem
714 835 988 878 sacerdotum
1003 843 1046 878 et
1064 849 1194 877 omne
1219 835 1469 890 concilium,

91 925 110 948 »
147 905 257 949 sicut
282 906 515 949 Matthaeus
537 904 665 959 dicit,
701 904 956 964 quaerebant
983 903 1141 948 salsum
1176 905 1473 950 testimonium

91 994 111 1018 »
147 983 297 1019 contra
319 977 464 1018 Jesum
482 1008 492 1029 ‚
513 983 563 1018 ut
583 989 684 1017 eum
708 974 833 1018 morti
859 973 1105 1018 traderent:
1126 983 1169 1018 et
1184 989 1272 1018 non
1291 975 1472 1019 invene-

92 1063 112 1086 »
147 1053 278 1100 runt,
312 1059 413 1088 cum
437 1043 563 1087 multi
583 1042 676 1087 falsi
697 1052 826 1087 testes
843 1045 1129 1087 accessissent.
1157 1045 1472 1089 Convenientia

91 1133 112 1155 »
147 1115 263 1158 enim
287 1112 530 1158 testimonia
568 1129 655 1157 non
697 1123 845 1167 erant,
886 1113 997 1157 sicut
1018 1116 1189 1157 Marcus
1211 1114 1342 1169 dicit,
1371 1129 1472 1158 cum

91 1204 111 1227 »
146 1183 352 1229 eumdem
367 1184 514 1228 locum
527 1194 901 1228 commemoraret.
922 1184 1159 1228 Novissime
1177 1194 1322 1228 autem
1340 1199 1473 1228 vene-

91 1274 110 1297 »
146 1265 250 1299 runt
277 1254 365 1299 duo
395 1254 492 1299 falsi
531 1263 685 1308 testes,
731 1256 843 1298 sicut
875 1254 979 1298 dicit
1013 1256 1272 1307 Matthaeus⁷
1319 1264 1362 1299 et
1402 1255 1472 1299 di-

91 1344 111 1367 »
147 1334 306 1369 xerunt
331 1344 340 1370 2
366 1325 446 1369 Hic
464 1325 571 1368 dixit
594 1345 602 1368 2
629 1327 807 1368 Possum
830 1324 1054 1368 destruere
1077 1324 1288 1383 templum
1310 1326 1413 1379 Dei,
1433 1334 1477 1369 et

91 1414 110 1438 »
145 1404 243 1455 post
274 1394 468 1439 triduum
504 1395 764 1438 reaedificare
793 1395 918 1439 illud.
947 1414 966 1436 »
1004 1395 1121 1439 Alius
1144 1395 1273 1438 etiam
1302 1399 1473 1441 Marcus

88 1475 401 1510 commemorat
429 1465 604 1519 dixisse,
633 1485 653 1506 ι(
678 1467 764 1509 Νο5
810 1465 1055 1509 audivimus
1090 1481 1191 1508 eum
1223 1464 1470 1511 dicentem:

91 1554 110 1578 »
146 1539 238 1593 Ego
260 1535 488 1579 dissolvam
505 1535 717 1593 templum
733 1536 816 1579 1100
839 1551 971 1579 manu
995 1534 1158 1579 factum
1174 1570 1184 1590 ,
1216 1546 1259 1579 et
1280 1545 1376 1595 post
1396 1536 1469 1579 tri-

90 1624 110 1646 »
146 1605 285 1648 duum
329 1604 447 1649 aliud
485 1621 575 1649 non
620 1621 752 1649 manu
792 1604 954 1648 factum
987 1604 1214 1649 aedificabo
1250 1625 1258 1650 :
1307 1615 1349 1649 et
1376 1605 1475 1650 ideo

91 1695 110 1717 »
145 1692 235 1720 non
275 1686 365 1719 erat
409 1677 671 1721 conveniens
705 1677 1003 1720 testimonium
1046 1676 1220 1720 illorum
1242 1711 1253 1731 ‚
1299 1695 1317 1717 »
1358 1677 1471 1720 sicut

86 1746 200 1790 idem
219 1750 390 1791 Marcus
408 1746 571 1790 ibidem
589 1747 709 1790 dicit.
739 1766 758 1788 «
786 1750 840 1790 Et
854 1762 1033 1804 surgens
1053 1748 1251 1805 princeps
1267 1746 1470 1791 sacerdo-

90 1835 109 1857 »
148 1826 239 1860 tum
258 1851 269 1871 ,
296 1826 340 1865 at
355 1816 417 1860 illi
439 1836 447 1861 :
473 1816 589 1862 Nihil
615 1816 846 1875 respondes
865 1817 919 1859 ad
939 1832 985 1859 ea
1005 1851 1015 1871 ,
1036 1832 1135 1876 quae
1152 1815 1221 1859 isti
1243 1815 1472 1860 adversum

90 1905 109 1927 »
145 1895 188 1930 te
206 1887 518 1931 testificantur?
551 1889 673 1930 Jesus
697 1891 842 1930 autem
877 1886 1061 1931 tacebat.
1097 1889 1151 1930 Et
1181 1887 1379 1946 princeps
1402 1903 1470 1931 sa-

89 1975 109 1996 »
145 1956 371 2001 cerdotum
395 1957 453 2000 ait
475 1956 537 2000 illi
557 1976 564 2001 z
592 1956 757 2015 Adjuro
779 1966 820 2000 te
843 1973 917 2016 per
932 1960 1067 2000 Deum
1087 1958 1235 2000 vivum
1254 1992 1264 2011 ‚
1286 1966 1335 2000 ut
1358 1956 1474 2000 dicas
1536 1973 1550 1988 ·

89 2045 108 2067 »
144 2026 267 2069 nobis
285 2061 295 2081 ,
314 2027 347 2070 si
371 2035 418 2070 tu
441 2042 484 2070 es
513 2027 709 2070 Christus
730 2026 844 2070 filius
867 2027 958 2070 Dei.
993 2027 1105 2071 Dicit
1126 2026 1188 2070 illi
1217 2030 1339 2071 Jesus
1367 2047 1374 2071 z
1407 2030 1471 2070 Tu

88 2114 108 2136 »
145 2095 319 2140 dixisti:
354 2115 373 2137 »
407 2097 501 2139 haec
534 2097 782 2140 Matthaeus.
822 2099 992 2141 Marcus
1031 2106 1175 2140 autem
1206 2097 1356 2140 eadem
1380 2098 1471 2142 aliis

85 2166 227 2210 verbis
250 2166 384 2220 dicit,
410 2167 488 2210 11151
512 2166 631 2226 quod
650 2176 762 2210 tacet
791 2167 911 2226 quod
933 2182 1032 2210 eum
1063 2167 1323 2227 adjuraverit
1347 2169 1469 2226 prin-

85 2251 184 2295 ceps
205 2236 477 2280 sacerdotum
513 2256 521 2280 :
547 2236 622 2280 scd
657 2246 827 2280 tantum
855 2237 998 2281 valere
1031 2238 1246 2292 ostendit,
1278 2239 1399 2297 quod
1432 2239 1470 2282 ei

85 2306 191 2351 dicit
212 2310 356 2361 Jesus,
387 2326 403 2347 «
442 2310 506 2350 Tu
528 2307 700 2361 dixisti,
744 2326 763 2348 »
801 2318 1016 2368 quantum
1038 2309 1073 2352 si
1109 2308 1297 2363 diceret,
1327 2328 1345 2350 «
1372 2312 1477 2367 Ego-

87 2395 107 2418 »
143 2392 253 2420 sum.
282 2395 302 2417 »
331 2377 536 2436 Sequitur
572 2377 714 2430 enim,
747 2387 795 2420 ut
829 2378 887 2421 ait
910 2378 1025 2421 idem
1060 2382 1230 2423 Marcus
1255 2398 1263 2422 :
1305 2398 1324 2420 «
1345 2382 1467 2422 ,105115

88 2464 107 2488 »
144 2455 286 2490 autem
310 2446 417 2491 dixit
432 2447 510 2502 iili,
529 2450 623 2505 Ego
640 2462 751 2492 sum.
773 2448 1042 2491 Etvidebitis
1061 2447 1217 2491 Filium
1240 2448 1427 2492 hominis
1443 2465 1466 2494 a

88 2534 108 2557 »
143 2515 303 2560 dextris
333 2517 555 2561 sedentem
577 2517 774 2572 Virtutis,
802 2526 845 2561 et
871 2518 1115 2561 venientem
1141 2533 1242 2561 eum
1271 2519 1465 2562 nubibus

88 2606 108 2629 »
144 2588 260 2631 coeli.
290 2606 309 2629 »
336 2591 429 2632 Hoc
460 2587 564 2632 dicit
590 2588 719 2631 etiam
745 2589 978 2632 Matthaeus
997 2623 1008 2642 ‚
1043 2587 1118 2632 sed
1138 2604 1227 2633 non
1256 2588 1360 2633 dicit
1382 2604 1467 2633 res-
