1819 3301
381 284 424 309 IN
459 281 634 311 JOANNIS
667 282 984 321 EVANGELmM,
1018 280 1166 310 TRACT.
1203 284 1244 309 v.
1416 271 1496 310 457

115 358 221 394 cunt
244 347 421 393 fortasse
444 368 452 392 ·.
474 349 699 392 Credimus
716 348 769 391 ei.
787 347 1014 401 Quomodo
1032 362 1133 405 ergo
1152 346 1290 390 dicitis
1309 347 1408 406 quia
1425 363 1499 391 vos

115 419 340 478 baptizatis
355 453 365 472 ‚
392 426 434 461 et
456 420 643 461 Joannes
666 417 771 461 dicit
793 437 801 462 :
842 437 861 459 «
881 419 960 462 Hic
990 427 1051 461 est
1073 417 1148 477 qui
1169 417 1384 476 baptizat?
1418 418 1500 461 Sed

115 489 356 541 ministros,
379 487 607 546 inquiunt,
633 487 742 530 tanti
767 486 926 546 judicis
944 489 1080 547 justos
1105 495 1275 545 oportet
1308 501 1395 529 esse
1424 502 1500 544 per

115 574 224 619 quos
246 558 503 617 baptizatur.
532 560 588 600 Et
615 572 695 614 ego
726 556 823 601 dico
841 592 852 611 ,
888 566 931 600 et
965 573 1113 601 omnes
1152 556 1359 611 dicimus,
1400 555 1500 615 quia

109 631 247 690 justos
275 637 446 688 oportet
479 643 567 672 esse
600 628 706 670 tanti
734 628 892 687 judicis
923 627 1137 671 ministros
1162 647 1170 671 :
1196 628 1280 671 sint
1318 626 1500 669 ministri

108 700 235 760 justi,
267 701 300 743 si
318 698 499 755 volunt3
525 699 559 742 si
585 707 729 742 autem
758 698 978 742 noluerint
1009 714 1096 742 esse
1112 700 1215 757 justi
1239 699 1313 758 qui
1350 698 1500 741 cathe-

114 770 235 814 dram
263 770 403 827 Moysi
426 768 577 812 sedent
592 804 603 823 ,
636 784 835 812 securum
858 785 926 812 me
950 768 1050 813 feeit
1072 770 1273 826 magister
1294 784 1431 821 meus,
1447 767 1501 811 de

114 857 203 902 quo
228 841 408 900 Spiritus
431 842 523 900 ejus
545 839 652 883 dixit
673 855 683 880 τ
705 859 724 881 «
743 839 824 883 Hic
842 840 993 899 estqui
1016 839 1249 899 baptizat.»
1271 837 1501 892 Quomodo

113 927 312 956 securum
335 927 403 954 me
428 910 559 954 fecit?
595 911 811 965 «Seribae‚
837 911 1004 970 inquit,
1046 920 1089 953 et
1118 910 1323 953 Pharisaei
1351 910 1500 953 cathe-

118 1001 137 1023 »
173 982 296 1025 dram
318 981 459 1038 Moysi
481 979 648 1036 sedent3
670 996 768 1040 quae
791 979 958 1034 dicunt,
987 979 1135 1035 faciteg
1161 996 1259 1039 quae
1282 987 1425 1022 autem
1446 978 1502 1022 fa—

117 1071 151 1115 »7
172 1053 317 1107 ciunt,
350 1051 493 1096 facere
527 1051 664 1095 nolite
701 1071 709 1095 :
741 1052 894 1095 dieunt
916 1052 1047 1105 enim,
1074 1060 1117 1094 et
1139 1066 1227 1094 non
1250 1049 1456 1093 faciuntl.
1478 1068 1497 1089 »
1536 1081 1539 1100 3

117 1124 159 1167 Si
181 1123 313 1167 fuerit
330 1123 523 1166 minister
540 1123 697 1181 justus,
723 1131 929 1180 computo
952 1120 1075 1164 illum
1094 1136 1193 1164 cum
1215 1120 1371 1172 Paulo,
1391 1134 1502 1163 eom-

113 1204 222 1253 puto
246 1194 368 1237 illum
385 1209 484 1238 cum
505 1197 630 1236 Petro
648 1214 658 1249 3
677 1208 774 1236 curn
793 1193 882 1235 istis
896 1193 1248 1250 computojustos
1268 1190 1496 1233 ministros:

115 1265 216 1325 quia
244 1279 343 1309 vere
367 1264 472 1323 justi
496 1263 677 1306 ministri
702 1262 881 1321 gloriam
903 1277 1024 1305 suam
1055 1276 1143 1305 non
1165 1269 1394 1320 quaerunt3
1420 1260 1502 1302 mi-

115 1336 235 1379 nistri
259 1336 373 1379 enim
396 1344 512 1388 sunt,
539 1350 617 1393 pro
636 1334 858 1393 judicibus
880 1332 1030 1376 haberi
1044 1332 1226 1384 nolunt,
1254 1347 1373 1391 spem
1395 1332 1438 1374 in
1459 1346 1503 1375 se

114 1406 218 1465 poni
243 1407 556 1450 exhorrescunt
579 1424 586 1449 z
609 1420 711 1462 ergo
734 1414 940 1463 computo
963 1419 1064 1447 eum
1086 1403 1219 1447 Paulo
1236 1404 1400 1462 justum
1426 1401 1501 1444 mi*

115 1477 314 1521 nisu-um.
347 1475 463 1529 Quid
485 1476 600 1518 enim
623 1474 727 1518 dicit
749 1474 908 1518 Paulus
927 1477 943 1518 Ρ
966 1477 1084 1532 «Ego
1107 1473 1321 1532 plantavi,
1347 1470 1502 1531 Apollo

118 1566 138 1588 »
175 1547 357 1606 rigavit,
385 1546 459 1590 sed
484 1550 595 1589 Deus
617 1547 933 1589 incrementum
952 1544 1073 1588 dedit
1094 1564 1100 1589 :
1125 1559 1266 1604 neque
1289 1544 1362 1603 qui
1386 1543 1502 1601 plan-

119 1636 138 1658 »
174 1627 236 1661 tat
249 1627 312 1661 est
324 1617 504 1677 aliquid,
524 1632 666 1676 neque
681 1617 756 1676 qui
771 1616 894 1674 rigat,
916 1615 990 1659 sed
1008 1615 1083 1675 qui
1098 1615 1412 1658 incrementum
1429 1613 1503 1657 dat

119 1707 138 1729 »
175 1690 357 1732 Deus2.»
373 1688 458 1741 Qui
477 1703 577 1731 vero
600 1686 731 1730 fuerit
753 1686 964 1745 superbus
989 1686 1197 1739 minister,
1218 1699 1317 1728 cum
1344 1682 1502 1727 Zabolo

115 1768 396 1818 computatur
423 1778 431 1803 ε
457 1758 532 1803 sed
557 1773 643 1802 non
666 1758 986 1802 contaminatur
1009 1755 1174 1800 donum
1189 1755 1363 1808 Christi,
1382 1754 1502 1813 quod

112 1845 190 1889 per
211 1830 334 1873 illum
359 1830 456 1873 ssuit
477 1844 635 1888 purum
652 1863 662 1883 ‚
694 1827 814 1888 quod
844 1843 919 1887 per
953 1826 1075 1870 illum
1099 1826 1252 1871 transit
1285 1825 1501 1885 liquidum

112 1900 232 1944 venit
250 1899 305 1943 ad
329 1898 512 1942 fertilem
531 1908 706 1955 terram3
733 1907 835 1957 puta
855 1898 955 1957 quia
977 1897 1066 1956 ipse
1089 1896 1282 1954 lapideus
1305 1905 1381 1949 est,
1402 1895 1502 1954 quia

113 1985 163 2013 ex
184 1985 294 2028 aqua
318 1969 510 2013 fructum
533 1967 644 2011 ferre
667 1984 754 2011 non
779 1976 919 2026 potest
946 1986 954 2010 :
981 1976 1025 2010 et
1046 1982 1122 2025 per
1138 1965 1357 2024 lapideum
1381 1980 1502 2009 eana¹

112 2039 197 2083 lem
220 2040 371 2083 transit
396 2055 531 2098 aqua,
558 2039 710 2082 trensit
733 2053 845 2097 aqua
868 2036 923 2080 ad
945 2036 1106 2080 areolas
1127 2056 1137 2092 3
1169 2036 1213 2078 in
1234 2035 1373 2079 canali
1395 2035 1503 2093 lapi-a

113 2110 195 2154 deo
217 2109 325 2153 nihil
348 2118 537 2167 generat,
564 2108 639 2152 sed
663 2117 803 2151 tamen
821 2108 955 2151 hortis
972 2107 1208 2166 plurimum
1234 2106 1423 2148 fructum
1442 2105 1502 2148 af-

113 2180 211 2224 fert.
240 2179 449 2238 Spiritalis
470 2180 584 2222 enim
607 2179 740 2222 virtus
763 2178 1019 2222 sacramenti
1042 2178 1099 2220 ita
1124 2186 1187 2220 est
1204 2185 1252 2219 ut
1269 2175 1342 2218 lux
1361 2194 1369 2219 ι
1387 2183 1430 2218 et
1447 2175 1500 2218 ab

111 2250 409 2296 illuminandis
430 2265 538 2309 pura
559 2250 786 2309 excipitur,
808 2259 850 2293 et
868 2249 901 2292 si
919 2264 994 2307 per
1015 2247 1263 2292 immundos
1285 2255 1471 2290 transeat
1488 2281 1499 2300 ‚

111 2338 201 2366 non
223 2321 492 2381 inquinatur.
519 2321 612 2364 Sint
626 2320 754 2379 plane
780 2319 963 2362 ministri
981 2319 1104 2378 justi,
1124 2328 1166 2362 et
1185 2318 1363 2377 gloriam
1381 2331 1502 2360 suam

110 2410 200 2438 non
217 2401 415 2452 quaerant
435 2426 446 2446 ,
473 2390 548 2434 sed
571 2390 682 2434 illius
706 2392 829 2450 cujus
854 2390 1037 2433 ministri
1059 2399 1159 2438 sunt
1181 2409 1190 2434 ;
1210 2404 1298 2433 non
1321 2387 1468 2432 dicant
1489 2407 1497 2432 :

110 2463 329 2522 Baptisma
362 2476 508 2505 meum
539 2470 630 2518 est3
665 2461 765 2521 quia
801 2476 890 2504 non
923 2469 986 2503 est
1016 2460 1223 2519 ipsorum.
1258 2457 1501 2502 Attendant

109 2533 252 2592 ipsum
273 2535 501 2576 Joannem.
527 2534 640 2575 Eece
662 2534 849 2575 Joannes
872 2529 1025 2589 plenus
1040 2538 1130 2574 erat
1148 2529 1310 2588 Spiritu
1328 2537 1496 2586 sanet03

160 2625 167 2640 ¹
192 2617 304 2650 Matth.
326 2628 423 2658 xxxii,
443 2617 524 2656 2‚.3.
547 2634 587 2639 —
604 2623 616 2639 ²
642 2628 649 2647 ι
676 2618 747 2648 Cor.
769 2627 819 2656 ιιι,
838 2615 875 2655 6,
899 2626 932 2656 7.
