1819 3301
373 222 453 260 130
799 231 832 260 s.
869 232 1100 261 Aucvs'ruu
1133 232 1315 260 EPISCOPI

367 296 686 343 commutabilis
698 297 994 342 veritatisluee
1002 298 1210 356 potiatur,
1221 306 1263 341 et
1278 305 1422 340 mente
1438 297 1609 355 penitus
1621 313 1642 340 a
1655 311 1755 341 con·
1784 304 1791 310 '

366 367 598 414 suetudine
609 367 709 411 vitae
721 367 850 426 hujus
867 367 1050 411 alienata
1072 366 1133 410 illi
1151 376 1399 411 constanter
1416 375 1458 410 et
1475 366 1757 410 indeclinabi-

366 440 464 484 liter
477 440 641 483 haereat
657 459 667 495 3
684 454 763 482 nec
776 437 883 497 quid
901 446 1096 497 quaerat,
1112 453 1192 482 nec
1217 438 1313 498 quis
1335 447 1502 497 quaerat
1519 437 1722 496 intelligit
1743 457 1751 480 :

366 510 515 556 credat
538 523 639 566 ergo
665 509 809 567 potius
835 508 1014 551 sublimi
1038 509 1284 553 auctoritati
1302 509 1568 567 minimeque
1586 507 1753 561 fallaci,

368 579 566 642 quandiu
587 593 736 622 sumus
765 579 810 621 in
837 594 1017 638 corpore
1041 580 1303 638 peregrinari
1329 594 1406 622 nos
1424 595 1446 622 a
1462 579 1667 622 Domino¹
1683 613 1694 632 ‚
1715 588 1759 621 et

369 649 542 695 ambula
551 664 593 692 re
608 664 684 707 per
699 647 828 692 fidem
843 684 853 703 ‚
871 649 1068 693 nondum
1086 665 1162 708 per
1176 648 1364 708 speciem
1383 669 1394 705 3
1414 664 1462 692 ac
1479 648 1538 692 sic
1562 663 1758 707 perseve-

368 729 513 764 ranter
543 720 733 762 retinens
755 727 886 779 atque
911 718 1159 763 custodiens
1183 719 1337 772 fidem,
1363 733 1484 777 spem
1512 727 1554 760 et
1575 718 1759 762 charita-

366 800 471 844 tem,
492 787 692 833 intendat
708 789 753 831 in
769 789 952 847 speciem
968 804 1018 831 ex
1036 788 1216 847 pignore
1231 787 1350 847 quod
1366 788 1610 847 accepimus
1624 788 1760 831 sancti

369 860 551 919 Spiritus
568 894 578 914 ,
602 859 678 918 qui
700 874 779 902 nos
805 858 982 901 docebit
1003 873 1177 901 omnem
1209 858 1437 911 veritatem
1452 861 1491 911 2,
1516 873 1615 902 cum
1648 860 1760 901 Deus

369 930 444 990 qui
466 930 688 973 suscitavit
719 931 867 972 Jesum
896 928 1119 971 Christum
1137 944 1158 970 a
1184 928 1366 971 mortuis
1383 929 1396 953 ³
1419 962 1430 981 ,
1450 927 1686 971 vivificabit
1717 936 1760 971 et

367 1000 567 1045 mortalia
581 1014 762 1058 corpora
783 1007 928 1042 nostra
947 1014 1024 1057 per
1043 998 1363 1042 inhabitantem
1385 999 1591 1058 Spiritum
1605 1003 1695 1054 ejus
1713 999 1760 1042 in

371 1071 510 1116 nobis.
538 1071 661 1114 Prius
695 1078 841 1112 autem
864 1084 996 1128 quam
1017 1068 1260 1112 vivificetur
1291 1070 1374 1113 hoc
1397 1069 1517 1129 quod
1538 1079 1761 1113 mortuum

371 1151 434 1185 est
460 1149 644 1200 *propter
683 1148 937 1198 peccatum,
964 1139 1118 1197 procul
1152 1137 1288 1183 dubio
1317 1139 1601 1199 corruptibile
1633 1149 1697 1183 est
1719 1147 1762 1182 et

370 1219 574 1270 aggravat
611 1209 798 1253 animam
815 1211 856 1265 43
881 1209 959 1252 etsi
982 1209 1160 1268 quando
1183 1210 1332 1270 adjuta
1354 1211 1526 1254 excedit
1546 1211 1659 1254 hanc
1682 1225 1762 1253 ne-

373 1280 524 1325 bulam
541 1315 551 1334 ‚
573 1295 660 1339 qua
680 1280 837 1336 tegitur
864 1279 1003 1322 omnis
1028 1288 1142 1322 terra
1160 1282 1202 1334 ⁵,
1230 1279 1273 1323 id
1298 1289 1361 1324 est
1379 1315 1390 1334 ,
1411 1281 1523 1324 hanc
1546 1280 1761 1324 carnalem

373 1350 599 1408 caliginem
619 1384 629 1402 ‚
663 1365 748 1408 qua
772 1349 932 1406 tegitur
960 1348 1101 1391 omnis
1131 1348 1217 1392 vita
1240 1358 1409 1392 terrena
1429 1385 1439 1404 ‚
1465 1358 1675 1409 tanquam
1700 1365 1761 1393 ra-

373 1419 473 1480 pida
491 1418 790 1462 coruscatione
814 1416 1141 1476 perstringitur,
1177 1427 1218 1461 et
1254 1418 1299 1461 in
1320 1435 1440 1462 suam
1468 1419 1764 1463 infirmitatem

375 1490 512 1544 redit,
536 1489 710 1532 vivente
743 1487 956 1531 desiderio
989 1504 1078 1546 quo
1103 1503 1249 1531 rursus
1278 1489 1490 1546 erigatur,
1528 1505 1608 1533 nec
1643 1490 1766 1533 susti-

375 1562 516 1604 cicnte
538 1557 755 1602 munditia
779 1574 864 1617 qua
883 1558 1056 1616 figatur.
1088 1560 1143 1601 Et
1169 1568 1335 1617 quanto
1358 1559 1542 1618 quisque
1566 1560 1648 1604 hoc
1671 1575 1765 1603 rna·-

379 1631 440 1689 gis
463 1638 604 1688 potest
621 1663 631 1682 ‚
654 1637 775 1671 tanto
814 1629 949 1686 major
971 1637 1034 1670 est
1059 1648 1066 1670 2
1093 1637 1259 1687 quanto
1285 1639 1429 1672 autem
1452 1630 1622 1684 minus,
1645 1639 1766 1674 tanto

379 1700 534 1743 minor.
571 1698 613 1742 Si
652 1707 796 1741 autem
833 1696 944 1739 nibil
966 1696 1109 1740 adhuc
1133 1696 1218 1740 tale
1240 1714 1360 1742 mens
1386 1699 1573 1744 hominis
1595 1709 1767 1758 experta

378 1779 439 1814 est
459 1805 469 1824 ‚
495 1769 540 1812 in
559 1784 645 1828 qua
662 1777 809 1811 tamen
833 1767 998 1809 habitat
1022 1766 1217 1810 Christus
1238 1783 1313 1826 per
1330 1768 1459 1811 fidem
1474 1803 1484 1823 ‚
1506 1769 1665 1812 instare
1688 1770 1766 1813 de-

380 1841 453 1883 bet
480 1837 728 1882 minuendis
766 1835 1054 1895 finiendisque
1087 1837 1399 1895 cupiditatibus
1429 1836 1736 1898 hujus'saeculi
1755 1875 1765 1893 ,

381 1909 553 1954 moralis
575 1908 745 1951 virtutis
768 1908 936 1950 actione
953 1942 964 1961 ⁷
990 1917 1199 1965 tanquam
1223 1908 1267 1950 in
1286 1909 1494 1952 comitatu
1517 1909 1650 1952 trium
1672 1909 1770 1954 iilo-

382 1995 479 2025 rum
511 1977 882 2036 Evangelistarum
922 1992 1021 2020 cum
1051 1977 1286 2021 mediatore
1314 1979 1486 2022 Christo
1510 1980 1766 2024 ambulans:

383 2066 573 2110 eumque
597 2050 672 2109 qui
698 2048 833 2092 Filius
853 2048 926 2091 Dei
948 2063 1116 2107 semper
1134 2057 1212 2097 est,
1234 2058 1411 2108 propter
1434 2065 1511 2093 nos
1529 2049 1666 2093 filiurn
1693 2051 1771 2095 lio-

383 2123 510 2166 minis
529 2122 690 2164 facturn
707 2155 717 2174 ‚
731 2129 779 2163 ut
793 2119 1051 2177 sempiterna
1077 2119 1210 2162 virtus
1229 2121 1318 2179 ejus
1331 2129 1373 2163 et
1390 2120 1590 2164 divinitas
1614 2132 1771 2165 nostrae

384 2191 629 2236 infirmitati
651 2199 694 2233 et
725 2188 975 2233 mortalitati
995 2197 1317 2246 contemperata
1340 2189 1394 2232 de
1411 2199 1559 2233 nostro
1582 2191 1706 2234 nobis
1729 2192 1772 2233 in

385 2278 429 2306 se
452 2271 583 2320 atque
606 2259 660 2303 ad
677 2275 721 2303 se
744 2259 907 2302 faceret
923 2257 1035 2300 viam
1049 2292 1060 2312 ,
1081 2273 1180 2300 cum
1201 2273 1367 2315 magnae
1390 2260 1479 2317 spei
1496 2259 1644 2304 laetitia
1662 2260 1772 2304 fide-

384 2331 483 2376 liter
508 2339 665 2375 teneat.
694 2332 758 2374 Ne
787 2338 956 2388 peccet,
989 2344 1010 2370 a
1044 2344 1143 2386 rege
1177 2329 1348 2372 Christo
1377 2339 1581 2387 regatur:
1608 2332 1641 2374 si
1666 2331 1774 2376 forte

387 2401 655 2462 peccaverit,
682 2400 736 2443 ab
765 2398 920 2443 eodem
953 2398 1174 2442 sacerdote
1196 2399 1368 2443 Christo
1390 2401 1585 2459 expietur
1608 2421 1615 2445 :
1643 2411 1774 2462 atque

445 2502 447 2512 ¹
469 2510 486 2529 ¹2:
503 2502 576 2530 (jor,
602 2510 634 2537 v7
662 2499 693 2528 (ἦ,
721 2515 755 2518 -
786 2504 794 2517 2'
813 2499 889 2526 ‚loun
928 2507 994 2534 xvi,
1023 2497 1070 2526 ιῖἰ.
1091 2513 1122 2516 —-
1157 2494 1364 2529 3110121.vni.
1397 2509 1447 2537 ιι,
1471 2504 1499 2530 el
1526 2501 1628 2530 2Cor.
1651 2511 1696 2539 iv,
1722 2511 1770 2531 ιι.

393 2572 428 2574 --
452 2553 462 2581 f.
484 2556 554 2594 Sap.
572 2564 615 2593 ix,
636 2556 683 2584 15.
707 2569 738 2573 -
765 2550 778 2573 5
802 2551 897 2582 [ccli.
916 2561 1002 2590 xxw,
1017 2551 1048 2581 6.
