1819 3301
266 299 320 327 DE
351 295 560 326 consssnsu
592 294 1000 334 EVANGELISTARUM‚
1035 297 1118 324 Lm.
1155 297 1220 323 111.
1385 286 1437 324 87

62 377 162 419 nes,
190 362 265 408 sed
299 361 519 424 quomodo
543 362 597 406 sit
617 361 656 405 ei
677 361 791 406 visus
812 374 901 404 non
932 359 1036 404 dicit
1063 358 1183 419 quod
1205 358 1443 418 explicatur

63 450 86 478 a
108 437 290 479 Joanne.
326 436 463 477 Lucas
500 441 645 476 autem
669 447 760 475 non
792 430 931 475 solum
956 439 1090 484 tacet,
1116 438 1166 473 ut
1189 428 1303 484 dixi,
1343 445 1443 473 eum

62 505 306 564 apparuisse
321 502 574 547 mulieribus
591 536 601 556 ,
620 500 694 545 sed
711 501 840 544 etiam
863 500 988 556 duos,
1014 515 1203 561 quorum
1224 515 1338 544 unus
1359 498 1443 545 fuit

61 575 273 634 Cleophas
291 608 301 629 ,
322 573 423 617 talia
445 572 549 616 dicit
569 572 738 616 locutos
762 586 862 614 cum
881 571 956 616 illo
982 580 1218 631 antequam
1240 585 1445 628 agnosce-

61 655 157 691 rent
178 661 278 689 eum
295 679 306 699 ‚
332 653 542 705 tanquam
564 642 766 686 mulieres
789 641 897 685 nihil
933 658 977 686 se
1005 642 1125 686 aliud
1146 657 1278 703 quam
1300 645 1445 700 Ange-

60 717 123 762 los
152 715 306 761 vidisse
334 714 661 768 nuntiaverint,
697 713 774 773 qui
808 711 1012 756 dicebant
1048 728 1148 756 eum
1180 714 1338 758 vivere.
1379 716 1444 758 Ita

61 787 176 831 enim
199 795 344 830 narrat
370 805 379 830 :
409 804 428 827 «
451 788 564 829 Ecce
586 785 675 829 duo
703 799 754 828 ex
780 783 864 828 illis
885 785 1009 829 ibant
1034 785 1125 845 ipsa
1148 785 1217 829 die
1233 786 1278 829 in
1296 785 1446 830 castel-

63 876 84 900 »
117 859 209 902 lum
225 892 236 913 ‚
257 858 377 917 quod
399 866 489 920 erat
516 857 560 899 in
583 856 722 915 spatio
743 856 980 900 stadiorum
1003 857 1224 915 sexaginta
1248 857 1303 900 ab
1322 860 1446 901 Jeru-

64 947 83 970 »
119 927 267 983 salem,
285 927 461 972 nomine
483 927 643 970 Emaiis
661 947 672 984 3
697 934 740 970 et
762 926 842 985 ipsi
863 926 1159 986 loquebantur
1181 926 1236 970 ad
1257 927 1443 972 invicem

63 1017 83 1040 »
119 1000 174 1042 de
195 998 262 1041 his
284 997 486 1042 omnibus
508 1012 607 1056 quae
624 996 871 1040 acciderant
890 999 972 1041 :Et
989 996 1153 1041 factum
1171 1005 1234 1041 est
1255 996 1362 1041 dum
1383 998 1446 1042 lo-

63 1087 83 1110 »
118 1077 357 1129 querentur
375 1103 386 1122 ,
420 1076 463 1110 et
485 1082 632 1111 secum
654 1075 927 1127 quaererent,
959 1077 1002 1112 et
1025 1069 1116 1127 ipse
1147 1071 1269 1113 Jesus
1291 1084 1447 1128 appro-

62 1156 82 1179 »
114 1138 330 1197 pinquans
350 1136 444 1181 ibat
464 1151 563 1181 cum
585 1135 668 1180 illis
689 1155 698 1180 ε
727 1136 843 1180 oculi
867 1146 1012 1181 autem
1035 1137 1210 1182 illorum
1232 1139 1446 1183 teneban—

63 1227 83 1250 »
117 1216 189 1252 tur
210 1224 266 1252 ne
303 1223 401 1252 eum
424 1216 721 1266 agnoscerent.
756 1210 813 1251 Et
835 1208 894 1251 ait
925 1207 980 1251 ad
1012 1207 1108 1252 illos
1134 1228 1143 1253 z
1175 1209 1260 1262 Qui
1278 1219 1379 1254 sunt
1400 1211 1447 1254 hi

61 1297 82 1320 »
117 1294 356 1333 sermones,
392 1294 501 1338 quos
540 1277 746 1322 confertis
781 1279 835 1322 ad
863 1278 1342 1323 invicem-ambulantes
1359 1316 1370 1336 ‚
1403 1290 1446 1325 et

61 1367 81 1391 »
117 1351 215 1393 estis
240 1350 393 1393 tristes.
421 1352 478 1392 Et
500 1348 764 1407 respondens
787 1363 901 1392 unus
922 1349 993 1393 cui
1020 1364 1179 1393 nomen
1199 1349 1413 1410 Cleophas
1430 1386 1441 1407 ‚

59 1438 79 1462 »
117 1419 224 1463 dixit
251 1420 289 1463 ei
315 1439 322 1464 :
362 1422 426 1462 Tu
448 1418 563 1463 solus
585 1419 838 1478 peregrinus
861 1434 904 1463 es
925 1419 970 1462 in
997 1419 1234 1463 Jerusalem
1254 1455 1264 1475 ‚
1290 1430 1333 1464 et
1354 1437 1445 1466 non

59 1509 80 1533 »
113 1491 354 1549 cognovisti
387 1506 485 1550 quae
513 1489 627 1534 facta
654 1499 756 1534 sunt
785 1491 830 1534 in
850 1489 924 1533 illa
952 1491 1017 1534 his
1050 1490 1237 1534 dicbus?
1274 1492 1443 1544 Quibus

59 1579 79 1603 »
114 1561 187 1606 ille
216 1560 320 1605 dixit
342 1580 350 1605 ε
378 1562 515 1613 Quae?
541 1563 598 1605 Et
618 1559 824 1605 dixerunt
846 1580 854 1605 :
880 1564 942 1605 De
974 1563 1077 1605 Jesu
1099 1563 1341 1617 Nazareno,
1368 1566 1444 1623 qui

59 1649 80 1672 »
113 1630 198 1675 fuit
218 1631 283 1676 vir
314 1632 549 1690 propheta,
587 1640 741 1690 potens
762 1631 808 1673 in
830 1645 960 1689 opere
992 1640 1034 1673 et
1071 1646 1269 1675 sermone
1298 1648 1443 1677 coram

58 1718 78 1742 »
115 1704 204 1744 Deo
240 1710 284 1744 et
317 1701 436 1744 omni
469 1698 634 1759 populo
660 1718 669 1743 t
704 1708 747 1743 et
784 1698 1006 1758 quomodo
1041 1715 1142 1743 eum
1170 1700 1444 1747 tradiderunt

58 1789 78 1812 »
113 1771 272 1814 summi
299 1769 543 1814 sacerdotes
567 1778 609 1813 et
639 1769 856 1828 principes
879 1770 1013 1813 nostri
1049 1769 1094 1813 in
1117 1770 1441 1816 damnationem

58 1858 79 1882 »
113 1841 261 1884 mortis
279 1875 289 1894 ‚
312 1848 354 1883 et
383 1840 694 1884 crucifixerunt
715 1855 831 1882 eum.
858 1842 944 1884 Nos
962 1849 1108 1884 autem
1130 1841 1410 1899 sperabamus
1428 1878 1438 1898 ‚

0 1949 1 1954 ,
58 1929 78 1952 »
112 1910 211 1969 quia
234 1910 324 1969 ipse
343 1918 452 1953 esset
474 1910 780 1968 redempturus
804 1908 934 1952 Israel
958 1928 966 1953 :
993 1918 1035 1953 et
1057 1925 1176 1954 nunc
1197 1926 1326 1970 super
1347 1913 1442 1957 haec

0 2018 1 2024 ,
57 1999 78 2023 »
113 1981 256 2026 omnia
270 2016 280 2036 ,
308 1982 432 2024 tertia
455 1981 544 2024 dies
566 1989 628 2025 est
650 1980 780 2024 hodie
801 1996 889 2040 quo
910 1982 1004 2025 haec
1021 1980 1136 2027 facta
1158 1992 1273 2026 sunt.
1294 1983 1377 2027 Sed
1399 1994 1442 2028 et

0 2050 1 2053 ’
58 2069 78 2093 »
115 2051 314 2095 mulieres
335 2051 536 2111 quaedam
566 2066 618 2094 ex
642 2051 797 2095 nostris
820 2060 1068 2095 terruerunt
1090 2067 1167 2096 nos
1183 2087 1193 2107 ‚
1219 2069 1318 2112 quae
1341 2064 1441 2100 ante

58 2140 77 2163 »
111 2123 255 2166 lucem
285 2121 464 2166 fuerunt
487 2122 541 2166 ad
565 2130 900 2166 monumentum
918 2157 928 2177 ‚
955 2131 999 2166 et
1028 2138 1117 2166 non
1135 2124 1313 2168 invento
1341 2140 1440 2169 cor-

57 2211 78 2234 »
112 2208 216 2252 pore
233 2194 344 2253 ejus,
368 2202 584 2237 venerunt
599 2227 609 2247 ,
631 2192 823 2237 dicentes
844 2208 888 2237 se
913 2194 1044 2237 etiam
1067 2195 1273 2238 visionem
1292 2199 1439 2255 Ange-

57 2282 77 2306 »
111 2263 256 2308 lorum
290 2263 472 2321 vidisse,
509 2265 585 2324 qui
624 2263 778 2308 dicunt
814 2280 915 2308 eum
950 2265 1109 2309 vivere.
1150 2268 1206 2309 Et
1238 2266 1439 2312 abierunt

57 2353 77 2376 η
111 2334 291 2394 quidam
311 2349 362 2377 ex
384 2334 538 2378 nostris
563 2333 617 2378 ad
640 2344 975 2379 monumentum
991 2370 1002 2389 ,
1028 2344 1071 2379 et
1095 2335 1154 2379 ita
1178 2336 1440 2382 invenerunt

57 2424 77 2448 »
112 2406 223 2450 sicut
256 2404 456 2449 mulieres
486 2405 713 2461 dixerunt,
736 2405 878 2465 ipsum
899 2421 1001 2450 vero
1024 2421 1112 2450 non
1134 2405 1337 2451 viderunt
1354 2410 1384 2451 1.
1413 2427 1433 2450 »

55 2480 159 2522 Haec
174 2476 414 2520 secundum
437 2480 597 2521 Lucam
616 2477 674 2521 ita
697 2486 901 2532 narrant,
923 2486 972 2521 ut
994 2478 1238 2521 meminisse
1255 2494 1303 2523 ac
1318 2495 1438 2525 reco-

56 2546 144 2591 lere
164 2556 403 2607 potuerunt
424 2546 545 2607 quod
566 2563 589 2593 a
611 2547 868 2593 mulieribus
885 2548 1052 2592 dictum
1075 2556 1181 2603 erat,
1205 2547 1277 2594 vel
1298 2565 1322 2594 a
1344 2551 1416 2595 Dis

103 2638 112 2655 ¹
133 2633 209 2664 Luc.
233 2642 319 2673 xxiv,
348 2630 462 2673 πίῃ-24.
