1819 3301
337 276 419 314 328
594 292 598 295 ·
773 289 805 314 s.
843 286 1073 314 AUGUsTINl
1107 286 1288 313 Eruscom

334 361 484 411 gentos
512 353 749 411 nonaginta
777 366 934 394 novem
978 365 1116 394 unum
1160 351 1280 395 deest
1312 359 1361 395 ut
1397 350 1547 395 decem
1588 349 1721 396 millia

333 425 433 469 sint.
455 426 622 468 Variari
645 439 747 482 ergo
766 438 841 481 per
860 421 1114 466 brevitatem
1135 431 1177 466 et
1193 421 1537 480 magnitudinem
1552 423 1724 467 numeri

331 505 537 555 possunt,
569 495 728 554 quibus
749 508 885 536 unum
909 485 1030 536 deest
1050 502 1099 536 ut
1126 493 1405 553 perficiantur
1433 512 1441 537 ;
1462 493 1603 553 ipsum
1621 509 1724 538 vero

330 582 470 610 unum
492 566 583 609 sine
603 565 806 608 varietate
822 564 867 607 in
888 578 932 607 se
950 579 1128 607 manens
1146 579 1247 608 cum
1272 565 1509 608 accesserit*
1524 564 1719 624 perficit,

331 637 402 681 cui
424 637 607 695 deputat
629 650 778 679 omnes
813 650 888 694 per
925 635 1231 694 poenitentiam
1261 635 1586 692 reconciliatos,
1623 651 1723 696 quae

330 706 577 751 humilitate
595 705 838 752 obtinetur.

809 846 1045 895 QUAESTIO
1077 847 1252 885 XXXIII.

394 982 428 1022 Ι.
454 997 473 1020 «
500 980 631 1022 Homo
653 977 820 1022 habens
843 976 953 1022 duos
977 977 1110 1022 filios1
1124 1013 1135 1033 ,
1159 980 1312 1022 »Deus
1333 976 1389 1021 ad
1409 976 1519 1022 duos
1541 976 1726 1038 populos

333 1050 590 1109 intelligitur
609 1085 619 1105 ‚
644 1059 853 1110 tanquam
876 1049 1028 1109 stirpes
1047 1049 1154 1093 duas
1177 1049 1345 1108 generis
1366 1048 1548 1092 humani
1569 1064 1727 1094 :unam

333 1136 483 1166 eorum
505 1121 581 1181 qui
604 1129 936 1179 permanserunt
959 1121 1004 1163 in
1026 1120 1154 1163 unius
1179 1119 1255 1163 Dei
1277 1118 1421 1172 cultu,
1454 1119 1632 1163 alteram
1650 1134 1726 1164 eo-

332 1208 430 1236 rum
454 1192 529 1251 qui
568 1206 706 1251 usque
729 1190 784 1233 ad
807 1188 988 1234 colenda
1017 1189 1134 1234 idola
1162 1189 1450 1234 deseruerunt
1480 1193 1632 1233 Deum.
1659 1189 1727 1233 Ab

332 1264 426 1322 ipso
444 1271 589 1305 autem
608 1260 783 1305 exordio
797 1270 1007 1304 creaturae
1026 1258 1276 1304 mortalium
1295 1259 1582 1323 consideratio
1598 1259 1729 1305 debet

334 1333 518 1379 intendi.
545 1335 683 1394 Major
704 1349 806 1392 ergo
840 1332 952 1377 filius
975 1333 1030 1377 ad
1055 1333 1226 1378 cultum
1255 1333 1385 1377 unius
1416 1333 1493 1377 Dei
1521 1333 1723 1393 pertinet.

333 1407 550 1451 Minorem
579 1406 623 1447 in
657 1404 878 1463 regionem
901 1404 1186 1464 longinquam
1216 1402 1463 1463 profectum
1491 1419 1580 1448 esse
1604 1404 1724 1449 dicit.

336 1477 468 1521 Petiit
494 1476 610 1520 enim
634 1484 683 1519 ut
704 1475 786 1518 sibi
819 1490 917 1533 pars
950 1475 1204 1519 substantiae
1236 1491 1336 1536 quae
1365 1491 1466 1518 eum
1503 1484 1724 1534 tangeret,

308 1568 311 1572 <
330 1548 507 1593 daretur
529 1564 553 1591 a
576 1556 696 1605 patre
715 1582 725 1601 ‚
751 1556 961 1606 tanquam
980 1546 1124 1589 anima
1142 1555 1357 1604 potestate
1379 1562 1456 1590 sua
1491 1546 1724 1602 delectata,

331 1619 377 1664 id
398 1620 516 1680 quod
548 1618 611 1662 illi
635 1629 698 1663 est
726 1618 869 1662 vivere
885 1653 896 1672 ‚
937 1617 1182 1676 intelligere
1201 1653 1211 1671 ‚
1244 1618 1490 1662 meminisse
1508 1653 1518 1673 ‚
1553 1618 1728 1676 ingenio

333 1691 464 1736 alacri
487 1689 694 1734 excellere
713 1725 723 1744 ,
750 1689 895 1733 omnia
913 1689 992 1732 ista
1014 1688 1161 1732 divina
1189 1698 1291 1732 sunt
1319 1702 1521 1744 munera,
1550 1704 1650 1748 quae
1682 1689 1730 1732 in

333 1771 593 1823 potestatem
616 1760 829 1819 accipiens
860 1775 936 1819 per
964 1759 1153 1803 liberum
1175 1760 1425 1814 arbitrium,
1463 1760 1563 1819 quia
1586 1759 1730 1804 divisit

333 1843 457 1894 pater
478 1833 626 1877 liberis
638 1831 924 1875 substantiam
937 1866 947 1885 ,
974 1831 1116 1875 minor
1133 1830 1248 1875 filius
1265 1831 1309 1874 in
1325 1831 1542 1888 regionem
1557 1830 1731 1889 longin-

334 1921 467 1967 quam
489 1904 711 1964 profectus
735 1912 799 1947 est
818 1938 828 1957 ‚
868 1902 980 1946 male
1002 1903 1168 1947 utendo
1191 1901 1462 1946 naturalibus
1500 1901 1624 1946 bonis
1639 1937 1650 1957 ,
1676 1918 1728 1947 eo

337 1979 430 2036 ipso
448 1992 536 2036 quo
554 1985 721 2035 patrem
743 1975 933 2018 deseruit
950 1974 1189 2033 eupiditate
1211 1973 1387 2018 fruendi
1409 1983 1605 2018 creatura
1633 1994 1641 2019 :
1661 1989 1731 2018 re-

338 2050 442 2094 licto
465 2049 556 2107 ipso
579 2049 798 2093 Creatore.

400 2123 458 2164 lI.
486 2118 615 2172 Quod
638 2134 726 2162 non
745 2126 841 2177 post
862 2116 1022 2161 multos
1040 2117 1130 2161 dies
1151 2116 1258 2161 dixit
1274 2115 1460 2172 factum,
1483 2126 1533 2160 ut
1548 2133 1732 2177 congre·

344 2191 452 2250 gatis
466 2190 670 2235 omnibus
688 2204 868 2248 peregre
889 2189 1236 2248 proficisceretur
1257 2188 1299 2232 in
1318 2189 1537 2246 regionem
1560 2187 1734 2248 longin-

343 2279 472 2323 quam
491 2282 500 2307 z
517 2262 618 2322 quia
638 2277 727 2306 non
748 2261 888 2304 multo
906 2269 1004 2320 post
1024 2260 1340 2304 institutionem
1364 2260 1544 2304 humani
1563 2261 1729 2319 generis

341 2334 508 2393 placuit
531 2334 685 2377 animae
709 2348 783 2392 per
805 2332 992 2376 liberum
1023 2331 1248 2374 arbitrium
1274 2330 1383 2375 ferre
1397 2347 1542 2375 secum
1572 2347 1727 2391 quam-

344 2406 444 2448 dam
468 2404 587 2448 velut
610 2404 848 2464 potentiam
872 2412 1039 2447 naturae
1059 2418 1168 2457 suae,
1195 2412 1236 2446 et
1255 2403 1451 2447 deserere
1474 2418 1573 2446 eum
1597 2419 1619 2447 a
1641 2419 1731 2464 quo

342 2476 516 2519 condita
541 2485 603 2519 est
618 2511 628 2530 ‚
649 2476 879 2535 praefidens
896 2476 1059 2519 viribus
1083 2474 1191 2529 suis,
1218 2491 1324 2534 quas
1346 2475 1455 2518 vires
1476 2484 1598 2520 tanto
1619 2491 1730 2520 con-

343 2547 472 2590 sumit
490 2547 640 2602 eitius,
667 2555 832 2607 quanto
855 2562 953 2593 eum
979 2546 1135 2590 (leserit
1153 2562 1174 2590 a
1193 2562 1281 2606 quo
1303 2545 1416 2591 datae
1438 2555 1552 2591 sunt.
1578 2549 1731 2607 Itaque

395 2649 401 2663 ¹
425 2644 499 2673 Luc.
519 2654 573 2683 xv,
597 2644 713 2675 11-39..
