1819 3301
371 280 508 307 εΕιιΜο
540 280 698 306 nomm
730 280 775 305 m
807 279 980 315 MONTE,
1017 280 1098 305 Lis.
1135 279 1164 305 1.
1371 266 1452 305 145

80 352 152 387 tur
168 378 178 398 ‚
203 344 279 403 qui
300 359 388 387 non
410 343 647 387 secundum
665 358 810 387 veram
834 342 964 386 fldem
987 351 1029 386 et
1050 340 1307 386 catholicam
1330 340 1455 386 disci-

80 412 241 472 plinam
264 413 531 457 Christianus
552 422 744 456 vocatur.

138 485 234 526 XV.
275 502 294 524 «
319 481 513 526 Gaudete
531 516 541 536 ,
566 482 730 541 inquit,
752 491 795 526 et
816 481 1030 536 exultate,
1066 480 1269 540 quoniam
1295 495 1456 524 merces

85 569 105 592 »
140 560 277 596 vestra
299 551 435 595 multa
456 560 519 595 est
539 551 585 594 in
607 551 727 595 coelis
744 554 773 594 1.
803 570 822 592 »
848 555 945 596 Non
965 551 1048 595 “hic
1070 551 1204 595 coelos
1228 550 1313 595 dici
1350 559 1459 610 puto

82 621 320 680 superiores
343 629 484 679 partes
502 621 631 679 hujus
647 620 825 664 visibilis
848 621 1015 664 mundi.
1041 623 1138 665 Non
1160 621 1274 664 enim
1296 635 1459 664 merces

82 700 227 735 nostra
245 726 255 744 ,
294 707 392 750 quae
420 691 673 734 inconcussa
702 699 745 733 et
777 699 938 733 aeterna
960 705 1048 733 esse
1081 690 1212 733 debet
1229 724 1239 744 ,
1264 690 1310 733 in
1332 690 1461 733 rebus

82 760 345 805 volubilibus
363 795 373 814 ‚
394 769 437 803 et
457 759 766 819 temporalibus
784 759 1035 803 collocanda
1053 769 1130 803 est.
1154 760 1237 804 Sed
1261 779 1280 801 «
1301 763 1351 803 In
1369 776 1461 803 coe-

86 850 107 873 »
141 832 191 875 lis
216 850 236 873 n
260 832 425 875 dictum
446 840 553 890 puto
575 866 584 885 ‚
611 831 655 874 in
683 830 944 890 spiritalibus
963 830 1242 873 firmamentis
1258 864 1268 882 ,
1294 830 1369 872 ubi
1386 830 1464 873 ha-

83 902 193 944 bitat
215 902 472 960 sempiterna
490 901 683 959 justitia:
708 901 753 943 in
781 915 968 959 quorum
1002 899 1322 958 comparatione
1352 908 1465 942 terra

83 970 241 1014 dicitur
264 971 404 1014 anima
434 970 583 1029 iniqua
604 1005 614 1024 ,
643 970 712 1013 cui
742 969 936 1028 peccanti
966 968 1132 1013 dictum
1161 980 1219 1013 est
1247 988 1255 1013 :
1285 988 1303 1010 «
1335 971 1464 1012 Terra

87 1059 106 1080 »
142 1056 209 1093 es,
235 1049 277 1083 et
299 1040 342 1082 in
371 1049 529 1083 terram
546 1038 667 1082 ibis‘2.
694 1058 712 1079 >›
740 1042 800 1082 De
828 1039 894 1082 his
925 1039 1046 1082 coelis
1069 1038 1174 1082 dicit
1195 1037 1426 1097 Apostolus
1453 1057 1462 1081 2

88 1128 107 1150 «
142 1109 356 1161 Quoniam
378 1108 645 1152 conversatio
680 1117 825 1151 nostra
853 1108 897 1150 in
928 1107 1049 1151 coelis
1076 1109 1184 1151 est3.
1214 1126 1233 1148 »
1263 1107 1466 1151 Sentiunt

85 1194 186 1236 ergo
201 1180 290 1237 jam
312 1178 438 1221 istam
469 1177 739 1232 mercedem,
773 1178 848 1236 qui
881 1177 1072 1234 gaudent
1100 1176 1360 1235 spiritalibus
1383 1177 1466 1220 bo-

84 1248 151 1291 nis
177 1266 185 1290 :
210 1246 286 1290 sed
317 1256 422 1290 tunc
445 1261 496 1290 ex
522 1247 639 1290 omni
671 1255 792 1305 parte
815 1246 1083 1304 perficietur,
1110 1261 1211 1289 cum
1233 1246 1362 1288 etiam
1383 1246 1467 1288 hoc

86 1314 267 1360 mortale
302 1314 491 1358 induerit
534 1315 916 1359 immortalitatem.
960 1334 979 1356 «
1008 1318 1072 1358 Ita
1106 1315 1220 1358 enim
1253 1314 1467 1374 persecuti

88 1403 107 1426 »
143 1394 265 1439 sunt,
303 1384 471 1444 inquit,
506 1394 548 1428 et
582 1385 818 1443 Prophetas
853 1384 928 1443 qui
951 1393 1050 1428 ante
1085 1399 1160 1428 vos
1194 1382 1417 1427 fuerunt4.
1442 1401 1463 1423 »

83 1457 209 1499 Nunc
237 1454 580 1512 persecutionem
610 1453 864 1511 generaliter
893 1453 1065 1512 posuit,
1091 1453 1205 1496 etin
1229 1452 1466 1496 maledictis
1498 1461 1505 1463 ’

85 1524 189 1567 etin
206 1523 511 1567 dilaceratione
528 1524 656 1567 famae
673 1544 684 1581 3
700 1533 742 1567 et
765 1524 876 1566 bene
897 1523 1096 1582 exemplo
1115 1523 1366 1567 adhortatus
1383 1532 1461 1575 est,

85 1594 185 1652 quia
207 1608 307 1636 vera
338 1593 528 1636 dicentes
551 1593 690 1636 solent
713 1593 1055 1651 persecutionem
1073 1594 1163 1651 pati
1184 1612 1191 1635 :
1219 1608 1299 1636 nec
1317 1602 1464 1635 tamen

85 1662 183 1705 ideo
213 1662 441 1721 Prophetae
477 1662 644 1720 antiqui
675 1662 830 1706 timore
872 1662 1178 1721 persecutionis
1215 1677 1238 1705 a
1275 1661 1464 1705 veritatis

85 1731 392 1790 praedicatione
414 1731 681 1775 defecerunt.
1447 1735 1450 1737 ’

90 1909 119 1924 V!
126 1909 331 1924 WWEQ‘WWVQM
336 1909 471 1924 WUWSWS
477 1907 896 1923 wxfwwwwwmmbmm
900 1906 1463 1922 mwummmmwwwmmmsvw

627 2036 842 2084 CAPUT
880 2038 966 2084 Vi.

148 2190 266 2232 XVI.
293 2191 549 2231 RsscmserE
582 2188 729 2246 itaque
751 2190 946 2248 sequitur
972 2207 980 2231 2
1010 2207 1030 2230 «
1067 2191 1151 2232 Vos
1172 2188 1270 2232 estis
1292 2188 1354 2231 sal
1376 2197 1464 2232 ter-

94 2278 114 2299 »
149 2274 206 2301 rae
229 2277 236 2302 :
264 2276 283 2298 »
308 2256 538 2301 ostendens
560 2255 700 2301 fatuos
720 2273 807 2300 esse
825 2257 1104 2316 judicandos,
1144 2258 1219 2316 qui
1248 2267 1467 2316 tempora-

91 2328 199 2371 lium
237 2329 452 2371 bonorum
484 2326 551 2370 vel
580 2326 749 2384 copiam
783 2335 1020 2380 sectantes,
1056 2327 1125 2370 vel
1157 2328 1345 2385 inopiam
1379 2343 1470 2370 me-

96 2397 289 2449 tuentes,
335 2397 538 2439 amittunt
581 2405 770 2450 aeterna,
815 2412 913 2455 quae
953 2412 1031 2438 nec
1066 2396 1157 2439 dari
1194 2406 1372 2454 possunt
1416 2399 1471 2441 ab

93 2466 343 2511 hominibus
362 2499 373 2519 ,
393 2480 472 2508 nec
490 2463 663 2508 auferri.
689 2484 708 2506 «
735 2468 887 2524 Itaque
904 2465 937 2507 si
955 2465 1015 2508 sal
1037 2465 1300 2509 infatuatum
1321 2465 1469 2523 fuerit,

146 2560 290 2592 ¹Matth.
317 2571 351 2599 v,
375 2567 426 2590 12.
446 2576 482 2581 -—
502 2566 512 2579 ²
533 2561 610 2590 Gen.
628 2570 672 2598 iu,
700 2561 749 2590 19,
770 2575 811 2580 —-
831 2557 844 2581 3
870 2558 979 2600 Philip.
1001 2568 1119 2598 11¹,20.
1141 2575 1178 2580 —-
1195 2557 1211 2587 4
1229 2560 1347 2594 Matth.
1368 2572 1401 2602 v,
1421 2570 1470 2595 12.

259 2622 380 2651 exin.
1238 2613 1287 2651 10
