1819 3301
285 311 339 337 DE
370 305 578 337 coNsENsu
609 304 1021 345 numanus-rmum,
1055 308 1139 335 Lm.
1175 308 1240 334 111.
1404 298 1453 336 91

81 382 178 429 tur,
205 373 238 417 si
261 374 352 434 ejus
372 372 562 432 corporis
587 372 801 431 particeps
822 380 1020 427 nonest,
1045 370 1091 415 id
1119 378 1209 426 est,
1227 369 1455 426 Ecclesiae,

82 445 203 504 cujus
224 444 436 489 unitatem
458 444 502 486 in
525 452 791 487 sacramento
813 442 934 502 panis
961 440 1240 486 commendat
1272 444 1460 500 Aposto-

77 512 168 568 IUS‚
193 513 339 558 dicens
359 532 369 558 ε
399 533 415 553 «
439 515 559 557 Unus
581 513 718 571 panis,
744 528 880 556 unum
895 527 1051 571 corpus
1066 511 1193 554 multi
1215 526 1362 555 sumus
1377 513 1414 556 ¹:
1435 529 1456 552 »

79 593 129 628 ut
159 599 260 628 cum
299 584 355 627 eis
385 583 666 627 benedictum
701 598 854 642 panem
890 583 1157 641 porrigeret,
1193 582 1460 640 aperirentur

79 654 193 699 oculi
214 669 362 699 eorum
376 689 387 709 ‚
422 663 465 698 et
487 654 767 712 agnoscerent
788 668 888 696 eum
907 675 918 711 3
943 653 1212 712 aperirentur
1232 653 1384 713 utique
1406 652 1461 697 ad

79 725 169 784 ejus
199 724 491 783 cognitionem
508 759 519 779 ‚
544 732 709 768 remoto
732 723 893 767 scilicet
921 723 1232 782 impedimento
1249 759 1259 778 ,
1285 739 1373 784 quo
1393 733 1459 767 te-

79 796 297 840 nebantur
321 811 376 839 ne
398 811 498 839 eum
518 803 814 854 agnoscerent.
839 797 990 855 Neque
1012 794 1126 838 enim
1150 794 1304 839 clausis
1327 794 1461 839 oculis

79 865 365 910 ambulabant
384 887 395 923 3
421 865 497 910 sed
524 867 664 910 inerat
691 865 855 925 aliquid
872 901 882 920 ⁷
904 881 992 925 quo
1014 880 1103 909 non
1125 865 1368 909 sinerentur
1393 880 1461 923 ag-

78 953 254 981 noscere
277 937 399 996 quod
418 938 626 982 videbant
647 957 655 981 :
680 936 801 997 quod
825 937 988 981 scilicet
1014 945 1057 980 et
1078 935 1217 994 caligo
1238 945 1281 980 et
1308 936 1461 997 aliquis

77 1008 236 1053 humor
249 1009 419 1052 efficere
436 1007 558 1052 solet.
574 1011 672 1053 Non
689 1007 791 1068 quia
808 1007 1016 1051 Dominus
1030 1023 1117 1052 non
1131 1015 1302 1066 poterat
1323 1016 1462 1051 trans-

78 1077 265 1122 formare
291 1093 465 1122 carnem
487 1093 609 1122 suam
630 1113 640 1133 ‚
663 1087 713 1122 ut
740 1077 822 1121 alia
852 1093 998 1122 revera
1021 1087 1130 1121 esset
1153 1077 1336 1136 effigies,
1371 1093 1461 1122 non

77 1164 208 1207 quam
230 1147 428 1192 solebant
448 1147 510 1191 illi
531 1147 728 1192 contueri
749 1164 760 1199 ;
790 1147 1146 1207 quandoquidem
1178 1156 1221 1191 et
1242 1157 1342 1191 ante
1361 1163 1460 1206 pas—

77 1219 241 1263 sionem
264 1234 385 1262 suam
412 1216 743 1263 transformatus
778 1227 841 1262 est
873 1219 918 1261 in
941 1227 1115 1273 monte,
1142 1227 1191 1262 ut
1214 1217 1341 1262 facies
1371 1220 1461 1278 ejus

77 1287 329 1332 claresceret
351 1288 463 1332 sicut
483 1288 572 1332 sol‘2
601 1307 609 1333 :
635 1288 764 1348 quale
788 1287 881 1332 vult
911 1289 1026 1332 enim
1051 1303 1206 1347 corpus
1236 1287 1290 1331 de
1320 1287 1462 1348 quali-

78 1374 267 1419 cumque
291 1374 471 1418 corpore
492 1374 645 1404 verum
675 1360 729 1404 de
758 1375 861 1404 vero
880 1358 1006 1414 facit,
1032 1360 1107 1420 qui
1134 1360 1188 1403 de
1221 1375 1332 1419 aqua
1362 1375 1461 1403 vera

76 1445 227 1474 verum
252 1430 401 1474 vinum
424 1429 553 1474 fecit³
575 1449 584 1475 :
609 1430 684 1474 sed
710 1445 799 1474 non
823 1430 881 1473 ita
904 1428 1066 1474 fecerat
1085 1465 1095 1485 ,
1127 1445 1226 1474 cum
1261 1430 1462 1489 apparuit

75 1500 157 1544 illis
179 1500 350 1544 duobus
380 1500 425 1543 in
448 1500 530 1544 alia
552 1501 709 1559 effigie.
743 1503 839 1545 Non
873 1500 989 1543 enirn
1011 1500 1122 1544 sicut
1143 1509 1235 1543 erat
1261 1500 1461 1559 apparuit

76 1570 135 1614 eis
153 1605 164 1624 ,
192 1586 380 1630 quorum
407 1571 521 1615 oculi
545 1573 807 1615 tenebantur
828 1588 883 1616 ne
907 1580 1187 1629 agnoscerent
1214 1586 1330 1614 eum.
1362 1573 1460 1615 Non

75 1649 221 1684 autem
257 1641 595 1699 incongruenter
638 1643 871 1700 accipimus
901 1643 984 1686 hoc
1020 1640 1380 1700 impedimentum
1412 1641 1458 1684 in

75 1710 210 1756 oeulis
231 1725 381 1754 eorum
398 1725 418 1753 a
446 1713 600 1754 Satana
624 1709 768 1765 fuisse,
795 1727 848 1754 ne
872 1720 1176 1770 agnosceretur
1192 1713 1314 1754 Jesus
1342 1730 1349 1754 :
1383 1710 1458 1754 sed

75 1790 219 1825 tamen
241 1797 264 1825 a
286 1781 458 1824 Christo
480 1790 543 1824 est
577 1779 689 1824 facta
723 1782 943 1840 permissio
971 1796 1108 1840 usque
1130 1781 1184 1824 ad
1215 1796 1459 1824 sacramen-

75 1860 168 1895 tum
191 1851 341 1910 panis:
374 1860 423 1894 ut
455 1851 622 1894 unitate
653 1853 844 1910 corporis
878 1853 968 1911 ejus
990 1851 1246 1911 participata
1268 1886 1278 1906 ‚
1316 1866 1458 1895 remo-

73 1921 163 1965 veri
184 1920 451 1979 intelligatur
472 1920 833 1981 impedimentum
862 1921 1049 1975 inimici,
1076 1930 1125 1964 ut
1141 1921 1336 1966 Christus
1357 1937 1458 1980 pos-

75 1991 127 2035 sit
143 1991 332 2049 agnosci„

132 2062 334 2105 LXXIII.
359 2063 466 2105 Nam
483 2061 597 2120 ipsos
614 2075 703 2104 esse
724 2060 826 2105 istos
849 2060 903 2105 de
920 2061 1080 2120 quibus
1097 2069 1140 2104 et
1162 2063 1333 2105 Marcus
1355 2077 1457 2105 nar-

74 2140 166 2186 rat,
206 2131 472 2175 credendum
504 2140 568 2175 est
594 2150 602 2175 :
628 2131 730 2190 quia
763 2131 868 2175 dicit
900 2132 1015 2191 ipsos
1049 2141 1200 2175 euntes
1238 2132 1457 2175 nuntiasse

75 2201 238 2255 caeteris
261 2220 268 2245 :
293 2201 403 2245 sicut
430 2204 567 2245 Lucas
590 2200 696 2245 dicit
720 2216 791 2246 eos
820 2211 1043 2260 surgentes
1061 2201 1212 2245 eadem
1229 2202 1358 2256 hora,
1385 2217 1455 2245 re-

73 2287 236 2331 gressos
254 2287 342 2316 esse
360 2272 613 2327 Jerusalem,
631 2282 673 2316 et
695 2273 907 2317 invenisse
928 2281 1208 2331 congregatos
1229 2272 1452 2329 undecim,

73 2351 116 2386 ct
137 2357 208 2386 eos
236 2343 312 2402 qui
333 2357 434 2386 cum
457 2342 557 2401 ipsis
578 2351 700 2386 erant
715 2377 725 2397 ‚
750 2342 942 2388 dicentes
966 2343 1086 2403 quod
1103 2343 1285 2387 surrexit
1306 2344 1454 2387 Domi-

71 2428 152 2456 nus
178 2427 305 2466 vere,
339 2421 382 2455 et
413 2413 612 2471 apparuit
635 2413 826 2470 Simoni3
858 2423 901 2457 et
931 2423 1035 2458 tunc
1059 2414 1187 2457 etiam
1211 2413 1326 2472 ipsos
1350 2429 1455 2457 nar-

71 2499 182 2528 rasse
204 2499 303 2543 quae
326 2492 442 2541 gesta
473 2493 596 2527 erant
616 2483 658 2526 in
683 2484 773 2539 via,
794 2493 836 2528 et
857 2484 1080 2544 quomodo
1110 2500 1211 2527 eum
1242 2499 1454 2543 cognove-

70 2555 154 2597 rint
187 2555 232 2597 in
258 2552 466 2597 fractione
502 2555 636 2612 panis.
673 2556 771 2598 Jam
793 2570 896 2613 ergo
917 2564 1007 2599 erat
1028 2553 1142 2598 fama
1164 2553 1285 2615 quod
1306 2570 1453 2599 resur-

72 2646 79 2650 “
120 2646 128 2662 ¹
154 2650 166 2671 1
188 2641 258 2671 Cor.
279 2650 312 2680 x,
335 2650 384 2681 ¹7·
408 2656 448 2662 —
468 2646 481 2662 ²
499 2639 619 2671 Matth.
636 2651 711 2680 xvu,
730 2649 762 2671 2.
783 2657 825 2662 —
845 2638 858 2663 3
876 2643 968 2673 Joan.
989 2651 1024 2679 n,
1052 2651 1149 2681 7-11.
