1819 3301
391 275 529 309 snmuo
561 276 719 302 Domini
751 276 796 302 m
827 275 1001 314 MONTE,
1036 278 1118 303 Lm.
1155 279 1202 303 11.
1392 271 1473 307 227

98 337 163 382 vit
183 337 258 397 qni
280 337 319 380 ei
345 338 532 382 nuntiati
554 347 657 383 sunt
682 339 887 394 extincti,
907 339 977 384 vel
999 339 1044 384 in
1073 340 1199 384 ruina
1226 342 1356 385 turris
1373 377 1384 398 ,
1408 344 1479 388 vel

99 421 286 467 quorum
305 409 558 466 sanguinem
578 407 770 453 Herodes
790 409 998 455 sacrificio
1016 410 1201 455 miscuit.
1216 411 1330 456 Dixit
1343 413 1474 469 enim,

98 487 252 537 putare
279 478 474 522 homines
495 478 616 538 quod
632 478 696 522 illi
723 478 836 524 ultra
853 481 1033 525 modum
1064 481 1280 526 debitores
1308 493 1449 528 essent
1465 519 1476 539 ,

98 548 146 592 id
167 558 251 605 est,
282 559 558 610 peccatores,
583 558 625 593 et
659 549 853 606 addidit,
884 570 904 593 «
929 555 1069 596 Amen
1089 552 1186 598 dico
1213 553 1335 598 vobis
1353 588 1364 610 ,
1400 555 1482 599 nisi

103 636 124 660 »
158 620 459 678 poenitentiam
488 620 677 678 egeritis,
705 620 900 665 similiter
921 622 1164 666 moriemini
1181 626 1210 667 1.
1239 642 1259 665 n
1283 626 1381 669 Non
1411 625 1483 669 hic

101 704 202 748 ergo
216 690 399 751 quisque
422 699 599 748 urgetur
615 691 845 749 pecuniam
862 690 1078 736 dimittere
1096 693 1383 751 debitoribus,
1407 695 1483 740 sed

101 775 393 820 quaecumque
412 760 457 804 in
489 775 588 804 eum
612 759 719 804 alius
746 762 1002 820 peccaverit.
1028 765 1136 808 Nam
1159 766 1389 824 pecuniam
1411 765 1482 810 di-

35 849 40 857 ·
101 830 269 875 mittere
290 829 366 875 illo
387 831 530 890 potius
547 831 755 891 jubemur
774 842 1010 892 praecepto,
1033 835 1154 893 quod
1175 836 1370 895 superius
1387 837 1482 881 dic-

101 909 196 944 tum
218 909 299 946 est:
330 920 349 943 «
369 902 411 946 Si
432 901 528 961 quis
549 901 629 945 tibi
644 901 838 946 tunicam
852 902 1005 947 tollere
1026 903 1214 949 voluerit
1231 941 1241 960 ‚
1267 916 1310 950 et
1317 907 1484 966 judicio

104 989 125 1012 »
158 980 305 1016 tecum
326 972 589 1017 contendere
608 1007 619 1028 ,
644 974 814 1017 remitte
836 973 876 1017 ei
895 984 938 1018 et
958 975 1269 1021 vestimentum
1287 981 1304 1003 ²
1322 1013 1332 1033 ‚
1356 997 1376 1019 »
1405 994 1485 1023 nec

100 1041 162 1085 ibi
191 1057 363 1087 necesse
390 1051 453 1087 est
474 1043 594 1086 omni
626 1044 874 1102 pecuniario
904 1043 1090 1089 debitori
1114 1047 1332 1092 dimittere
1360 1048 1485 1092 debi-

102 1120 212 1164 tum,
228 1112 303 1157 sed
319 1113 358 1156 ei
380 1114 454 1172 qui
474 1112 653 1156 reddere
675 1112 888 1169 noluerit,
909 1115 953 1158 in
976 1125 1145 1159 tantum
1168 1127 1212 1161 ut
1231 1118 1334 1162 velit
1356 1119 1484 1163 ctiam

103 1181 268 1241 litigare
292 1203 300 1229 :
328 1203 348 1226 «
370 1187 548 1229 Servum
573 1194 717 1228 autem
740 1185 939 1240 Domini,
965 1196 1015 1230 ut
1037 1187 1095 1230 ait
1115 1189 1370 1246 Apostolus,
1396 1206 1487 1234 non

109 1271 129 1294 »
164 1263 336 1314 oportet
365 1254 530 1312 litigare
546 1254 576 1297 ³.
606 1272 625 1295 »
651 1254 736 1307 Qui
759 1270 861 1313 ergo
883 1254 952 1299 vel
974 1265 1127 1315 sponte
1149 1257 1217 1301 vel
1245 1269 1485 1304 conventus

102 1327 332 1388 pecuniam
353 1324 545 1369 debitam
567 1323 747 1368 reddere
781 1324 970 1369 noluerit
987 1361 997 1380 ‚
1036 1325 1294 1372 dimittenda
1315 1329 1378 1373 illi
1401 1340 1478 1375 est.

102 1402 217 1443 Duas
233 1398 348 1441 enim
380 1396 436 1440 ob
459 1411 523 1440 res
553 1395 674 1440 nolet
690 1395 898 1452 reddere,
924 1397 993 1441 vel
1015 1398 1133 1457 quod
1165 1415 1254 1443 non
1290 1402 1449 1446 habeat
1469 1438 1479 1458 ,

101 1470 171 1515 vel
193 1469 313 1530 quod
330 1484 480 1512 avarus
498 1467 552 1511 sit
572 1467 720 1528 reique
743 1467 894 1511 alienae
916 1469 1101 1528 cupidus
1122 1489 1130 1514 :
1152 1480 1388 1532 utrumque
1406 1490 1484 1518 au-

102 1545 189 1584 tem
208 1540 392 1599 pertinet
411 1538 466 1581 ad
486 1538 677 1597 inopiam
704 1557 712 1582 :
738 1553 838 1582 nam
861 1538 931 1583 illa
954 1540 1099 1599 inopia
1123 1550 1186 1584 est
1213 1543 1273 1585 rei
1297 1542 1482 1589 familia-

102 1610 158 1654 ris
177 1645 188 1666 ,
221 1610 316 1653 haec
353 1608 500 1651 animi.
537 1607 739 1666 Quisquis
766 1608 912 1667 itaque
943 1609 1015 1652 tali
1048 1609 1226 1654 dimittit
1258 1612 1479 1670 debitum,
1506 1643 1508 1645 -

101 1680 222 1740 inopi
244 1678 451 1732 dimittit,
486 1693 682 1737 opusque
715 1677 996 1722 christianum
1018 1689 1243 1738 operatur,
1277 1694 1480 1728 manente
1531 1720 1532 1723 η

101 1749 173 1794 iila
202 1748 350 1808 regula
369 1783 379 1802 ,
402 1756 452 1791 ut
480 1747 526 1789 in
560 1747 704 1790 animo
732 1757 905 1806 paratus
927 1749 980 1793 sit
1017 1751 1213 1794 amittere
1241 1753 1361 1811 quod
1395 1755 1476 1798 sibi

101 1819 300 1864 debetur.
326 1821 433 1863 Nam
457 1818 489 1861 si
510 1817 704 1861 modeste
739 1833 788 1862 ac
819 1818 974 1861 leniter
1005 1821 1122 1862 omni
1157 1821 1287 1865 modo
1319 1826 1479 1881 egerit,

100 1900 151 1934 ut
167 1890 248 1933 sibi
265 1889 514 1932 restituatur
531 1922 541 1940 ,
567 1902 656 1930 non
675 1896 763 1930 tam
784 1887 1014 1932 intendens
1041 1888 1233 1934 fructum
1269 1896 1478 1951 pecuniae,

101 1976 233 2021 quam
268 1968 316 2003 ut
337 1959 557 2002 hominem
580 1957 794 2015 corrigat,
821 1957 891 2001 cui
915 1958 1005 2002 sine
1028 1958 1164 2003 dubio
1193 1964 1482 2018 perniciosum

100 2041 164 2075 est
184 2031 344 2075 habere
361 2028 478 2072 uude
496 2026 671 2082 reddat,
697 2036 740 2070 et
761 2043 850 2071 non
872 2026 1077 2086 reddere,
1103 2045 1191 2073 non
1221 2032 1361 2076 solum
1390 2051 1479 2079 non

99 2100 320 2161 peccabit,
344 2097 419 2143 sed
436 2097 627 2156 proderit
649 2097 776 2140 etiam
798 2096 1034 2156 plurimum
1048 2134 1058 2153 ,
1079 2116 1133 2143 ne
1155 2100 1227 2144 ille
1248 2101 1353 2147 dum
1378 2104 1481 2149 alie-

99 2186 199 2216 nam
220 2170 449 2230 pecuniam
472 2167 645 2210 lucrum
667 2165 808 2210 facere
825 2166 944 2221 vult,
985 2168 1193 2212 damnum
1219 2171 1319 2214 fidei
1344 2176 1476 2231 patia-

98 2251 171 2286 tur
188 2261 198 2298 3
217 2240 338 2300 quod
358 2246 480 2282 tanto
501 2245 565 2281 est
587 2236 757 2295 gravius
776 2271 787 2292 ‚
808 2246 857 2280 ut
879 2236 999 2281 nulla
1032 2239 1084 2281 sit
1112 2243 1390 2299 comparatio.
1418 2247 1481 2288 Ex

98 2327 188 2371 quo
209 2309 467 2367 intelligitur
488 2307 616 2351 etiam
638 2307 682 2351 in
704 2307 782 2351 ista
805 2307 957 2367 quinta
981 2308 1189 2366 petitione
1207 2344 1218 2364 ,
1256 2327 1342 2370 qua
1373 2312 1476 2359 dici-

99 2397 195 2427 mus
223 2401 230 2427 :
260 2379 481 2424 «Dimitte
518 2378 643 2422 nobis
680 2377 824 2421 debita
854 2387 997 2422 nostra
1024 2397 1032 2422 :
1063 2396 1082 2420 »
1106 2395 1193 2423 non
1215 2379 1268 2423 de
1296 2386 1480 2440 pecunia

98 2452 275 2514 quidem
298 2450 380 2494 dici
396 2470 406 2506 3
423 2449 506 2493 ised
523 2449 577 2492 de
593 2448 795 2492 omnibus
824 2464 922 2508 quae
946 2449 989 2491 in
1006 2464 1083 2493 nos
1105 2451 1289 2509 quisque
1311 2465 1474 2512 peccat,

98 2537 148 2568 ac
169 2537 246 2582 per
266 2521 350 2565 hoc
370 2520 499 2563 etiam
527 2517 581 2563 de
603 2518 801 2577 pecunia.
832 2521 985 2562 Peccat
1007 2534 1195 2578 namque
1223 2521 1267 2564 in
1297 2530 1364 2579 te,
1401 2527 1476 2585 qui

147 2607 249 2638 ¹Luc.
270 2614 336 2646 xiii,
360 2603 432 2636 1-5.
454 2619 494 2625 --
516 2608 528 2625 ²
547 2601 659 2634 Matth.
677 2612 711 2643 ν,
730 2600 784 2641 40.
812 2617 846 2623 -
868 2599 880 2624 3
901 2610 919 2633 2
937 2602 1016 2633 Tim.
1034 2612 1068 2643 ιι,
1089 2601 1141 2643 24.

1225 2658 1288 2697 150
