1819 3301
353 237 435 276 126
788 245 822 273 s.
860 246 1089 274 Aneusnm
1123 247 1302 273 Emscom

349 314 480 357 istum
508 311 810 371 concupiscitis
826 346 836 365 ,
861 311 917 354 de
950 326 1038 370 quo
1075 311 1291 369 Propheta
1320 310 1426 354 dicit
1451 328 1461 354 :
1490 329 1514 353 «
1537 314 1631 371 Ego
1654 329 1732 357 au·-

351 401 372 424 »
406 392 495 426 tem
516 398 604 426 non
621 381 814 425 laboravi
840 380 1114 439 subsequens
1136 388 1195 433 te,
1224 380 1407 424 Domine
1423 416 1434 435 ,
1453 390 1496 424 et
1516 380 1632 426 diem
1651 383 1733 427 ho-

354 471 375 495 »
409 453 536 497 minis
563 468 652 497 non
682 451 933 509 concupivi,
954 459 1001 494 tu
1023 450 1102 494 scis
1135 453 1149 476 1
1186 470 1195 495 z
1220 469 1242 491 n
1274 451 1358 496 hoc
1390 460 1478 505 est,
1503 452 1648 496 volare
1678 453 1734 497 ad

351 524 493 568 lucem
513 523 656 576 verbi,
674 531 717 566 et
738 521 1042 579 concupiscere
1064 520 1188 564 illum
1211 520 1326 564 diem
1342 556 1352 576 ,
1382 541 1401 563 «
1435 538 1567 582 quem
1586 522 1734 567 videre

354 612 374 635 »
409 592 656 651 concupivit
695 591 943 645 Abraham,
969 600 1012 634 et
1033 590 1142 634 vidit
1164 601 1207 634 et
1240 591 1492 649 gavisusyest
1519 596 1551 636 ².
1579 611 1599 635 ))
1628 593 1735 637 Inde

348 665 437 722 jam
467 662 520 706 ad
553 661 669 705 diem
694 659 852 704 festum
885 676 983 704 cum
1014 660 1273 704 ascendisset
1302 661 1345 704 in
1379 662 1613 721 templum,
1638 677 1737 722 quae

353 734 477 777 illum
500 736 688 776 Joannes
710 731 903 774 locutum
927 747 1016 774 esse
1046 741 1378 786 commemorat,
1403 748 1536 792 quam
1559 733 1737 776 mirabi-

354 803 437 857 lia,
462 818 592 863 quam
623 801 791 854 divina,
817 817 947 860 quam
981 801 1175 845 excelsa?
1207 802 1326 861 quod
1358 802 1439 861 ipsi
1472 803 1619 846 venire
1650 818 1740 846 non

355 883 530 934 possent
551 888 638 932 quo
666 881 774 915 esset
797 872 957 928 iturus3
977 871 1098 931 quod
1115 882 1158 915 et
1180 873 1320 931 ipsum
1353 882 1543 928 nossent,
1562 883 1607 917 et
1623 873 1740 917 unde

356 954 466 988 esset
488 945 676 999 scirent,
700 952 739 985 et
771 952 880 986 esset
909 958 1034 985 verus
1067 942 1144 1001 qui
1172 958 1273 986 eum
1303 944 1489 995 miserit,
1523 959 1659 1003 quem
1680 943 1743 987 illi

357 1016 572 1058 nescirent
599 1034 606 1057 :
634 1023 837 1072 tanquam
863 1012 1025 1057 diceret
1053 1032 1059 1056 :
1086 1016 1142 1056 Et
1164 1013 1281 1057 unde
1305 1014 1384 1057 sim
1401 1015 1536 1067 scitis,
1562 1024 1604 1058 et
1625 1015 1743 1058 unde

358 1086 435 1129 sim
457 1084 647 1130 nescitis,
679 1085 777 1135 Quo
800 1082 907 1142 quid
936 1082 1052 1125 aliud
1081 1082 1221 1126 voluit
1244 1083 1454 1141 intelligi,
1486 1084 1566 1127 nisi
1587 1100 1743 1128 secun-

359 1155 463 1199 dum
487 1169 657 1198 carnem
689 1162 845 1196 notum
874 1167 917 1195 se
941 1151 1024 1195 illis
1048 1168 1136 1196 esse
1158 1154 1373 1211 potuisse,
1410 1163 1453 1196 et
1480 1163 1651 1211 gentem
1666 1189 1676 1207 ,
1697 1163 1745 1196 et

359 1225 570 1284 patriam3
603 1221 844 1266 secundum
868 1221 1138 1266 divinitatem
1171 1233 1317 1266 autem
1346 1224 1648 1282 incognitum?
1678 1223 1747 1268 Ibi

360 1296 488 1339 ctiam
507 1294 561 1337 de
578 1294 695 1336 dono
721 1293 902 1351 Spiritus
923 1293 1059 1335 sancti
1076 1293 1247 1336 locutus
1260 1328 1269 1344 ,
1295 1294 1483 1337 ostendit
1503 1294 1599 1353 quis
1618 1303 1742 1348 esset,

359 1365 536 1425 quando
553 1364 696 1406 minus
714 1362 967 1405 altissimum
986 1362 1088 1405 dare
1108 1363 1328 1421 potuissetss

417 1437 556 1478 XVII.
594 1436 759 1476 Rursus
787 1431 890 1476 illuc
918 1432 972 1474 dc
1000 1432 1155 1475 Oliveti
1179 1442 1327 1476 monte
1360 1433 1675 1490 regredientem
1700 1434 1715 1458 3
1733 1467 1744 1487 ,

360 1521 458 1559 quse.
481 1513 524 1547 et
544 1512 706 1562 quanta
730 1511 875 1545 narrat
896 1500 1091 1544 locutum
1109 1536 1119 1556 ,
1148 1512 1245 1560 post
1264 1503 1433 1545 veniam
1452 1501 1514 1545 illi
1539 1501 1748 1545 adulterae

361 1574 534 1627 datam,
572 1588 670 1632 quae
705 1577 824 1615 vetut
857 1570 1090 1629 lapidanda
1130 1571 1274 1615 oblata
1310 1571 1372 1615 illi
1413 1588 1435 1615 a
1459 1572 1748 1616 tentatoribus

362 1644 529 1700 fuerat,
560 1641 737 1702 quando
764 1640 899 1697 digito
933 1641 1149 1683 scribebat
1178 1641 1221 1683 in
1255 1650 1390 1693 terra,
1418 1651 1627 1700 tanquam
1652 1641 1748 1685 illos

362 1714 467 1758 tales
490 1713 535 1756 in
563 1721 677 1755 terra
706 1708 958 1753 scribendos
990 1710 1272 1766 significaret,
1302 1726 1390 1752 non
1423 1710 1468 1752 in
1498 1715 1633 1765 coelo,
1671 1711 1748 1754 ubi

362 1784 533 1829 monuit
556 1780 790 1840 discipulos
820 1796 863 1823 sc
886 1781 1065 1838 scriptos
1084 1796 1172 1822 esse
1202 1781 1440 1836 gauderent
1464 1781 1506 1837 ⁴3
1532 1790 1606 1824 aut
1629 1781 1749 1839 quod

362 1872 405 1900 se
418 1851 706 1905 humiliando,
727 1850 846 1910 quod
863 1849 1013 1908 capitis
1029 1849 1307 1892 inclinatione
1320 1850 1606 1904 monstrabat,
1627 1850 1747 1909 signa

363 1927 408 1969 in
432 1935 542 1968 terra
565 1922 755 1978 faceret,
783 1930 856 1963 ant
887 1919 1007 1979 quod
1030 1921 1120 1978 jam
1151 1930 1322 1978 tempus
1351 1930 1461 1963 esset
1483 1931 1532 1963 ut
1560 1921 1604 1963 in
1635 1930 1747 1964 terra

363 2012 461 2055 quac
480 1993 669 2037 fructum
693 1991 831 2038 daret,
858 2006 945 2033 non
968 1989 1013 2032 in
1030 1988 1174 2047 lapide
1197 1989 1357 2043 sterili,
1382 1990 1494 2032 sicut
1514 2000 1656 2040 antea,
1680 1991 1748 2033 lex

363 2067 452 2126 ejus
470 2063 827 2108 conscriberetur.
848 2063 962 2118 Ergo
986 2068 1081 2117 post
1095 2060 1188 2102 haec
1211 2058 1352 2102 lucem
1376 2059 1527 2102 mundi
1550 2075 1593 2102 se
1609 2059 1744 2113 dixit,

362 2146 404 2180 et
426 2135 501 2195 qui
525 2148 624 2177 eum
643 2140 895 2191 sequeretur
918 2145 1005 2173 non
1030 2128 1354 2172 ambulaturum
1373 2129 1418 2171 in
1440 2129 1650 2183 tenebris,
1671 2129 1746 2173 sed

361 2207 615 2251 habiturum
648 2203 791 2246 lucem
814 2201 931 2244 vitae.
966 2199 1079 2243 Dixit
1109 2200 1237 2242 ctiam
1273 2214 1316 2242 se
1338 2215 1426 2242 esse
1457 2200 1742 2258 principium,

362 2275 482 2336 quod
499 2284 542 2318 et
562 2273 814 2332 loqueretur
832 2270 904 2313 eis.
927 2272 1024 2322 Quo
1046 2268 1222 2311 nomine
1245 2268 1395 2327 utique
1412 2285 1456 2312 se
1478 2268 1672 2312 distinxit
1691 2269 1745 2313 ab

363 2346 435 2390 illa
458 2346 555 2388 luce
589 2357 719 2402 quam
751 2339 874 2391 fecit,
908 2348 1114 2398 tanquam
1145 2337 1220 2380 lux
1247 2353 1324 2396 per
1350 2354 1480 2397 quam
1511 2337 1622 2383 facta
1645 2348 1746 2383 sunt

364 2416 507 2460 omnia
539 2434 547 2458 :
584 2422 632 2457 ut
655 2411 765 2455 illud
798 2409 918 2465 quod
948 2425 992 2453 se
1015 2408 1182 2452 dixerat
1203 2407 1345 2451 lucem
1368 2408 1544 2463 mundi,
1569 2425 1660 2453 non
1687 2410 1745 2454 sic

365 2487 634 2543 acciperetur
651 2479 1021 2542 quemadmodum
1043 2477 1269 2537 Discipulis
1292 2479 1350 2521 ait
1377 2498 1385 2523 ;
1407 2497 1426 2520 «
1452 2481 1538 2523 Vos
1558 2479 1656 2523 estis
1671 2478 1746 2524 lux

413 2576 419 2591 ¹
441 2571 557 2600 Jercni.
581 2578 661 2608 xvu,
682 2567 732 2598 16.
754 2582 784 2588 ——
816 2571 827 2586 ²
846 2567 938 2596 Joan.
959 2575 1027 2604 vin,
1048 2562 1102 2594 56.
1121 2579 1161 2585 —-
1184 2561 1196 2585 3
1221 2563 1266 2594 Id.
1286 2574 1352 2603 vni,
1382 2575 1410 2595 1.
1434 2562 1504 2592 -4
1522 2565 1597 2596 Luc.
1613 2575 1644 2604 x,
1664 2572 1719 2596 20.
