1819 3301
312 281 366 308 οε
397 277 605 308 οοΝεΕΝευ
637 274 1050 315 EVANGELISTARUM,
1086 277 1169 304 Lm.
1205 278 1271 304 111.
1407 267 1462 306 73

87 360 177 390 non
194 360 217 389 a
237 343 328 389 solo
341 347 365 388 J
369 345 502 403 oseph
511 378 525 399 ,
547 344 622 387 sed
635 360 659 388 a
675 342 912 389 Nicodemo
930 356 1107 401 quoque
1122 350 1317 386 curatam
1334 341 1463 387 fuisse

85 423 409 460 commemorat.
447 416 773 473 Consequenter
797 413 911 456 enim
933 428 956 456 a
978 411 1215 457 Nicodemo
1236 412 1460 471 incipiens,

85 486 148 529 ita
176 493 320 528 narrat
347 503 355 528 :
380 502 400 525 (ι
425 484 555 527 Venit
572 492 717 526 autem
737 492 779 526 et
796 480 1060 527 Nicodemus
1077 515 1088 535 ,
1113 480 1190 540 qui
1210 490 1386 525 venerat
1409 482 1465 525 ad

89 572 109 596 »
145 557 169 598 J
173 569 292 598 esum
313 562 440 597 nocte
452 553 658 612 primum,
674 553 817 596 ferens
836 552 1068 595 mixturam
1086 552 1275 609 myrrhae
1294 559 1336 595 et
1349 550 1464 595 aloes

86 642 107 665 »
141 624 263 683 quasi
278 623 408 667 libras
425 631 616 667 centum.
635 639 655 662 »
680 621 844 665 Deinde
857 622 1053 681 sequitur
1068 621 1307 681 adjungens
1321 621 1464 681 ipsum

83 695 264 752 Joseph‚
290 701 333 737 et
354 693 460 737 dicit
483 712 491 737 :
522 712 542 734 «
568 696 840 751 Acceperunt
859 706 959 748 ergo
978 707 1133 749 corpus
1151 694 1270 746 Jesu,
1295 701 1338 735 et
1359 691 1466 750 liga-

85 781 106 805 »
141 772 299 808 verunt
320 777 419 806 eum
446 762 588 806 linteis
609 777 709 806 eum
732 762 1018 816 aromatibus,
1052 762 1162 805 sicut
1189 777 1280 805 mos
1302 765 1326 805 J
1331 761 1464 806 udaeis

85 851 106 874 »
141 843 204 877 est
225 832 418 892 sepelire.
444 836 547 876 Erat
569 842 715 877 autem
731 833 776 875 in
797 832 893 876 loco
914 832 990 875 ubi
1015 831 1242 875 crucifixus
1268 841 1331 875 est
1363 833 1465 875 hor-

85 920 105 944 »
140 911 231 957 tus,
253 912 296 946 et
311 903 356 946 in
377 904 506 946 horto
527 911 863 946 monumentum
887 916 1049 946 novum
1069 935 1079 955 ,
1095 901 1141 944 in
1163 916 1251 960 quo
1266 900 1464 944 nondum

84 991 104 1015 »
140 974 369 1033 quisquam
381 975 544 1032 positus
567 982 658 1016 erat
679 992 687 1017 :
712 972 774 1015 ibi
796 987 897 1030 ergo
913 980 1089 1031 propter
1108 974 1371 1015 Paraseeven
1389 973 1465 1014 Ju-

84 1060 105 1084 »
139 1042 357 1097 daeorum,
383 1043 483 1101 quia
497 1044 621 1102 juxta
643 1051 734 1085 erat
752 1050 1104 1095 monumentum,
1131 1049 1372 1100 posuerunt
1389 1043 1463 1084 Je-

83 1130 104 1153 »
139 1127 233 1156 sum
253 1114 293 1159 1.,
308 1130 327 1153 »
354 1114 506 1171 Neque
528 1112 597 1156 hic
617 1111 783 1171 aliquid
806 1120 1019 1170 repugnat
1040 1120 1154 1155 recte
1176 1111 1463 1168 intelligenti-

80 1182 177 1225 bus.
201 1184 351 1241 Neque
371 1181 485 1224 enim
501 1181 563 1224 illi
581 1181 656 1240 qui
673 1180 727 1224 de
743 1180 979 1225 Nicodemo
998 1189 1247 1233 tacuerunt,
1268 1181 1460 1223 affirma-

80 1261 237 1297 verunt
257 1268 280 1295 a
303 1251 394 1295 solo
415 1253 574 1310 Joseph
594 1251 828 1295 Dominum
850 1250 1068 1310 sepultum
1085 1285 1095 1305 ,
1114 1250 1311 1310 quamvis
1332 1250 1463 1294 solius

80 1321 534 1366 commemorationem
557 1320 765 1378 fecerint,
792 1330 866 1366 aut
888 1321 989 1380 quia
1025 1320 1087 1363 illi
1110 1336 1196 1364 una
1224 1319 1405 1364 sindone
1438 1336 1462 1364 a

79 1392 240 1451 Joseph
255 1390 502 1435 involutum
524 1391 728 1434 dixerunt
747 1426 757 1445 ,
785 1400 1011 1450 propterea
1035 1390 1355 1450 prohibuerunt
1391 1391 1461 1434 in—

79 1462 213 1519 telligi
233 1470 276 1504 et
297 1459 378 1504 alia
400 1460 531 1504 lintea
557 1461 745 1519 potuisse
767 1461 910 1504 afferri
933 1476 956 1504 a
978 1460 1215 1506 Nicodemo
1243 1469 1286 1504 et
1308 1475 1462 1519 super-

81 1531 204 1585 addi,
225 1539 274 1574 ut
293 1545 445 1574 verum
464 1539 654 1574 narraret
686 1533 893 1585 Joannes,
925 1530 1043 1590 quod
1061 1546 1149 1574 non
1180 1546 1268 1573 uno
1296 1530 1458 1586 linteo,

80 1599 154 1644 sed
176 1600 317 1643 linteis
345 1599 565 1643 involutus
595 1600 648 1643 sit
674 1619 682 1644 ;
719 1600 913 1658 quamvis
949 1609 991 1643 et
1030 1608 1210 1658 propter
1238 1599 1461 1643 sudarium

81 1669 202 1729 quod
219 1668 347 1727 capiti
366 1667 680 1723 adhibebatur,
706 1678 748 1711 et
770 1669 936 1712 institas
957 1669 1117 1727 quibus
1141 1684 1296 1726 corpus
1321 1678 1460 1712 totum

83 1740 303 1797 alligatum
319 1748 395 1793 est,
411 1739 511 1798 quia
526 1739 669 1782 omnia
689 1738 742 1782 de
760 1739 849 1782 lino
863 1748 1004 1792 erant,
1023 1739 1187 1782 etiamsi
1202 1754 1288 1782 una
1305 1740 1461 1783 sindon

82 1810 141 1852 ibi
161 1808 268 1862 fuit,
293 1808 508 1852 verissime
526 1808 617 1851 Dici
636 1809 778 1867 potuit
801 1827 809 1852 :
835 1828 853 1849 «
874 1810 1135 1867 Ligaverunt
1153 1824 1251 1851 eum
1270 1807 1457 1852 linteis.»

83 1878 235 1922 Lintea
253 1877 415 1936 quippe
438 1877 691 1935 generaliter
716 1878 923 1921 (licuntur
945 1894 1042 1937 quae
1063 1877 1152 1922 lino
1176 1886 1396 1921 texuntur.

133 1980 143 1996 ¹
165 1975 254 2006 Joan.
274 1982 340 2014 xix,
361 1970 479 2014 39-42.
