1819 3301
273 260 326 285 DE
357 257 564 288 eomsssmsu
597 259 981 289 EVANGEMSTARUM
1001 281 1011 301 ⁷
1046 266 1127 291 Lm.
1164 267 1229 291 111.
1389 259 1443 295 97

19 311 22 365 i
68 322 183 366 tibus
206 322 409 367 undecim
425 323 531 368 dicit
551 326 784 370 Dominum
808 327 1053 386 apparuisse
1074 331 1261 385 Marcus,
1287 331 1321 374 si
1336 332 1447 377 illud

66 400 236 452 tempus
263 403 327 438 est
359 394 444 437 diei
474 395 686 439 Dominici
704 398 794 456 jam
821 397 959 441 noctis
990 397 1113 442 initio
1131 433 1141 453 ,
1167 400 1287 459 quod
1310 405 1447 446 Lucas

66 463 342 523 Joannesque
376 464 683 508 meminerunt.
718 469 879 524 Aperte
907 467 1068 526 quippe
1094 471 1282 514 Joannes
1313 472 1416 515 dicit
1435 506 1445 526 ‚

16 566 17 574 ,
65 546 155 577 non
183 548 284 578 cum
305 533 364 578 eis
388 542 493 578 tunc
513 532 643 578 fuisse
666 535 910 593 apostolum
940 537 1172 595 Thomam,
1197 556 1329 599 quem
1352 556 1448 585 cre-

65 602 207 647 dimus
257 604 404 648 exiisse
442 603 544 648 inde
588 613 824 664 antequam
864 607 1072 652 Dominus
1113 609 1168 653 ad
1209 625 1280 654 eos
1318 611 1448 655 intra—

12 662 17 697 j·
65 682 157 728 ret,
201 683 485 734 posteaquam
534 673 597 718 illi
637 673 725 718 duo
765 675 994 721 redeuntes
1031 678 1086 722 de
1132 679 1308 725 castello
1349 696 1448 725 cum

4 735 15 790 ’ἦ
64 742 164 801 ipsis
179 743 384 788 undecim
402 743 607 789 collocuti
624 753 741 800 sunt,
762 746 874 789 sicut
895 746 1012 805 apud
1030 750 1193 792 Lucam
1210 750 1443 795 invenitur.

65 813 150 857 Sed
171 816 309 857 Lucas
329 814 376 857 in
404 830 480 858 sua
502 814 748 859 narratione
771 814 846 858 dat
866 815 1034 871 locum,
1061 833 1149 877 quo
1167 820 1299 877 possit
1320 821 1450 865 intel-

9 895 13 898 *
62 881 137 941 ligi
160 884 262 930 dum
288 885 382 929 haec
399 884 700 945 loquerentur,
722 886 841 945 prius
863 887 966 931 inde
988 888 1135 932 exiisse
1160 890 1387 946 Thomam,
1409 901 1452 935 et

7 959 11 1009 ξ’
62 963 210 1013 postea
233 955 469 999 Dominum
485 956 679 1000 intrasse.
701 959 871 1000 Marcus
891 966 1037 1001 autem
1059 958 1135 1017 qui
1156 958 1261 1003 dicit
1286 979 1294 1004 :
1322 980 1343 1003 ‹<
1366 964 1453 1007 No-

65 1042 85 1066 »
111 1025 282 1070 vissime
310 1027 667 1070 recumbentibus
689 1026 774 1070 illis
797 1027 1003 1071 undecim
1025 1030 1252 1088 apparuit,
1277 1050 1296 1072 »
1323 1033 1453 1076 etiam

8 1083 9 1086 Ἴ
65 1095 273 1140 Thomam
294 1095 381 1140 illic
404 1095 534 1140 fuisse
557 1097 672 1154 cogit
703 1096 842 1140 fateri.
867 1097 956 1142 Nisi
980 1096 1091 1142 forte
1111 1133 1121 1153 ‚
1147 1104 1343 1158 quamvis
1365 1118 1454 1146 uno

63 1165 241 1210 absente
258 1201 269 1221 ,
310 1166 515 1210 undecim
554 1177 699 1210 tamen
725 1165 866 1211 voluit
889 1166 1131 1226 appellare,
1174 1170 1276 1228 quia
1306 1171 1455 1215 eadem

5 1251 7 1265 ²
66 1245 168 1280 tunc
198 1236 433 1296 apostolica
467 1236 649 1281 societas
672 1237 755 1281 hoc
778 1252 960 1281 numero
983 1240 1348 1297 nuncupabatur,
1375 1257 1455 1285 an-

2 1308 5 1362 ξ
63 1315 238 1366 tequam
259 1308 464 1352 Matthias
483 1307 530 1350 in
551 1306 699 1351 locum
717 1306 844 1351 Judae
866 1307 1294 1365 subrogaretur.Aut
1315 1311 1349 1355 si
1371 1312 1454 1356 hoc

61 1376 222 1420 durum
240 1386 304 1421 est
324 1377 383 1421 sic
404 1377 598 1436 accipere
615 1412 626 1432 ‚
649 1375 758 1420 illud
780 1392 882 1436 ergo
914 1378 1174 1436 accipiamus
1190 1414 1200 1434 ‚
1222 1390 1319 1438 post
1336 1382 1453 1425 mul-

61 1457 125 1492 tas
147 1447 537 1492 demonstrationes
553 1448 659 1508 ejus,
681 1448 840 1507 quibus
857 1463 935 1506 per
948 1447 1038 1492 dies
1055 1450 1342 1508 quadraginta
1360 1453 1451 1496 Dis-

58 1515 211 1578 cipulis
235 1528 521 1577 praesentatus
549 1527 634 1570 est,
659 1533 759 1561 eum
783 1519 912 1562 etiarn
934 1517 1164 1562 novissime
1186 1521 1446 1565 recumben-

59 1588 173 1633 tibus
196 1587 279 1632 illis
303 1588 505 1632 undecim
522 1588 794 1646 apparuisse,
819 1586 865 1630 id
887 1596 976 1642 est,
1002 1587 1092 1644 ipso
1115 1589 1444 1647 quadragesimo

57 1658 128 1702 die
148 1678 156 1703 :
174 1668 217 1702 et
234 1659 438 1718 quoniam
455 1659 546 1717 jam
562 1666 652 1700 erat
675 1657 730 1701 ab
753 1657 812 1700 eis
832 1672 1085 1700 ascensurus
1100 1658 1145 1700 in
1159 1658 1337 1714 coelum,
1362 1660 1444 1704 hoc

56 1728 117 1773 eis
139 1728 214 1772 illo
238 1729 308 1772 die
329 1727 514 1772 maxime
538 1727 797 1785 exprobrare
824 1726 1032 1781 voluisse,
1065 1727 1167 1786 quia
1189 1728 1253 1771 his
1278 1730 1354 1788 qui
1375 1731 1444 1774 vi·-

57 1800 211 1843 derant·
241 1813 342 1842 eum
364 1797 640 1841 resurrexisse
670 1812 759 1841 non
780 1795 1080 1851 crediderant,
1108 1807 1342 1857 antequam
1363 1800 1444 1858 ipsi

58 1885 158 1914 eum
181 1869 402 1925 viderent3
430 1884 531 1912 cum
552 1868 706 1927 utique
740 1877 836 1926 post
866 1868 1160 1912 ascensionem
1182 1884 1304 1912 suam
1328 1886 1442 1929 prae-

57 1939 301 1984 dicantibus
320 1939 403 1982 illis
426 1937 724 1995 Evangelium‚
751 1938 879 1981 etiam
903 1947 1050 1996 gentes
1071 1938 1193 1998 quod
1214 1955 1303 1983 non
1320 1940 1443 1984 vide-

56 2021 161 2056 runt
188 2010 361 2054 fuerant
392 2009 637 2053 crediturae.
667 2013 769 2053 Post
802 2008 920 2053 illam
955 2010 1119 2069 quippe
1141 2012 1440 2069 exprobratio-

55 2097 154 2125 nem
170 2117 180 2136 ,
206 2089 378 2125 secutus
393 2079 452 2124 ait
472 2078 586 2122 idem
608 2081 779 2123 Marcus
807 2098 816 2123 z
846 2099 866 2121 «
887 2082 943 2122 Et
964 2079 1072 2123 dixit
1095 2079 1154 2123 eis
1176 2099 1185 2124 ;
1210 2084 1374 2125 Euntes
1396 2083 1441 2125 in

58 2171 78 2193 »
104 2150 317 2195 mundum
340 2150 604 2203 universum,
621 2148 854 2208 praedicate
876 2148 1163 2207 Evangelium
1187 2152 1305 2194 omni
1321 2167 1439 2195 crea-

57 2239 77 2264 »
105 2232 235 2279 turae3
265 2221 341 2281 qui
361 2219 593 2264 crediderit
609 2255 619 2274 ‚
642 2229 684 2263 ct
707 2219 949 2278 baptizatus
972 2218 1102 2263 suerit
1118 2256 1128 2273 ⁷
1164 2220 1306 2266 salvus
1328 2222 1435 2280 erit3

57 2311 77 2334 »
103 2293 301 2353 quivero
328 2307 417 2336 non
443 2289 693 2345 crediderit,
726 2289 1092 2333 condemnabitur
1110 2293 1137 2333 ¹.
1167 2309 1186 2331 »
1216 2294 1307 2335 Hoc
1336 2307 1438 2351 ergo

53 2362 354 2422 praedicaturi,
392 2360 599 2420 quoniam
628 2359 704 2419 qui
738 2375 828 2402 non
856 2359 1089 2402 crediderit
1126 2361 1439 2405 condemnabi-

53 2443 125 2477 tur
141 2467 152 2489 ‚
177 2447 276 2476 cum
293 2431 339 2475 id
354 2430 506 2491 utique
523 2445 613 2474 non
631 2428 865 2474 crediderit
886 2428 1006 2488 quod
1022 2445 1111 2472 non
1129 2429 1237 2474 vidit
1253 2447 1265 2483 ;
1289 2446 1435 2478 nonne

103 2536 112 2551 ¹
135 2531 231 2561 Mare.
253 2538 320 2565 xvu,
342 2526 393 2568 15,
412 2527 462 2559 16.

241 2592 361 2623 CXXI.
1226 2584 1250 2619 7
