<?xml version="1.0" encoding="UTF-8"?>
<!DOCTYPE html PUBLIC "-//W3C//DTD XHTML 1.0 Transitional//EN"
    "http://www.w3.org/TR/xhtml1/DTD/xhtml1-transitional.dtd">
<html xmlns="http://www.w3.org/1999/xhtml" xml:lang="en" lang="en">
 <head>
  <title>
</title>
<meta http-equiv="Content-Type" content="text/html;charset=utf-8" />
  <meta name='ocr-system' content='tesseract 3.04.00' />
  <meta name='ocr-capabilities' content='ocr_page ocr_carea ocr_par ocr_line ocrx_word'/>
</head>
<body>
  <div class='ocr_page' id='page_1' title='image "./operaomniaaccura14auguuoft_0407.png"; bbox 0 0 1819 3301; ppageno 0'>
   <div class='ocr_carea' id='block_1_1' title="bbox 305 239 1476 285">
    <p class='ocr_par' dir='ltr' id='par_1_1' title="bbox 305 239 1476 285">
     <span class='ocr_line' id='line_1_1' title="bbox 305 239 1476 285; baseline 0.003 -11"><span class='ocrx_word' id='word_1_1' title='bbox 305 245 591 284; x_wconf 79' lang='lat' dir='ltr'><strong>QUAESTIONUM</strong></span> <span class='ocrx_word' id='word_1_2' title='bbox 622 245 949 285; x_wconf 79' lang='lat' dir='ltr'>SEPTEMDECIM,</span> <span class='ocrx_word' id='word_1_3' title='bbox 984 249 1107 275; x_wconf 69' lang='lat' dir='ltr'>Lmen</span> <span class='ocrx_word' id='word_1_4' title='bbox 1139 248 1262 276; x_wconf 84' lang='lat' dir='ltr'>UNUS.</span> <span class='ocrx_word' id='word_1_5' title='bbox 1393 239 1476 279; x_wconf 85' lang='lat'>375</span> 
     </span>
    </p>
   </div>
   <div class='ocr_carea' id='block_1_2' title="bbox 92 312 1485 2469">
    <p class='ocr_par' dir='ltr' id='par_1_2' title="bbox 92 312 1485 2469">
     <span class='ocr_line' id='line_1_2' title="bbox 103 312 1481 371; baseline 0.003 -17"><span class='ocrx_word' id='word_1_6' title='bbox 103 330 123 354; x_wconf 90' lang='lat'>»</span> <span class='ocrx_word' id='word_1_7' title='bbox 150 326 245 356; x_wconf 90' lang='lat' dir='ltr'>eam</span> <span class='ocrx_word' id='word_1_8' title='bbox 264 314 295 356; x_wconf 59' lang='lat'>1.</span> <span class='ocrx_word' id='word_1_9' title='bbox 319 313 511 367; x_wconf 85' lang='lat' dir='ltr'>Quaestio</span> <span class='ocrx_word' id='word_1_10' title='bbox 533 322 610 367; x_wconf 83' lang='lat' dir='ltr'>est,</span> <span class='ocrx_word' id='word_1_11' title='bbox 630 328 708 356; x_wconf 89' lang='lat' dir='ltr'>cur</span> <span class='ocrx_word' id='word_1_12' title='bbox 730 327 754 355; x_wconf 89' lang='lat' dir='ltr'>a</span> <span class='ocrx_word' id='word_1_13' title='bbox 770 327 950 356; x_wconf 88' lang='lat' dir='ltr'>numero</span> <span class='ocrx_word' id='word_1_14' title='bbox 974 312 1129 371; x_wconf 83' lang='lat' dir='ltr'>plurali</span> <span class='ocrx_word' id='word_1_15' title='bbox 1149 312 1202 356; x_wconf 90' lang='lat' dir='ltr'>ad</span> <span class='ocrx_word' id='word_1_16' title='bbox 1220 313 1481 371; x_wconf 85' lang='lat' dir='ltr'>singularem</span> 
     </span>
     <span class='ocr_line' id='line_1_3' title="bbox 99 382 1481 441; baseline 0.001 -15"><span class='ocrx_word' id='word_1_17' title='bbox 99 383 336 438; x_wconf 85' lang='lat' dir='ltr'>transierit,</span> <span class='ocrx_word' id='word_1_18' title='bbox 358 392 408 426; x_wconf 92' lang='lat' dir='ltr'>ut</span> <span class='ocrx_word' id='word_1_19' title='bbox 429 398 529 427; x_wconf 90' lang='lat' dir='ltr'>cum</span> <span class='ocrx_word' id='word_1_20' title='bbox 552 391 718 441; x_wconf 84' lang='lat' dir='ltr'>quaerat</span> <span class='ocrx_word' id='word_1_21' title='bbox 739 382 870 426; x_wconf 91' lang='lat' dir='ltr'>homo</span> <span class='ocrx_word' id='word_1_22' title='bbox 893 383 1028 427; x_wconf 89' lang='lat' dir='ltr'>bonas</span> <span class='ocrx_word' id='word_1_23' title='bbox 1053 383 1326 440; x_wconf 82' lang='lat' dir='ltr'>margaritas,</span> <span class='ocrx_word' id='word_1_24' title='bbox 1349 400 1481 430; x_wconf 89' lang='lat' dir='ltr'>unam</span> 
     </span>
     <span class='ocr_line' id='line_1_4' title="bbox 98 452 1477 512; baseline 0.001 -16"><span class='ocrx_word' id='word_1_25' title='bbox 98 453 290 496; x_wconf 84' lang='lat' dir='ltr'>inveniat</span> <span class='ocrx_word' id='word_1_26' title='bbox 317 453 549 512; x_wconf 80' lang='lat' dir='ltr'>pretiosam</span> <span class='ocrx_word' id='word_1_27' title='bbox 568 487 578 505; x_wconf 85' lang='lat'><strong>‚</strong></span> <span class='ocrx_word' id='word_1_28' title='bbox 603 467 735 511; x_wconf 89' lang='lat' dir='ltr'>quam</span> <span class='ocrx_word' id='word_1_29' title='bbox 758 452 943 496; x_wconf 88' lang='lat' dir='ltr'>venditis</span> <span class='ocrx_word' id='word_1_30' title='bbox 964 453 1167 497; x_wconf 86' lang='lat' dir='ltr'>omnibus</span> <span class='ocrx_word' id='word_1_31' title='bbox 1193 468 1292 512; x_wconf 85' lang='lat' dir='ltr'>quae</span> <span class='ocrx_word' id='word_1_32' title='bbox 1313 453 1446 497; x_wconf 82' lang='lat' dir='ltr'>habet</span> <span class='ocrx_word' id='word_1_33' title='bbox 1467 488 1477 507; x_wconf 86' lang='lat'>,</span> 
     </span>
     <span class='ocr_line' id='line_1_5' title="bbox 99 522 1482 582; baseline 0.001 -17"><span class='ocrx_word' id='word_1_34' title='bbox 99 531 228 566; x_wconf 89' lang='lat' dir='ltr'>emat.</span> <span class='ocrx_word' id='word_1_35' title='bbox 256 525 344 566; x_wconf 86' lang='lat' dir='ltr'>Aut</span> <span class='ocrx_word' id='word_1_36' title='bbox 361 538 463 581; x_wconf 81' lang='lat' dir='ltr'>ergo</span> <span class='ocrx_word' id='word_1_37' title='bbox 486 522 563 565; x_wconf 89' lang='lat' dir='ltr'>iste</span> <span class='ocrx_word' id='word_1_38' title='bbox 584 522 723 565; x_wconf 72' lang='lat' dir='ltr'>&#39;bonos</span> <span class='ocrx_word' id='word_1_39' title='bbox 744 522 941 566; x_wconf 86' lang='lat' dir='ltr'>homines</span> <span class='ocrx_word' id='word_1_40' title='bbox 958 538 1178 582; x_wconf 85' lang='lat' dir='ltr'>quaerens,</span> <span class='ocrx_word' id='word_1_41' title='bbox 1200 538 1299 566; x_wconf 89' lang='lat' dir='ltr'>cum</span> <span class='ocrx_word' id='word_1_42' title='bbox 1323 523 1482 582; x_wconf 84' lang='lat' dir='ltr'>quibus</span> 
     </span>
     <span class='ocr_line' id='line_1_6' title="bbox 98 592 1478 651; baseline 0.001 -16"><span class='ocrx_word' id='word_1_43' title='bbox 98 592 262 636; x_wconf 82' lang='lat' dir='ltr'>utiliter</span> <span class='ocrx_word' id='word_1_44' title='bbox 287 592 429 646; x_wconf 87' lang='lat' dir='ltr'>vivat,</span> <span class='ocrx_word' id='word_1_45' title='bbox 463 592 629 635; x_wconf 86' lang='lat' dir='ltr'>invenit</span> <span class='ocrx_word' id='word_1_46' title='bbox 651 607 788 635; x_wconf 90' lang='lat' dir='ltr'>unum</span> <span class='ocrx_word' id='word_1_47' title='bbox 812 607 901 650; x_wconf 86' lang='lat' dir='ltr'>prae</span> <span class='ocrx_word' id='word_1_48' title='bbox 930 593 1132 636; x_wconf 88' lang='lat' dir='ltr'>omnibus</span> <span class='ocrx_word' id='word_1_49' title='bbox 1157 593 1248 636; x_wconf 89' lang='lat' dir='ltr'>sine</span> <span class='ocrx_word' id='word_1_50' title='bbox 1274 602 1451 651; x_wconf 87' lang='lat' dir='ltr'>peccato</span> <span class='ocrx_word' id='word_1_51' title='bbox 1468 627 1478 647; x_wconf 79' lang='lat'><strong>‚</strong></span> 
     </span>
     <span class='ocr_line' id='line_1_7' title="bbox 97 661 1480 706; baseline 0.001 -1"><span class='ocrx_word' id='word_1_52' title='bbox 97 661 381 706; x_wconf 80' lang='lat' dir='ltr'>mediatorem</span> <span class='ocrx_word' id='word_1_53' title='bbox 403 663 479 705; x_wconf 87' lang='lat' dir='ltr'>Dei</span> <span class='ocrx_word' id='word_1_54' title='bbox 497 670 539 704; x_wconf 89' lang='lat' dir='ltr'>et</span> <span class='ocrx_word' id='word_1_55' title='bbox 557 662 785 705; x_wconf 89' lang='lat' dir='ltr'>hominum</span> <span class='ocrx_word' id='word_1_56' title='bbox 802 662 1023 705; x_wconf 90' lang='lat' dir='ltr'>hominem</span> <span class='ocrx_word' id='word_1_57' title='bbox 1046 663 1266 706; x_wconf 79' lang='lat' dir='ltr'>Christum</span> <span class='ocrx_word' id='word_1_58' title='bbox 1281 665 1480 706; x_wconf 76' lang='lat' dir='ltr'>Jesum2:</span> 
     </span>
     <span class='ocr_line' id='line_1_8' title="bbox 99 732 1484 791; baseline 0.001 -17"><span class='ocrx_word' id='word_1_59' title='bbox 99 740 174 774; x_wconf 90' lang='lat' dir='ltr'>aut</span> <span class='ocrx_word' id='word_1_60' title='bbox 209 740 423 790; x_wconf 86' lang='lat' dir='ltr'>praecepta</span> <span class='ocrx_word' id='word_1_61' title='bbox 446 747 671 790; x_wconf 83' lang='lat' dir='ltr'>quaerens,</span> <span class='ocrx_word' id='word_1_62' title='bbox 706 732 865 791; x_wconf 87' lang='lat' dir='ltr'>quibus</span> <span class='ocrx_word' id='word_1_63' title='bbox 901 732 1076 776; x_wconf 90' lang='lat' dir='ltr'>servatis</span> <span class='ocrx_word' id='word_1_64' title='bbox 1100 748 1200 776; x_wconf 72' lang='lat' dir='ltr'>eum</span> <span class='ocrx_word' id='word_1_65' title='bbox 1234 733 1484 777; x_wconf 85' lang='lat' dir='ltr'>hominibus</span> 
     </span>
     <span class='ocr_line' id='line_1_9' title="bbox 98 801 1483 863; baseline 0.001 -18"><span class='ocrx_word' id='word_1_66' title='bbox 98 811 214 845; x_wconf 90' lang='lat' dir='ltr'>recte</span> <span class='ocrx_word' id='word_1_67' title='bbox 240 811 541 856; x_wconf 83' lang='lat' dir='ltr'>conversetur,</span> <span class='ocrx_word' id='word_1_68' title='bbox 566 802 732 847; x_wconf 87' lang='lat' dir='ltr'>invenit</span> <span class='ocrx_word' id='word_1_69' title='bbox 766 801 1042 846; x_wconf 86' lang='lat' dir='ltr'>dilectionem</span> <span class='ocrx_word' id='word_1_70' title='bbox 1079 803 1288 862; x_wconf 80' lang='lat' dir='ltr'>proximi,</span> <span class='ocrx_word' id='word_1_71' title='bbox 1320 803 1366 846; x_wconf 91' lang='lat' dir='ltr'>in</span> <span class='ocrx_word' id='word_1_72' title='bbox 1393 818 1483 863; x_wconf 90' lang='lat' dir='ltr'>quo</span> 
     </span>
     <span class='ocr_line' id='line_1_10' title="bbox 98 871 1480 930; baseline 0.001 -15"><span class='ocrx_word' id='word_1_73' title='bbox 98 887 187 915; x_wconf 90' lang='lat' dir='ltr'>uno</span> <span class='ocrx_word' id='word_1_74' title='bbox 203 871 554 930; x_wconf 84' lang='lat' dir='ltr'>dicitApostolus</span> <span class='ocrx_word' id='word_1_75' title='bbox 569 872 712 916; x_wconf 90' lang='lat' dir='ltr'>omnia</span> <span class='ocrx_word' id='word_1_76' title='bbox 731 872 941 917; x_wconf 84' lang='lat' dir='ltr'>contineri</span> <span class='ocrx_word' id='word_1_77' title='bbox 958 874 972 898; x_wconf 76' lang='grc'>3</span> <span class='ocrx_word' id='word_1_78' title='bbox 999 891 1006 916; x_wconf 91' lang='lat'><strong>:</strong></span> <span class='ocrx_word' id='word_1_79' title='bbox 1033 881 1098 927; x_wconf 88' lang='lat' dir='ltr'>ut,</span> <span class='ocrx_word' id='word_1_80' title='bbox 1123 891 1142 914; x_wconf 93' lang='lat'>«</span> <span class='ocrx_word' id='word_1_81' title='bbox 1167 875 1264 917; x_wconf 89' lang='lat' dir='ltr'>Non</span> <span class='ocrx_word' id='word_1_82' title='bbox 1288 873 1480 929; x_wconf 76' lang='lat' dir='ltr'>occides3</span> 
     </span>
     <span class='ocr_line' id='line_1_11' title="bbox 100 941 1482 987; baseline 0.003 -5"><span class='ocrx_word' id='word_1_83' title='bbox 100 961 119 983; x_wconf 87' lang='lat'>»</span> <span class='ocrx_word' id='word_1_84' title='bbox 146 944 243 986; x_wconf 90' lang='lat' dir='ltr'>Non</span> <span class='ocrx_word' id='word_1_85' title='bbox 265 942 553 985; x_wconf 88' lang='lat' dir='ltr'>moechaberis</span> <span class='ocrx_word' id='word_1_86' title='bbox 576 961 584 985; x_wconf 90' lang='lat'>:</span> <span class='ocrx_word' id='word_1_87' title='bbox 609 945 708 987; x_wconf 89' lang='lat' dir='ltr'>Non</span> <span class='ocrx_word' id='word_1_88' title='bbox 730 941 943 986; x_wconf 86' lang='lat' dir='ltr'>furaberis</span> <span class='ocrx_word' id='word_1_89' title='bbox 966 961 974 985; x_wconf 80' lang='lat'>2</span> <span class='ocrx_word' id='word_1_90' title='bbox 1000 945 1095 987; x_wconf 90' lang='lat' dir='ltr'>Non</span> <span class='ocrx_word' id='word_1_91' title='bbox 1111 941 1267 985; x_wconf 85' lang='lat' dir='ltr'>falsum</span> <span class='ocrx_word' id='word_1_92' title='bbox 1286 943 1482 986; x_wconf 67' lang='lat' dir='ltr'>testimo-</span> 
     </span>
     <span class='ocr_line' id='line_1_12' title="bbox 101 1011 1480 1071; baseline 0.003 -19"><span class='ocrx_word' id='word_1_93' title='bbox 101 1030 121 1053; x_wconf 82' lang='lat'>»</span> <span class='ocrx_word' id='word_1_94' title='bbox 147 1013 270 1055; x_wconf 86' lang='lat' dir='ltr'>nium</span> <span class='ocrx_word' id='word_1_95' title='bbox 297 1012 438 1067; x_wconf 81' lang='lat' dir='ltr'>dices,</span> <span class='ocrx_word' id='word_1_96' title='bbox 458 1030 478 1053; x_wconf 88' lang='lat'>»</span> <span class='ocrx_word' id='word_1_97' title='bbox 505 1022 547 1056; x_wconf 88' lang='lat' dir='ltr'>et</span> <span class='ocrx_word' id='word_1_98' title='bbox 570 1013 603 1056; x_wconf 90' lang='lat' dir='ltr'>si</span> <span class='ocrx_word' id='word_1_99' title='bbox 629 1012 749 1071; x_wconf 89' lang='lat' dir='ltr'>quod</span> <span class='ocrx_word' id='word_1_100' title='bbox 772 1021 834 1056; x_wconf 87' lang='lat' dir='ltr'>est</span> <span class='ocrx_word' id='word_1_101' title='bbox 852 1012 971 1057; x_wconf 90' lang='lat' dir='ltr'>aliud</span> <span class='ocrx_word' id='word_1_102' title='bbox 1001 1011 1268 1066; x_wconf 85' lang='lat' dir='ltr'>mandatum,</span> <span class='ocrx_word' id='word_1_103' title='bbox 1300 1013 1480 1071; x_wconf 80' lang='lat' dir='ltr'>singulae</span> 
     </span>
     <span class='ocr_line' id='line_1_13' title="bbox 101 1082 1485 1142; baseline 0 -16"><span class='ocrx_word' id='word_1_104' title='bbox 101 1083 346 1141; x_wconf 57' lang='lat' dir='ltr'>margaritae</span> <span class='ocrx_word' id='word_1_105' title='bbox 368 1083 478 1137; x_wconf 78' lang='lat' dir='ltr'>sint,</span> <span class='ocrx_word' id='word_1_106' title='bbox 507 1098 606 1142; x_wconf 86' lang='lat' dir='ltr'>quae</span> <span class='ocrx_word' id='word_1_107' title='bbox 634 1083 677 1132; x_wconf 80' lang='lat' dir='ltr'>in&#39;</span> <span class='ocrx_word' id='word_1_108' title='bbox 705 1083 789 1127; x_wconf 86' lang='lat' dir='ltr'>hoc</span> <span class='ocrx_word' id='word_1_109' title='bbox 811 1098 1008 1127; x_wconf 88' lang='lat' dir='ltr'>sermone</span> <span class='ocrx_word' id='word_1_110' title='bbox 1030 1082 1388 1141; x_wconf 83' lang='lat' dir='ltr'>recapitulantur:</span> <span class='ocrx_word' id='word_1_111' title='bbox 1416 1084 1485 1126; x_wconf 52' lang='lat' dir='ltr'>Div</span> 
     </span>
     <span class='ocr_line' id='line_1_14' title="bbox 100 1152 1483 1212; baseline 0.004 -20"><span class='ocrx_word' id='word_1_112' title='bbox 100 1171 120 1194; x_wconf 85' lang='lat'>»</span> <span class='ocrx_word' id='word_1_113' title='bbox 146 1152 251 1211; x_wconf 84' lang='lat' dir='ltr'>liges</span> <span class='ocrx_word' id='word_1_114' title='bbox 279 1153 525 1211; x_wconf 83' lang='lat' dir='ltr'>proximum</span> <span class='ocrx_word' id='word_1_115' title='bbox 545 1162 672 1196; x_wconf 89' lang='lat' dir='ltr'>tuum</span> <span class='ocrx_word' id='word_1_116' title='bbox 704 1162 914 1212; x_wconf 83' lang='lat' dir='ltr'>tanquam</span> <span class='ocrx_word' id='word_1_117' title='bbox 947 1162 988 1196; x_wconf 88' lang='lat' dir='ltr'>te</span> <span class='ocrx_word' id='word_1_118' title='bbox 1006 1154 1161 1212; x_wconf 91' lang='lat' dir='ltr'>ipsum.</span> <span class='ocrx_word' id='word_1_119' title='bbox 1183 1171 1203 1193; x_wconf 86' lang='lat'>»</span> <span class='ocrx_word' id='word_1_120' title='bbox 1229 1156 1318 1196; x_wconf 82' lang='lat' dir='ltr'>Aut</span> <span class='ocrx_word' id='word_1_121' title='bbox 1345 1154 1483 1197; x_wconf 89' lang='lat' dir='ltr'>bonos</span> 
     </span>
     <span class='ocr_line' id='line_1_15' title="bbox 97 1221 1482 1282; baseline 0 -16"><span class='ocrx_word' id='word_1_122' title='bbox 97 1222 342 1268; x_wconf 86' lang='lat' dir='ltr'>intellectus</span> <span class='ocrx_word' id='word_1_123' title='bbox 366 1223 497 1266; x_wconf 90' lang='lat' dir='ltr'>homo</span> <span class='ocrx_word' id='word_1_124' title='bbox 520 1222 693 1281; x_wconf 85' lang='lat' dir='ltr'>quaerit,</span> <span class='ocrx_word' id='word_1_125' title='bbox 709 1223 926 1266; x_wconf 82' lang='lat' dir='ltr'>etinvenit</span> <span class='ocrx_word' id='word_1_126' title='bbox 948 1238 1085 1266; x_wconf 91' lang='lat' dir='ltr'>unum</span> <span class='ocrx_word' id='word_1_127' title='bbox 1109 1221 1219 1267; x_wconf 89' lang='lat' dir='ltr'>illud</span> <span class='ocrx_word' id='word_1_128' title='bbox 1234 1238 1322 1282; x_wconf 90' lang='lat' dir='ltr'>quo</span> <span class='ocrx_word' id='word_1_129' title='bbox 1335 1223 1482 1266; x_wconf 89' lang='lat' dir='ltr'>cuncti</span> 
     </span>
     <span class='ocr_line' id='line_1_16' title="bbox 97 1291 1483 1353; baseline 0 -17"><span class='ocrx_word' id='word_1_130' title='bbox 97 1292 404 1347; x_wconf 81' lang='lat' dir='ltr'>continentur,</span> <span class='ocrx_word' id='word_1_131' title='bbox 437 1311 457 1334; x_wconf 88' lang='lat'>«</span> <span class='ocrx_word' id='word_1_132' title='bbox 479 1295 530 1336; x_wconf 96' lang='lat' dir='ltr'>In</span> <span class='ocrx_word' id='word_1_133' title='bbox 565 1291 779 1351; x_wconf 89' lang='lat' dir='ltr'>principio</span> <span class='ocrx_word' id='word_1_134' title='bbox 807 1293 1028 1347; x_wconf 80' lang='lat' dir='ltr'>Verbum,</span> <span class='ocrx_word' id='word_1_135' title='bbox 1067 1302 1110 1336; x_wconf 91' lang='lat' dir='ltr'>et</span> <span class='ocrx_word' id='word_1_136' title='bbox 1142 1292 1337 1336; x_wconf 84' lang='lat' dir='ltr'>Verbum</span> <span class='ocrx_word' id='word_1_137' title='bbox 1366 1292 1483 1353; x_wconf 91' lang='lat' dir='ltr'>apud</span> 
     </span>
     <span class='ocr_line' id='line_1_17' title="bbox 100 1361 1478 1417; baseline 0.004 -15"><span class='ocrx_word' id='word_1_138' title='bbox 100 1379 120 1402; x_wconf 91' lang='lat'>»</span> <span class='ocrx_word' id='word_1_139' title='bbox 146 1365 303 1417; x_wconf 89' lang='lat' dir='ltr'>Deum,</span> <span class='ocrx_word' id='word_1_140' title='bbox 320 1372 364 1406; x_wconf 87' lang='lat' dir='ltr'>et</span> <span class='ocrx_word' id='word_1_141' title='bbox 386 1362 579 1405; x_wconf 85' lang='lat' dir='ltr'>Verbum</span> <span class='ocrx_word' id='word_1_142' title='bbox 600 1365 738 1406; x_wconf 90' lang='lat' dir='ltr'>Deum</span> <span class='ocrx_word' id='word_1_143' title='bbox 753 1363 783 1404; x_wconf 75' lang='lat'>4.</span> <span class='ocrx_word' id='word_1_144' title='bbox 805 1381 824 1403; x_wconf 74' lang='grc' dir='ltr'>ι)</span> <span class='ocrx_word' id='word_1_145' title='bbox 851 1361 1048 1406; x_wconf 88' lang='lat' dir='ltr'>lucidum</span> <span class='ocrx_word' id='word_1_146' title='bbox 1071 1361 1258 1406; x_wconf 88' lang='lat' dir='ltr'>candore</span> <span class='ocrx_word' id='word_1_147' title='bbox 1273 1363 1478 1417; x_wconf 74' lang='lat' dir='ltr'>veritatis,</span> 
     </span>
     <span class='ocr_line' id='line_1_18' title="bbox 97 1432 1480 1492; baseline -0.001 -16"><span class='ocrx_word' id='word_1_148' title='bbox 97 1442 140 1476; x_wconf 87' lang='lat' dir='ltr'>et</span> <span class='ocrx_word' id='word_1_149' title='bbox 162 1432 351 1476; x_wconf 90' lang='lat' dir='ltr'>solidum</span> <span class='ocrx_word' id='word_1_150' title='bbox 388 1433 592 1476; x_wconf 87' lang='lat' dir='ltr'>firmitate</span> <span class='ocrx_word' id='word_1_151' title='bbox 624 1432 901 1488; x_wconf 82' lang='lat' dir='ltr'>aeternitatis,</span> <span class='ocrx_word' id='word_1_152' title='bbox 941 1441 984 1476; x_wconf 90' lang='lat' dir='ltr'>et</span> <span class='ocrx_word' id='word_1_153' title='bbox 1008 1432 1204 1492; x_wconf 87' lang='lat' dir='ltr'>undique</span> <span class='ocrx_word' id='word_1_154' title='bbox 1241 1433 1304 1476; x_wconf 92' lang='lat' dir='ltr'>sui</span> <span class='ocrx_word' id='word_1_155' title='bbox 1342 1432 1480 1476; x_wconf 90' lang='lat' dir='ltr'>simile</span> 
     </span>
     <span class='ocr_line' id='line_1_19' title="bbox 96 1503 1481 1563; baseline -0.001 -16"><span class='ocrx_word' id='word_1_156' title='bbox 96 1503 424 1562; x_wconf 85' lang='lat' dir='ltr'>pulchritudine</span> <span class='ocrx_word' id='word_1_157' title='bbox 442 1504 696 1558; x_wconf 81' lang='lat' dir='ltr'>divinitatis,</span> <span class='ocrx_word' id='word_1_158' title='bbox 723 1504 798 1563; x_wconf 87' lang='lat' dir='ltr'>qui</span> <span class='ocrx_word' id='word_1_159' title='bbox 817 1506 932 1547; x_wconf 89' lang='lat' dir='ltr'>Deus</span> <span class='ocrx_word' id='word_1_160' title='bbox 952 1512 1176 1562; x_wconf 86' lang='lat' dir='ltr'>penetrata</span> <span class='ocrx_word' id='word_1_161' title='bbox 1190 1503 1328 1547; x_wconf 87' lang='lat' dir='ltr'>carnis</span> <span class='ocrx_word' id='word_1_162' title='bbox 1344 1512 1481 1546; x_wconf 91' lang='lat' dir='ltr'>testu-</span> 
     </span>
     <span class='ocr_line' id='line_1_20' title="bbox 95 1572 1480 1632; baseline 0 -16"><span class='ocrx_word' id='word_1_163' title='bbox 95 1573 198 1617; x_wconf 89' lang='lat' dir='ltr'>dine</span> <span class='ocrx_word' id='word_1_164' title='bbox 214 1573 523 1632; x_wconf 81' lang='lat' dir='ltr'>intelligendus</span> <span class='ocrx_word' id='word_1_165' title='bbox 546 1582 623 1617; x_wconf 88' lang='lat' dir='ltr'>est.</span> <span class='ocrx_word' id='word_1_166' title='bbox 644 1572 722 1616; x_wconf 91' lang='lat' dir='ltr'>Ille</span> <span class='ocrx_word' id='word_1_167' title='bbox 736 1574 851 1616; x_wconf 89' lang='lat' dir='ltr'>enim</span> <span class='ocrx_word' id='word_1_168' title='bbox 870 1573 924 1616; x_wconf 92' lang='lat' dir='ltr'>ad</span> <span class='ocrx_word' id='word_1_169' title='bbox 942 1575 1216 1631; x_wconf 84' lang='lat' dir='ltr'>margaritam</span> <span class='ocrx_word' id='word_1_170' title='bbox 1239 1573 1374 1632; x_wconf 84' lang='lat' dir='ltr'>ipsam</span> <span class='ocrx_word' id='word_1_171' title='bbox 1393 1574 1480 1632; x_wconf 80' lang='lat' dir='ltr'>J&#39;am</span> 
     </span>
     <span class='ocr_line' id='line_1_21' title="bbox 95 1643 1481 1703; baseline -0.001 -16"><span class='ocrx_word' id='word_1_172' title='bbox 95 1653 367 1703; x_wconf 77' lang='lat' dir='ltr'>pervenerat,</span> <span class='ocrx_word' id='word_1_173' title='bbox 394 1659 492 1702; x_wconf 86' lang='lat' dir='ltr'>quae</span> <span class='ocrx_word' id='word_1_174' title='bbox 507 1644 551 1686; x_wconf 90' lang='lat' dir='ltr'>in</span> <span class='ocrx_word' id='word_1_175' title='bbox 571 1643 830 1701; x_wconf 84' lang='lat' dir='ltr'>tegumentis</span> <span class='ocrx_word' id='word_1_176' title='bbox 845 1643 1132 1696; x_wconf 77' lang='lat' dir='ltr'>mortalitatis,</span> <span class='ocrx_word' id='word_1_177' title='bbox 1152 1643 1274 1701; x_wconf 88' lang='lat' dir='ltr'>quasi</span> <span class='ocrx_word' id='word_1_178' title='bbox 1291 1643 1481 1686; x_wconf 87' lang='lat' dir='ltr'>concha—</span> 
     </span>
     <span class='ocr_line' id='line_1_22' title="bbox 96 1713 1479 1772; baseline -0.001 -14"><span class='ocrx_word' id='word_1_179' title='bbox 96 1730 193 1758; x_wconf 90' lang='lat' dir='ltr'>rum</span> <span class='ocrx_word' id='word_1_180' title='bbox 216 1713 457 1767; x_wconf 66' lang='lat' dir='ltr'>obstaculo,</span> <span class='ocrx_word' id='word_1_181' title='bbox 476 1714 520 1756; x_wconf 89' lang='lat' dir='ltr'>in</span> <span class='ocrx_word' id='word_1_182' title='bbox 538 1713 759 1772; x_wconf 88' lang='lat' dir='ltr'>profundo</span> <span class='ocrx_word' id='word_1_183' title='bbox 777 1714 906 1771; x_wconf 81' lang='lat' dir='ltr'>hujus</span> <span class='ocrx_word' id='word_1_184' title='bbox 928 1713 1091 1765; x_wconf 72' lang='lat' dir='ltr'>saeculi,</span> <span class='ocrx_word' id='word_1_185' title='bbox 1113 1722 1243 1772; x_wconf 89' lang='lat' dir='ltr'>atque</span> <span class='ocrx_word' id='word_1_186' title='bbox 1259 1713 1372 1757; x_wconf 89' lang='lat' dir='ltr'>inter</span> <span class='ocrx_word' id='word_1_187' title='bbox 1394 1713 1479 1757; x_wconf 91' lang='lat' dir='ltr'>du-</span> 
     </span>
     <span class='ocr_line' id='line_1_23' title="bbox 95 1782 1478 1842; baseline 0 -15"><span class='ocrx_word' id='word_1_188' title='bbox 95 1785 212 1828; x_wconf 88' lang='lat' dir='ltr'>ritias</span> <span class='ocrx_word' id='word_1_189' title='bbox 243 1799 384 1828; x_wconf 81' lang='lat' dir='ltr'>saxeas</span> <span class='ocrx_word' id='word_1_190' title='bbox 412 1784 667 1827; x_wconf 83' lang='lat' dir='ltr'>Judaeorum</span> <span class='ocrx_word' id='word_1_191' title='bbox 702 1782 938 1842; x_wconf 86' lang='lat' dir='ltr'>aliquando</span> <span class='ocrx_word' id='word_1_192' title='bbox 960 1782 1143 1826; x_wconf 90' lang='lat' dir='ltr'>latuerat</span> <span class='ocrx_word' id='word_1_193' title='bbox 1166 1798 1174 1823; x_wconf 73' lang='grc' dir='ltr'>ι</span> <span class='ocrx_word' id='word_1_194' title='bbox 1200 1782 1272 1825; x_wconf 85' lang='lat' dir='ltr'>ille</span> <span class='ocrx_word' id='word_1_195' title='bbox 1294 1797 1394 1839; x_wconf 83' lang='lat' dir='ltr'>ergo</span> <span class='ocrx_word' id='word_1_196' title='bbox 1423 1782 1478 1827; x_wconf 88' lang='lat' dir='ltr'>ad</span> 
     </span>
     <span class='ocr_line' id='line_1_24' title="bbox 94 1852 1480 1914; baseline -0.002 -16"><span class='ocrx_word' id='word_1_197' title='bbox 94 1855 231 1914; x_wconf 85' lang='lat' dir='ltr'>ipsam</span> <span class='ocrx_word' id='word_1_198' title='bbox 254 1854 527 1911; x_wconf 78' lang='lat' dir='ltr'>margaritam</span> <span class='ocrx_word' id='word_1_199' title='bbox 543 1855 631 1912; x_wconf 88' lang='lat' dir='ltr'>jam</span> <span class='ocrx_word' id='word_1_200' title='bbox 654 1862 924 1911; x_wconf 84' lang='lat' dir='ltr'>pervenerat,</span> <span class='ocrx_word' id='word_1_201' title='bbox 945 1853 1021 1911; x_wconf 91' lang='lat' dir='ltr'>qui</span> <span class='ocrx_word' id='word_1_202' title='bbox 1040 1852 1114 1895; x_wconf 87' lang='lat' dir='ltr'>ait:</span> <span class='ocrx_word' id='word_1_203' title='bbox 1136 1870 1155 1892; x_wconf 94' lang='lat'>«</span> <span class='ocrx_word' id='word_1_204' title='bbox 1174 1855 1230 1894; x_wconf 89' lang='lat' dir='ltr'>Et</span> <span class='ocrx_word' id='word_1_205' title='bbox 1245 1852 1279 1895; x_wconf 89' lang='lat' dir='ltr'>si</span> <span class='ocrx_word' id='word_1_206' title='bbox 1299 1867 1480 1895; x_wconf 88' lang='lat' dir='ltr'>novera-</span> 
     </span>
     <span class='ocr_line' id='line_1_25' title="bbox 98 1920 1477 1979; baseline 0 -14"><span class='ocrx_word' id='word_1_207' title='bbox 98 1943 118 1966; x_wconf 88' lang='lat'>»</span> <span class='ocrx_word' id='word_1_208' title='bbox 144 1940 238 1967; x_wconf 87' lang='lat' dir='ltr'>mus</span> <span class='ocrx_word' id='word_1_209' title='bbox 267 1925 488 1968; x_wconf 90' lang='lat' dir='ltr'>Christum</span> <span class='ocrx_word' id='word_1_210' title='bbox 518 1922 760 1966; x_wconf 91' lang='lat' dir='ltr'>secundum</span> <span class='ocrx_word' id='word_1_211' title='bbox 794 1936 968 1965; x_wconf 89' lang='lat' dir='ltr'>carnem</span> <span class='ocrx_word' id='word_1_212' title='bbox 986 1956 996 1976; x_wconf 88' lang='lat'>,</span> <span class='ocrx_word' id='word_1_213' title='bbox 1026 1920 1103 1964; x_wconf 87' lang='lat' dir='ltr'>sed</span> <span class='ocrx_word' id='word_1_214' title='bbox 1125 1936 1243 1964; x_wconf 89' lang='lat' dir='ltr'>nunc</span> <span class='ocrx_word' id='word_1_215' title='bbox 1269 1922 1360 1979; x_wconf 84' lang='lat' dir='ltr'>jam</span> <span class='ocrx_word' id='word_1_216' title='bbox 1387 1937 1477 1965; x_wconf 92' lang='lat' dir='ltr'>non</span> 
     </span>
     <span class='ocr_line' id='line_1_26' title="bbox 97 1990 1475 2051; baseline 0 -17"><span class='ocrx_word' id='word_1_217' title='bbox 97 2012 117 2035; x_wconf 90' lang='lat'>»</span> <span class='ocrx_word' id='word_1_218' title='bbox 143 1994 342 2051; x_wconf 87' lang='lat' dir='ltr'>novimus</span> <span class='ocrx_word' id='word_1_219' title='bbox 358 1997 418 2036; x_wconf 77' lang='lat'>⁵.»</span> <span class='ocrx_word' id='word_1_220' title='bbox 438 1996 524 2037; x_wconf 87' lang='lat' dir='ltr'>Nec</span> <span class='ocrx_word' id='word_1_221' title='bbox 537 1991 653 2036; x_wconf 83' lang='lat' dir='ltr'>ullus</span> <span class='ocrx_word' id='word_1_222' title='bbox 669 1991 848 2036; x_wconf 89' lang='lat' dir='ltr'>omnino</span> <span class='ocrx_word' id='word_1_223' title='bbox 867 1990 1111 2034; x_wconf 87' lang='lat' dir='ltr'>intellectus</span> <span class='ocrx_word' id='word_1_224' title='bbox 1130 1991 1371 2047; x_wconf 86' lang='lat' dir='ltr'>margaritae</span> <span class='ocrx_word' id='word_1_225' title='bbox 1393 2006 1475 2051; x_wconf 88' lang='lat' dir='ltr'>no·-</span> 
     </span>
     <span class='ocr_line' id='line_1_27' title="bbox 95 2060 1478 2120; baseline -0.002 -15"><span class='ocrx_word' id='word_1_226' title='bbox 95 2063 211 2105; x_wconf 88' lang='lat' dir='ltr'>mine</span> <span class='ocrx_word' id='word_1_227' title='bbox 234 2062 390 2120; x_wconf 83' lang='lat' dir='ltr'>dignus</span> <span class='ocrx_word' id='word_1_228' title='bbox 412 2072 475 2105; x_wconf 85' lang='lat' dir='ltr'>est</span> <span class='ocrx_word' id='word_1_229' title='bbox 490 2097 500 2116; x_wconf 82' lang='lat'>,</span> <span class='ocrx_word' id='word_1_230' title='bbox 521 2061 601 2105; x_wconf 82' lang='lat' dir='ltr'>nisi</span> <span class='ocrx_word' id='word_1_231' title='bbox 618 2060 673 2104; x_wconf 90' lang='lat' dir='ltr'>ad</span> <span class='ocrx_word' id='word_1_232' title='bbox 696 2076 828 2120; x_wconf 90' lang='lat' dir='ltr'>quem</span> <span class='ocrx_word' id='word_1_233' title='bbox 850 2060 1048 2104; x_wconf 86' lang='lat' dir='ltr'>discussis</span> <span class='ocrx_word' id='word_1_234' title='bbox 1070 2060 1273 2103; x_wconf 81' lang='lat' dir='ltr'>omnibus</span> <span class='ocrx_word' id='word_1_235' title='bbox 1299 2060 1478 2103; x_wconf 88' lang='lat' dir='ltr'>carnali-</span> 
     </span>
     <span class='ocr_line' id='line_1_28' title="bbox 94 2129 1472 2190; baseline -0.003 -14"><span class='ocrx_word' id='word_1_236' title='bbox 94 2133 175 2176; x_wconf 90' lang='lat' dir='ltr'>bus</span> <span class='ocrx_word' id='word_1_237' title='bbox 200 2132 456 2189; x_wconf 84' lang='lat' dir='ltr'>tegminibus</span> <span class='ocrx_word' id='word_1_238' title='bbox 484 2132 749 2190; x_wconf 84' lang='lat' dir='ltr'>pervenitur,</span> <span class='ocrx_word' id='word_1_239' title='bbox 777 2130 937 2190; x_wconf 88' lang='lat' dir='ltr'>quibus</span> <span class='ocrx_word' id='word_1_240' title='bbox 959 2131 1047 2174; x_wconf 89' lang='lat' dir='ltr'>sive</span> <span class='ocrx_word' id='word_1_241' title='bbox 1071 2145 1147 2189; x_wconf 88' lang='lat' dir='ltr'>per</span> <span class='ocrx_word' id='word_1_242' title='bbox 1167 2129 1298 2173; x_wconf 80' lang='lat' dir='ltr'>verba</span> <span class='ocrx_word' id='word_1_243' title='bbox 1315 2130 1472 2173; x_wconf 89' lang='lat' dir='ltr'>huma-</span> 
     </span>
     <span class='ocr_line' id='line_1_29' title="bbox 94 2200 1474 2260; baseline -0.001 -15"><span class='ocrx_word' id='word_1_244' title='bbox 94 2218 165 2256; x_wconf 84' lang='lat' dir='ltr'>na,</span> <span class='ocrx_word' id='word_1_245' title='bbox 183 2202 269 2245; x_wconf 91' lang='lat' dir='ltr'>sive</span> <span class='ocrx_word' id='word_1_246' title='bbox 291 2217 366 2260; x_wconf 92' lang='lat' dir='ltr'>per</span> <span class='ocrx_word' id='word_1_247' title='bbox 380 2200 679 2244; x_wconf 88' lang='lat' dir='ltr'>similitudines</span> <span class='ocrx_word' id='word_1_248' title='bbox 693 2200 1017 2258; x_wconf 85' lang='lat' dir='ltr'>circumpositas</span> <span class='ocrx_word' id='word_1_249' title='bbox 1036 2200 1243 2257; x_wconf 82' lang='lat' dir='ltr'>operitur,</span> <span class='ocrx_word' id='word_1_250' title='bbox 1270 2208 1318 2242; x_wconf 91' lang='lat' dir='ltr'>ut</span> <span class='ocrx_word' id='word_1_251' title='bbox 1339 2214 1474 2257; x_wconf 91' lang='lat' dir='ltr'>purus</span> 
     </span>
     <span class='ocr_line' id='line_1_30' title="bbox 93 2268 1474 2331; baseline -0.001 -17"><span class='ocrx_word' id='word_1_252' title='bbox 93 2281 137 2315; x_wconf 90' lang='lat' dir='ltr'>et</span> <span class='ocrx_word' id='word_1_253' title='bbox 157 2271 318 2315; x_wconf 90' lang='lat' dir='ltr'>solidus</span> <span class='ocrx_word' id='word_1_254' title='bbox 346 2280 389 2313; x_wconf 85' lang='lat' dir='ltr'>et</span> <span class='ocrx_word' id='word_1_255' title='bbox 430 2285 644 2331; x_wconf 87' lang='lat' dir='ltr'>nusquam</span> <span class='ocrx_word' id='word_1_256' title='bbox 667 2286 690 2314; x_wconf 90' lang='lat' dir='ltr'>a</span> <span class='ocrx_word' id='word_1_257' title='bbox 712 2285 756 2313; x_wconf 93' lang='lat' dir='ltr'>se</span> <span class='ocrx_word' id='word_1_258' title='bbox 778 2268 1026 2323; x_wconf 82' lang='lat' dir='ltr'>dissonans,</span> <span class='ocrx_word' id='word_1_259' title='bbox 1054 2278 1168 2311; x_wconf 85' lang='lat' dir='ltr'>certa</span> <span class='ocrx_word' id='word_1_260' title='bbox 1191 2269 1356 2312; x_wconf 86' lang='lat' dir='ltr'>ratione</span> <span class='ocrx_word' id='word_1_261' title='bbox 1388 2284 1474 2312; x_wconf 91' lang='lat' dir='ltr'>cer-</span> 
     </span>
     <span class='ocr_line' id='line_1_31' title="bbox 94 2336 1473 2398; baseline -0.004 -12"><span class='ocrx_word' id='word_1_262' title='bbox 94 2352 238 2386; x_wconf 86' lang='lat' dir='ltr'>natur.</span> <span class='ocrx_word' id='word_1_263' title='bbox 266 2346 380 2394; x_wconf 81' lang='lat' dir='ltr'>Quos</span> <span class='ocrx_word' id='word_1_264' title='bbox 409 2351 551 2384; x_wconf 85' lang='lat' dir='ltr'>tamen</span> <span class='ocrx_word' id='word_1_265' title='bbox 573 2356 722 2385; x_wconf 86' lang='lat' dir='ltr'>omnes</span> <span class='ocrx_word' id='word_1_266' title='bbox 745 2355 867 2384; x_wconf 89' lang='lat' dir='ltr'>veros</span> <span class='ocrx_word' id='word_1_267' title='bbox 886 2349 928 2382; x_wconf 88' lang='lat' dir='ltr'>et</span> <span class='ocrx_word' id='word_1_268' title='bbox 950 2340 1096 2382; x_wconf 85' lang='lat' dir='ltr'>firmos</span> <span class='ocrx_word' id='word_1_269' title='bbox 1118 2348 1161 2381; x_wconf 82' lang='lat' dir='ltr'>et</span> <span class='ocrx_word' id='word_1_270' title='bbox 1183 2336 1394 2398; x_wconf 86' lang='lat' dir='ltr'>perfectos</span> <span class='ocrx_word' id='word_1_271' title='bbox 1410 2338 1473 2382; x_wconf 92' lang='lat' dir='ltr'>in-</span> 
     </span>
     <span class='ocr_line' id='line_1_32' title="bbox 92 2409 1472 2469; baseline -0.002 -12"><span class='ocrx_word' id='word_1_272' title='bbox 92 2413 290 2457; x_wconf 88' lang='lat' dir='ltr'>tellectus</span> <span class='ocrx_word' id='word_1_273' title='bbox 312 2428 424 2456; x_wconf 88' lang='lat' dir='ltr'>unus</span> <span class='ocrx_word' id='word_1_274' title='bbox 447 2412 519 2455; x_wconf 90' lang='lat' dir='ltr'>ille</span> <span class='ocrx_word' id='word_1_275' title='bbox 553 2412 770 2466; x_wconf 72' lang='lat' dir='ltr'>continet,</span> <span class='ocrx_word' id='word_1_276' title='bbox 796 2426 871 2468; x_wconf 87' lang='lat' dir='ltr'>per</span> <span class='ocrx_word' id='word_1_277' title='bbox 906 2424 1037 2469; x_wconf 85' lang='lat' dir='ltr'>quem</span> <span class='ocrx_word' id='word_1_278' title='bbox 1059 2409 1172 2452; x_wconf 80' lang='lat' dir='ltr'>facta</span> <span class='ocrx_word' id='word_1_279' title='bbox 1202 2416 1304 2452; x_wconf 87' lang='lat' dir='ltr'>sunt</span> <span class='ocrx_word' id='word_1_280' title='bbox 1329 2410 1472 2460; x_wconf 85' lang='lat' dir='ltr'>omnia</span> 
     </span>
    </p>
   </div>
   <div class='ocr_carea' id='block_1_3' title="bbox 95 2503 1464 2605">
    <p class='ocr_par' dir='ltr' id='par_1_3' title="bbox 95 2503 1464 2605">
     <span class='ocr_line' id='line_1_33' title="bbox 143 2503 1464 2549; baseline -0.003 -10"><span class='ocrx_word' id='word_1_281' title='bbox 143 2517 149 2533; x_wconf 90' lang='lat'>¹</span> <span class='ocrx_word' id='word_1_282' title='bbox 172 2509 293 2541; x_wconf 78' lang='lat' dir='ltr'>Matth.</span> <span class='ocrx_word' id='word_1_283' title='bbox 319 2508 452 2549; x_wconf 63' lang='lat' dir='ltr'>x1u‚[05.</span> <span class='ocrx_word' id='word_1_284' title='bbox 471 2525 501 2529; x_wconf 85' lang='lat'>——</span> <span class='ocrx_word' id='word_1_285' title='bbox 532 2515 544 2529; x_wconf 85' lang='lat'><strong>²</strong></span> <span class='ocrx_word' id='word_1_286' title='bbox 569 2519 578 2545; x_wconf 79' lang='grc' dir='ltr'>ι</span> <span class='ocrx_word' id='word_1_287' title='bbox 601 2508 680 2539; x_wconf 85' lang='lat' dir='ltr'>Tim.</span> <span class='ocrx_word' id='word_1_288' title='bbox 696 2519 731 2547; x_wconf 85' lang='lat' dir='ltr'>ii,</span> <span class='ocrx_word' id='word_1_289' title='bbox 753 2507 783 2538; x_wconf 89' lang='lat'>5.</span> <span class='ocrx_word' id='word_1_290' title='bbox 807 2523 847 2528; x_wconf 91' lang='lat'>—-</span> <span class='ocrx_word' id='word_1_291' title='bbox 875 2505 886 2528; x_wconf 80' lang='lat'>3</span> <span class='ocrx_word' id='word_1_292' title='bbox 903 2508 991 2537; x_wconf 84' lang='lat' dir='ltr'>Rom.</span> <span class='ocrx_word' id='word_1_293' title='bbox 1009 2516 1074 2545; x_wconf 71' lang='grc' dir='ltr'>χιιι,</span> <span class='ocrx_word' id='word_1_294' title='bbox 1091 2505 1124 2546; x_wconf 85' lang='grc'>8,</span> <span class='ocrx_word' id='word_1_295' title='bbox 1142 2516 1175 2547; x_wconf 83' lang='grc'>9.</span> <span class='ocrx_word' id='word_1_296' title='bbox 1193 2521 1233 2526; x_wconf 91' lang='grc'>-</span> <span class='ocrx_word' id='word_1_297' title='bbox 1253 2503 1374 2536; x_wconf 73' lang='lat' dir='ltr'>4Joan.</span> <span class='ocrx_word' id='word_1_298' title='bbox 1392 2516 1417 2543; x_wconf 91' lang='lat'>1,</span> <span class='ocrx_word' id='word_1_299' title='bbox 1437 2517 1464 2536; x_wconf 80' lang='grc' dir='ltr'>ι,</span> 
     </span>
     <span class='ocr_line' id='line_1_34' title="bbox 95 2563 419 2605; baseline -0.006 -9"><span class='ocrx_word' id='word_1_300' title='bbox 95 2582 136 2588; x_wconf 90' lang='grc'>--</span> <span class='ocrx_word' id='word_1_301' title='bbox 155 2563 169 2586; x_wconf 68' lang='lat'>⁵</span> <span class='ocrx_word' id='word_1_302' title='bbox 183 2573 202 2596; x_wconf 82' lang='lat'><strong>2</strong></span> <span class='ocrx_word' id='word_1_303' title='bbox 219 2566 290 2596; x_wconf 89' lang='lat' dir='ltr'>Cor.</span> <span class='ocrx_word' id='word_1_304' title='bbox 312 2576 345 2605; x_wconf 85' lang='lat' dir='ltr'>v,</span> <span class='ocrx_word' id='word_1_305' title='bbox 370 2564 419 2595; x_wconf 81' lang='lat'>16.</span> 
     </span>
    </p>
   </div>
  </div>
 </body>
</html>
