1819 3301
382 252 437 292 62
803 261 837 291 s.
873 260 1104 290 Aucusmm
1137 261 1317 290 EPISCOPI

381 425 420 442 m
425 424 918 441 mmmmm
1203 421 1770 439 mmmmmm
1818 405 1819 442 l

881 558 1099 609 CAPUT
1135 561 1223 607 XV
1232 562 1250 607 lv
1261 597 1271 607 .

798 714 1063 760 Lacrommz
1084 712 1345 759 insultatio.

449 874 566 916 LIII.
593 873 811 926 SEQUITUR
842 871 1100 926 Matthaeus,
1134 879 1177 915 et
1196 870 1302 914 dicit
1327 890 1336 915 z
1363 889 1384 912 «
1412 869 1608 930 Idipsum
1630 879 1776 915 autem

394 962 412 984 »
447 952 490 987 et
512 942 700 986 latrones
734 942 810 1002 qui
830 940 1023 985 crucifixi
1046 950 1168 985 erant
1198 956 1297 985 cum
1320 955 1371 984 eo
1388 975 1400 995 ,
1424 940 1780 1000 improperabant

393 1031 413 1054 »
448 1012 487 1056 ei
502 1014 532 1056 ¹.
557 1030 576 1053 »
603 1014 691 1056 Nec
712 1014 883 1055 Marcus
899 1009 1114 1071 discrepat
1129 1046 1140 1066 ,
1162 1011 1244 1055 hoc
1265 1009 1383 1054 idem
1407 1009 1555 1054 dicens
1576 1009 1667 1055 aliis
1687 1025 1781 1055 ver-

388 1081 453 1126 bis
467 1085 499 1125 ².
517 1085 654 1126 Lucas
689 1090 833 1125 autem
867 1090 1009 1140 potest
1041 1082 1185 1141 putari
1217 1096 1491 1140 repugnare,
1528 1080 1610 1125 nisi
1641 1096 1778 1138 genus

390 1152 621 1197 locutionis
662 1141 760 1196 satis
804 1152 1011 1195 usitatum
1053 1167 1141 1196 non
1182 1151 1504 1195 obliviscamur.
1547 1151 1621 1196 Ait
1663 1152 1782 1195 enim

392 1226 531 1266 Lucas
567 1241 576 1267 z
623 1242 642 1264 «
687 1224 807 1266 Unus
840 1230 986 1265 autem
1025 1220 1079 1265 de
1118 1221 1167 1265 iis
1202 1222 1278 1282 qui
1304 1219 1558 1280 pendebant
1596 1220 1781 1266 latroni-

395 1311 415 1334 »
455 1293 533 1337 bus
552 1291 887 1352 blasphemabat
908 1286 1009 1335 euin
1032 1291 1186 1336 dicens
1213 1311 1222 1336 2
1247 1292 1289 1336 Si
1311 1301 1361 1335 tu
1390 1307 1433 1335 es
1462 1291 1676 1347 Christus,
1700 1291 1785 1336 sal-

396 1382 416 1405 »
452 1378 556 1408 vum
592 1363 660 1406 fac
691 1362 969 1421 temetipsum
991 1370 1034 1405 et
1062 1377 1154 1406 nos.
1184 1364 1281 1406 »Et
1310 1362 1507 1422 sequitur
1527 1362 1645 1413 idem
1672 1362 1780 1421 ipse,

393 1443 524 1494 atquc
540 1433 599 1477 ita
621 1433 811 1477 contexit
831 1452 838 1476 :
867 1452 887 1474 «
912 1431 1195 1491 Respondens
1212 1440 1357 1476 autem
1373 1431 1481 1476 alter
1495 1467 1507 1488 ‚
1531 1432 1787 1491 increpabat

396 1524 416 1547 »
452 1504 605 1559 illum,
644 1503 824 1548 dicens:
867 1506 1016 1563 Neque
1050 1511 1099 1546 tu
1134 1512 1259 1547 times
1291 1506 1458 1559 Deum,
1490 1502 1611 1563 quod
1641 1503 1688 1547 in
1711 1518 1786 1547 ea—

397 1594 417 1617 »
452 1574 553 1619 dem
575 1574 856 1618 damnatione
878 1589 921 1617 es
955 1593 964 1618 2
989 1583 1033 1617 et
1054 1589 1132 1617 nos
1164 1572 1343 1633 quidem
1367 1575 1507 1634 juste,
1530 1589 1632 1618 nam
1654 1573 1786 1633 digna

398 1664 418 1687 »
453 1644 575 1689 factis
604 1645 866 1703 recepimus3
890 1644 960 1687 hic
983 1658 1085 1687 vero
1107 1642 1217 1686 nihil
1240 1643 1341 1687 mali
1363 1645 1504 1702 gessit.
1532 1647 1590 1689 Et
1611 1643 1787 1688 dicebat

398 1735 417 1758 »
453 1715 508 1759 ad
519 1718 544 1761 J
547 1730 669 1760 esum
682 1734 690 1759 ;
702 1714 902 1769 Domine,
915 1723 1136 1758 memento
1149 1714 1235 1757 inei
1252 1730 1352 1758 cum
1365 1715 1533 1759 veneris
1549 1716 1593 1759 in
1602 1729 1786 1774 regnum

398 1806 418 1829 »
454 1796 596 1831 tuum.
622 1789 679 1830 Et
700 1784 880 1829 dixitilli
899 1787 1024 1829 ,Iesus
1049 1788 1216 1829 :Amen
1230 1784 1328 1830 dico
1352 1786 1445 1841 tibi⁷
1466 1784 1597 1830 hodie
1613 1801 1787 1830 mecum

400 1877 420 1899 »
455 1858 536 1902 eris
568 1858 613 1902 in
647 1856 891 1916 paradiso3.
926 1874 945 1896 »
979 1854 1212 1908 Quomodo
1244 1871 1345 1914 ergo
1364 1891 1375 1910 ‚
1415 1856 1526 1900 sicut
1552 1857 1787 1901 Matthaeus

397 1928 502 1972 dicit
528 1947 536 1973 :
565 1947 585 1970 «
609 1930 817 1971 Latrones
840 1925 917 1986 qui
937 1925 1129 1969 crucifixi
1152 1933 1276 1968 erant
1296 1940 1396 1968 cum
1420 1941 1493 1981 eo,
1516 1925 1786 1986 impropera-

399 2018 420 2041 »
456 1999 564 2043 bant
587 1999 625 2042 ei
658 2017 666 2042 :
696 2016 716 2038 »
747 1996 818 2042 vel
851 1999 960 2040 sicut
988 1998 1159 2040 Marcus
1191 1994 1296 2039 dicit
1322 2015 1330 2041 :
1367 2014 1388 2038 «
1417 1999 1475 2041 Et
1505 1997 1581 2057 qui
1616 2012 1717 2042 cum
1734 2013 1786 2042 eo

399 2089 420 2112 »
456 2069 648 2114 crucifixi
675 2077 813 2123 erant,
830 2066 1154 2112 conviciabatur
1171 2067 1209 2110 ci
1229 2086 1237 2111 2
1258 2086 1276 2108 »
1299 2067 1658 2128 quandoquidem
1673 2083 1787 2112 unus

397 2156 548 2185 eorum
587 2139 850 2184 conviciatus
887 2147 976 2192 est,
1012 2136 1254 2181 secundum
1289 2140 1418 2181 Lucae
1458 2138 1782 2195 testimonium,

397 2211 505 2255 alter
527 2220 568 2255 et
589 2210 855 2268 compescuit
867 2224 985 2263 eum,
1002 2218 1044 2251 et
1066 2208 1110 2250 in
1132 2208 1366 2251 Dominum
1384 2208 1595 2252 credidit?
1612 2209 1694 2253 nisi
1714 2210 1782 2253 in-

397 2282 643 2341 telligamus
669 2281 927 2325 Mauhaeum
951 2288 994 2322 et
1023 2282 1219 2322 Marcum
1241 2278 1430 2322 breviter
1452 2280 1785 2338 perstringentes

397 2354 516 2397 hunc
538 2353 708 2405 locum,
734 2349 947 2410 pluralem
969 2364 1200 2392 numerum
1224 2364 1302 2408 pro
1325 2349 1532 2407 singulari
1554 2350 1745 2409 posuisse
1771 2370 1780 2395 ε

396 2426 506 2468 sicut
530 2425 574 2467 in
598 2422 790 2483 Epistola
813 2422 867 2465 ad
887 2420 1092 2465 lfflcbraeos
1128 2420 1309 2478 legimus
1338 2419 1561 2479 pluraliter
1584 2421 1777 2466 dictum:

400 2514 421 2537 «
473 2494 732 2539 Clauserunt
751 2508 825 2537 ora
846 2491 1047 2546 leonum,
1079 2508 1099 2532 >›
1122 2506 1222 2535 cum
1243 2490 1360 2535 solus
1377 2491 1528 2535 Daniel
1554 2491 1783 2551 significari

446 2599 452 2614 ι
477 2592 595 2624 Mam„
616 2602 716 2633 nvn,
731 2589 785 2632 44,
808 2606 849 2612 —
870 2596 882 2612 ²
906 2590 1010 2622 Marc.
1030 2599 1083 2630 κν,
1099 2589 1150 2622 32.
1173 2605 1214 2612 —
1234 2586 1247 2612 3
1265 2590 1342 2622 Luc.
1362 2599 1456 2631 xxiii,
1477 2588 1592 2631 39-43.
