1819 3301
368 261 414 287 m
447 258 620 288 JOANMS
652 259 959 300 EVANGELIUM,
994 259 1140 290 TRACT.
1176 264 1235 290 vl.
1386 253 1487 292 ⁷467

170 326 248 369 VI.
269 326 364 368 Hoc
393 325 507 368 enim
533 325 579 369 in
600 324 675 369 illo
708 325 814 370 vidit
836 329 1044 381 Joannes,
1076 335 1120 370 et
1140 328 1340 384 cognovit
1373 328 1494 388 quod

110 410 200 439 non
223 404 403 451 noverat
429 414 437 439 ;
462 411 548 439 11011
573 396 674 454 quia
693 411 791 440 eum
808 413 897 441 non
917 406 1097 442 noverat
1119 396 1278 441 Filium
1301 399 1400 453 Dei,
1419 409 1494 444 aut

112 480 211 509 eum
239 479 328 510 non
347 474 528 509 noverat
549 465 780 509 Dominum
798 501 809 521 ,
842 476 916 510 aut
938 483 1025 510 non
1043 477 1222 512 noverat
1243 468 1462 512 Christum
1478 503 1489 524 ,

112 544 188 580 aut
203 550 306 579 vero
329 544 372 579 et
388 536 472 579 hoc
500 551 589 579 non
620 545 799 580 noverat
820 536 922 595 quia
944 537 1039 599 ipse*
1060 538 1355 596 baptizaturus
1385 548 1495 582 esset

112 605 158 649 in
180 620 291 665 aqua
310 614 353 649 et
373 605 534 664 Spiritu
557 614 731 662 sancto,
751 621 853 649 nam
872 615 914 649 et
942 607 1025 650 11οο
1052 617 1230 652 noverat
1256 627 1264 653 :
1290 608 1364 652 sed
1393 608 1496 669 quia

112 676 171 720 ita
193 685 243 720 ut
264 675 345 719 sibi
368 684 533 719 teneret
554 676 690 734 ipsam
710 685 965 735 potestatem
982 711 992 730 ,
1016 686 1059 721 et
1080 677 1126 720 in
1146 678 1317 722 nullum
1343 679 1496 723 minis-

113 744 279 791 trorum
301 761 393 789 eam
417 744 682 800 transferret,
698 745 783 790 1100
805 754 867 790 est
889 745 1010 806 quod
1033 746 1184 792 didicit
1205 748 1250 791 in
1273 748 1491 794 columba.

116 819 196 861 Per
207 817 321 861 hanc
333 816 446 859 enim
465 825 739 875 potestatem,
754 831 886 876 quam
903 817 1099 861 Christus
1113 818 1227 862 solus
1241 819 1322 863 sibi
1336 821 1495 875 tenuit,

115 896 159 932 et
184 887 231 931 in
247 888 464 931 neminem
485 887 781 932 ministrorum
804 886 1068 944 transfudit,
1094 890 1292 949 quamvis
1317 906 1395 950 per
1414 891 1498 934 mi-

116 957 270 1002 nistros
291 973 390 1002 suos
416 958 635 1018 baptizare
655 957 861 1016 dignatus
882 959 936 1002 sit
956 972 1070 1018 ,per
1093 961 1205 1005 hanc
1242 970 1325 1005 stat
1354 962 1496 1006 unitas

116 1027 343 1083 Ecclesiae,
367 1044 466 1087 quae
498 1028 765 1086 significatur
801 1029 844 1071 in
880 1028 1104 1084 columba,
1136 1028 1190 1073 de
1213 1047 1299 1090 qua
1333 1031 1500 1076 dictum

117 1108 212 1144 est:
239 1118 259 1142 «
285 1101 379 1144 Una
406 1109 468 1143 est
495 1099 701 1144 columba
729 1115 852 1154 mea,
879 1115 965 1144 una
991 1110 1055 1144 est
1082 1101 1208 1144 matri
1236 1105 1365 1146 suae1.
1399 1121 1418 1144 »
1455 1103 1500 1148 Si

117 1169 255 1224 enim,
280 1178 331 1214 ut
351 1171 439 1229 jam
462 1169 574 1224 dixi,
607 1168 757 1214 fratres
786 1169 894 1222 mei,
929 1169 1235 1214 transferretur
1266 1181 1453 1230 potestas
1476 1189 1499 1216 a

119 1239 303 1284 Domino
324 1240 380 1284 ad
409 1239 676 1294 ministr-um,
704 1248 768 1283 tot
796 1239 1053 1298 baptismata
1083 1249 1243 1295 essent,
1277 1251 1385 1301 quot
1414 1242 1499 1286 mi-

118 1310 238 1355 nistri
257 1320 398 1355 essent
411 1346 422 1366 ,
448 1311 592 1370 etjam
607 1326 696 1354 non
713 1319 844 1354 staret
863 1310 1005 1353 unitas
1029 1309 1247 1369 baptismi.

177 1383 275 1426 VII.
298 1380 532 1435 Intendite,
557 1379 724 1424 fratres.
742 1382 988 1439 Antequam
1006 1381 1172 1425 veniret
1188 1382 1392 1426 Dominus
1406 1399 1502 1428 nos-

121 1461 184 1496 ter
200 1454 323 1495 Jesus
346 1451 540 1496 Christus
563 1451 618 1494 ad
641 1451 903 1509 baptismum
922 1485 932 1505 ,
958 1454 971 1505 (
993 1466 1093 1494 nam
1116 1461 1213 1510 post
1234 1453 1499 1512 baptismum

120 1522 343 1567 descendit
358 1523 562 1567 columba
575 1523 621 1565 in
635 1539 720 1582 qua
742 1522 948 1581 cognovit
968 1524 992 1566 J
996 1538 1155 1567 oannes
1169 1523 1378 1583 quiddam
1400 1541 1503 1585 pro-

119 1595 284 1654 prium,
318 1609 419 1638 cum
441 1594 478 1638 ei
501 1593 667 1637 dictum
690 1603 826 1647 esset,
857 1612 876 1634 «
906 1595 1042 1652 Super
1064 1610 1193 1653 quem
1224 1595 1379 1640 videris
1403 1599 1501 1656 Spi-

123 1685 143 1707 »
168 1667 298 1710 ritum
313 1664 647 1709 descendentem
661 1665 771 1708 sicut
782 1664 1044 1719 columbam,
1057 1674 1100 1708 et
1113 1676 1361 1710 manentem
1371 1683 1500 1727 super

122 1755 142 1779 »
179 1751 302 1791 eum,
327 1736 417 1795 ipse
438 1747 502 1780 est
523 1736 597 1795 qui
620 1735 807 1793 baptizat
830 1734 875 1777 in
899 1734 1061 1793 Spiritu
1082 1745 1229 1780 sancto
1248 1757 1259 1794 3
1282 1738 1299 1794 )
1325 1755 1344 1778 »
1370 1754 1503 1783 nove.

121 1817 187 1851 rat
207 1806 307 1866 quia
345 1806 434 1865 ipse
476 1805 665 1864 baptizat
694 1805 739 1848 in
771 1804 931 1863 Spiritu
964 1814 1113 1849 sancto
1139 1825 1147 1849 :
1173 1807 1249 1850 sed
1285 1809 1386 1866 quia
1423 1808 1500 1853 tali

119 1879 381 1938 proprietate
397 1912 407 1932 ,
441 1885 491 1920 ut
513 1885 699 1935 potestas
720 1876 775 1920 ab
798 1891 850 1920 eo
873 1891 962 1920 non
983 1876 1183 1920 transiret
1207 1877 1253 1921 in
1279 1878 1464 1923 alterum
1485 1915 1496 1936 ,

121 1948 318 2009 quamvis
340 1963 391 1992 eo
424 1948 637 2001 donante,
663 1947 746 1990 hoc
770 1945 830 1990 ibi
858 1946 1025 1990 didicit.
1052 1949 1108 1990 Et
1128 1946 1245 1990 unde
1266 1949 1502 2006 probamus

121 2019 222 2079 quia
243 2021 333 2079 jam
356 2027 399 2062 et
420 2018 503 2062 hoc
526 2025 705 2061 noverat
721 2019 909 2060 Joannes
929 2050 940 2071 ,
966 2015 1068 2076 quia
1095 2016 1391 2076 baptizaturus
1409 2030 1500 2064 erat

121 2089 333 2134 Dominus
362 2088 408 2131 in
432 2087 591 2154 Spiritu
615 2095 763 2151 sancto
790 2104 799 2130 ε
825 2094 876 2129 ut
894 2086 978 2130 hoc
1014 2085 1282 2144 intelligatur
1302 2087 1500 2134 didicisse

122 2160 169 2203 in
198 2158 423 2214 columba,
456 2157 575 2218 quod
596 2157 653 2200 ita
677 2165 768 2200 erat
790 2155 1084 2213 baptizaturus
1103 2157 1342 2201 Dominus
1332 2174 1377 2202 m
1402 2161 1499 2219 Spi-

123 2230 210 2273 ritu
231 2238 407 2283 sancto,
442 2237 493 2271 ut
514 2228 559 2271 in
579 2227 798 2270 neminem
819 2226 951 2269 31111111
977 2225 1197 2269 hominem
1225 2236 1409 2286 potestas
1429 2229 1503 2275 illa

124 2300 353 2344 transiret?
387 2297 504 2342 unde
525 2297 791 2356 probamus?
812 2294 1027 2341 Columba
1051 2297 1142 2355 jam
1176 2296 1394 2356 baptizato
1421 2303 1505 2345 Do-

125 2370 245 2414 mino
258 2368 508 2413 descendit:
525 2377 624 2411 ante
639 2376 784 2412 autem
797 2381 929 2426 quam
941 2365 1107 2410 veniret
1118 2367 1324 2411 Dominus
1338 2378 1388 2413 ut
1399 2370 1504 2430 bap-

126 2441 330 2486 tizaretur
352 2456 375 2483 a
397 2442 563 2484 Joanne
574 2437 620 2482 in
642 2437 848 2491 Jordane,
869 2436 1055 2480 diximus
1073 2437 1172 2496 quia
1194 2448 1372 2482 noverat
1383 2455 1500 2498 eum,

69 2546 72 2549 -
126 2513 210 2559 illis
228 2512 409 2559 vocibus
430 2511 508 2555 ubi
524 2510 584 2555 ait
609 2528 619 2555 :
646 2528 668 2554 «
689 2512 755 2555 Tu
777 2507 833 2554 ad
853 2522 923 2553 me
943 2507 1063 2554 venis
1074 2508 1403 2571 baptizari?ego
1420 2527 1446 2557 a
1461 2522 1505 2559 te

175 2605 187 2621 1
203 2599 293 2631 Cant.
310 2607 356 2640 vi,
375 2597 406 2629 8.
1254 2647 1305 2687 30
