1819 3301
413 320 552 348 SERMo
584 319 741 346 nomm
773 317 819 344 m
850 314 1020 352 uon-ms,
1056 314 1138 340 ms.
1174 314 1204 339 1.
1416 300 1492 338 171

615 649 831 696 CAPUT
869 649 1002 695 XVI.

176 807 337 850 XLIII.
377 808 605 849 Exomwn
641 804 712 848 hie
746 802 879 846 altera
916 801 1128 861 quaestio,
1159 814 1260 843 cum
1293 798 1501 843 Dominus

117 893 244 921 causa
269 875 566 921 fornicationis
596 874 817 933 permittat
845 872 1006 916 dimitti
1041 885 1221 914 uxorem
1242 905 1252 924 ,
1288 879 1502 928 quatenus

116 948 199 990 hoc
222 946 320 989 loco
342 944 622 1003 intelligenda
646 943 700 987 sit
731 942 959 987 fornicatio
974 977 984 995 ,
1011 949 1158 990 utrum
1181 954 1410 999 quousque
1431 938 1501 981 in*

115 1015 319 1073 telligunt
341 1030 490 1057 omnes
510 1050 520 1067 ‚
554 1014 596 1056 id
620 1023 708 1066 est,
735 1022 784 1056 ut
806 1028 899 1055 eam
921 1011 1250 1054 fornicationem
1275 1007 1502 1052 credamus

116 1085 277 1128 dictam
299 1099 399 1143 quae
433 1084 478 1126 in
507 1083 665 1141 stupris
697 1081 1010 1125 committitur:
1041 1096 1095 1123 an
1129 1078 1502 1139 quemadmodum

119 1155 351 1212 Scripturae
373 1153 514 1197 solent
539 1153 870 1196 fornicationem
901 1165 1054 1193 vocare
1072 1185 1082 1204 ,
1110 1151 1220 1193 sicut
1245 1164 1373 1207 supra
1408 1147 1503 1192 dic-

117 1235 209 1269 tum
239 1234 328 1278 est,
360 1239 535 1268 omnem
566 1222 757 1266 illicitam
782 1221 1107 1279 corruptionem
1123 1255 1133 1274 ,
1154 1220 1263 1262 sicut
1283 1228 1346 1262 est
1363 1217 1505 1262 idolo-.

116 1296 239 1339 latria
268 1295 332 1338 vel
360 1294 559 1347 avaritia,
595 1303 638 1337 et
665 1308 717 1336 ex
746 1308 796 1336 eo
823 1294 911 1352 jam
936 1291 1075 1335 omnis
1097 1290 1376 1348 transgressio
1402 1288 1504 1346 legis

115 1375 292 1426 propter
309 1364 503 1409 illicitam
525 1364 959 1422 concupiscentiam¹.
980 1363 1060 1406 Sed
1080 1361 1356 1405 consulamus
1373 1363 1504 1418 Apos-

116 1435 279 1490 tolum,
301 1450 355 1478 ne
379 1433 543 1494 aliquid
562 1443 723 1477 temere
743 1433 937 1476 dicamus
957 1451 966 1477 :
987 1451 1006 1473 «
1021 1433 1094 1475 His
1117 1432 1191 1491 qui
1211 1440 1312 1474 sunt
1329 1431 1372 1473 in
1396 1445 1504 1473 con—

120 1524 140 1547 »
169 1505 293 1565 jugio
313 1540 323 1559 ,
356 1505 520 1563 inquit,
554 1504 755 1562 praccipio
788 1519 877 1547 non
906 1518 986 1561 ego
1006 1537 1016 1556 ,
1039 1502 1113 1546 sed
1141 1502 1371 1554 Dominus,
1398 1516 1505 1544 uxo-

119 1594 139 1617 »
176 1591 264 1619 rem
289 1591 312 1618 a
334 1575 425 1618 viro
449 1590 537 1617 non
561 1573 780 1618 discedere
802 1593 812 1618 ε
838 1573 959 1633 quod
981 1573 1016 1616 si
1038 1572 1279 1616 discesserit
1294 1605 1305 1624 ,
1330 1585 1506 1614 manere

120 1665 140 1686 ι)
176 1647 435 1704 innuptam,
473 1653 547 1687 aut
580 1645 673 1687 viro
711 1660 790 1687 suo
827 1642 1142 1687 reconciliari2.
1177 1660 1196 1682 »
1226 1645 1371 1685 Potest
1393 1640 1505 1683 enim

117 1715 211 1758 fieri
234 1724 283 1757 ut
304 1712 496 1757 discedat
519 1728 565 1756 ea
589 1728 716 1756 causa
733 1748 743 1766 ,
769 1729 854 1772 qua
878 1712 1087 1755 Dominus
1111 1711 1335 1769 permittit.
1363 1713 1451 1753 Aut
1472 1710 1504 1753 si

117 1784 310 1829 soeminoe
334 1784 437 1829 licet
462 1784 604 1827 virum
632 1783 849 1827 dimittere
881 1783 1010 1825 etiam
1032 1791 1190 1840 praeter
1221 1796 1393 1824 causam
1424 1779 1506 1824 for-

117 1855 344 1899 nicationis
359 1889 369 1907 ,
392 1863 435 1897 et
456 1869 545 1897 non
567 1853 668 1897 licet
692 1853 811 1909 viro,
836 1852 943 1911 quid
967 1851 1326 1910 respondebimus
1348 1850 1403 1893 de
1424 1850 1507 1893 hoc

118 1924 239 1986 quod
262 1924 371 1968 dixit
395 1924 606 1983 posterius
634 1943 642 1967 :
669 1926 725 1968 Et
750 1924 816 1967 vir
838 1938 1018 1966 uxorem
1046 1938 1100 1965 ne
1122 1921 1314 1965 dimittat
1329 1923 1346 1964 P
1364 1924 1507 1974 Quare

119 2011 207 2039 non
227 1994 418 2048 addidit,
444 2003 622 2052 excepta
640 2009 766 2037 causa
787 1991 1107 2045 fornicationis,
1133 1992 1253 2051 quod
1277 1991 1503 2044 Dominus,

119 2067 331 2125 permittit
358 2083 366 2109 z
393 2065 473 2108 nisi
501 2064 603 2124 quia
626 2063 808 2107 similem
833 2063 1016 2107 formam
1038 2062 1133 2106 vult
1157 2061 1371 2120 intelligi,
1397 2072 1445 2104 ut
1473 2062 1507 2105 si

120 2136 352 2188 dimiserit,
384 2136 536 2194 (quod
560 2150 685 2178 causa
709 2133 1004 2177 fornicationis
1032 2133 1317 2191 permittitur)
1337 2140 1508 2175 maneat

120 2207 210 2250 sine
239 2221 371 2249 uxore
389 2241 399 2259 ,
425 2215 500 2249 aut
528 2204 831 2248 reconcilietur
864 2203 1020 2247 uxori?
1043 2206 1139 2248 Non
1161 2203 1276 2246 enim
1301 2201 1414 2245 male
1438 2216 1507 2245 re-

120 2276 426 2321 conciliaretur
455 2276 519 2318 vir
547 2273 611 2318 illi
639 2273 838 2328 mulieri,
864 2290 994 2334 quam
1035 2289 1133 2317 cum
1165 2272 1357 2331 lapidare
1380 2287 1508 2316 nemo

120 2362 247 2391 ausus
270 2355 403 2400 esset,
432 2345 539 2389 dixit
557 2345 595 2388 ci
620 2346 827 2389 Dominus
854 2365 861 2388 ;
895 2364 913 2385 «
940 2344 1061 2388 Vade
1079 2378 1089 2397 ,
1116 2353 1159 2387 et
1180 2343 1281 2387 vide
1303 2343 1507 2401 deinceps

126 2438 143 2459 »
179 2432 233 2460 ne
255 2431 420 2475 pecces.
454 2435 473 2457 »
495 2416 606 2468 Quia
639 2425 682 2459 et
713 2415 790 2474 qui
819 2415 954 2459 dicit:
991 2433 1009 2455 «
1035 2416 1131 2458 Non
1155 2414 1255 2457 licet
1287 2413 1508 2456 dimittere

122 2506 142 2529 η
178 2501 357 2531 uxorem
374 2521 385 2540 ,
404 2486 485 2530 nisi
507 2501 634 2531 causa
656 2485 953 2530 fornicationis
967 2486 1007 2542 ³3
1025 2484 1173 2542 »cogit
1198 2484 1382 2530 retinere
1400 2498 1507 2527 uxo-

170 2589 178 2605 ¹
201 2583 280 2615 Vide
298 2584 438 2614 Retract.
457 2581 514 2613 lib.
535 2593 557 2614 1.
574 2592 656 2623 rcap.
681 2583 733 2622 19,
754 2592 786 2612 n.
808 2581 840 2612 6.
863 2597 905 2604 -·
924 2588 937 2603 ²
962 2592 973 2612 1
1002 2583 1150 2620 Cor.vi1,
1174 2591 1224 2620 10,
1249 2591 1300 2612 11.
1318 2578 1386 2603 ——3
1407 2582 1501 2612 Joan.

123 2649 196 2677 vm,
221 2648 271 2668 11.
