<?xml version="1.0" encoding="UTF-8"?>
<!DOCTYPE html PUBLIC "-//W3C//DTD XHTML 1.0 Transitional//EN"
    "http://www.w3.org/TR/xhtml1/DTD/xhtml1-transitional.dtd">
<html xmlns="http://www.w3.org/1999/xhtml" xml:lang="en" lang="en">
 <head>
  <title>
</title>
<meta http-equiv="Content-Type" content="text/html;charset=utf-8" />
  <meta name='ocr-system' content='tesseract 3.04.00' />
  <meta name='ocr-capabilities' content='ocr_page ocr_carea ocr_par ocr_line ocrx_word'/>
</head>
<body>
  <div class='ocr_page' id='page_1' title='image "./operaomniaaccura14auguuoft_0271.png"; bbox 0 0 1819 3301; ppageno 0'>
   <div class='ocr_carea' id='block_1_1' title="bbox 405 270 1486 315">
    <p class='ocr_par' dir='ltr' id='par_1_1' title="bbox 405 270 1486 315">
     <span class='ocr_line' id='line_1_1' title="bbox 405 270 1486 315; baseline 0.007 -13"><span class='ocrx_word' id='word_1_1' title='bbox 405 277 543 303; x_wconf 73' lang='lat' dir='ltr'>sEnMo</span> <span class='ocrx_word' id='word_1_2' title='bbox 575 277 732 304; x_wconf 73' lang='lat' dir='ltr'>nomm</span> <span class='ocrx_word' id='word_1_3' title='bbox 763 277 808 304; x_wconf 76' lang='lat' dir='ltr'>m</span> <span class='ocrx_word' id='word_1_4' title='bbox 840 278 1013 315; x_wconf 83' lang='lat' dir='ltr'>MONTE,</span> <span class='ocrx_word' id='word_1_5' title='bbox 1048 279 1129 305; x_wconf 78' lang='lat' dir='ltr'>Lm.</span> <span class='ocrx_word' id='word_1_6' title='bbox 1166 281 1213 306; x_wconf 85' lang='lat'>11.</span> <span class='ocrx_word' id='word_1_7' title='bbox 1403 270 1486 310; x_wconf 72' lang='lat'>245</span> 
     </span>
    </p>
   </div>
   <div class='ocr_carea' id='block_1_2' title="bbox 109 339 1491 806">
    <p class='ocr_par' dir='ltr' id='par_1_2' title="bbox 109 339 1491 806">
     <span class='ocr_line' id='line_1_2' title="bbox 113 339 1487 403; baseline 0.005 -20"><span class='ocrx_word' id='word_1_8' title='bbox 113 355 244 400; x_wconf 89' lang='lat' dir='ltr'>quarn</span> <span class='ocrx_word' id='word_1_9' title='bbox 272 349 334 384; x_wconf 99' lang='grc' dir='ltr'>θεῖ</span> <span class='ocrx_word' id='word_1_10' title='bbox 364 339 616 385; x_wconf 82' lang='lat' dir='ltr'><strong>alimentum</strong></span> <span class='ocrx_word' id='word_1_11' title='bbox 639 351 770 402; x_wconf 87' lang='lat' dir='ltr'>atque</span> <span class='ocrx_word' id='word_1_12' title='bbox 800 351 1130 400; x_wconf 83' lang='lat' dir='ltr'>tegumentum,</span> <span class='ocrx_word' id='word_1_13' title='bbox 1163 359 1350 403; x_wconf 87' lang='lat' dir='ltr'>quorum</span> <span class='ocrx_word' id='word_1_14' title='bbox 1385 362 1487 391; x_wconf 83' lang='lat' dir='ltr'>cura</span> 
     </span>
     <span class='ocr_line' id='line_1_3' title="bbox 112 410 1489 474; baseline 0.004 -20"><span class='ocrx_word' id='word_1_15' title='bbox 112 426 190 455; x_wconf 92' lang='lat' dir='ltr'>nos</span> <span class='ocrx_word' id='word_1_16' title='bbox 212 410 434 470; x_wconf 86' lang='lat' dir='ltr'>duplicare</span> <span class='ocrx_word' id='word_1_17' title='bbox 456 427 530 455; x_wconf 89' lang='lat' dir='ltr'>cor</span> <span class='ocrx_word' id='word_1_18' title='bbox 547 428 634 455; x_wconf 88' lang='lat' dir='ltr'>non</span> <span class='ocrx_word' id='word_1_19' title='bbox 656 412 764 456; x_wconf 83' lang='lat' dir='ltr'>vult.</span> <span class='ocrx_word' id='word_1_20' title='bbox 796 431 815 454; x_wconf 90' lang='lat'>«</span> <span class='ocrx_word' id='word_1_21' title='bbox 835 415 1005 467; x_wconf 85' lang='lat' dir='ltr'>Nonne,</span> <span class='ocrx_word' id='word_1_22' title='bbox 1031 413 1200 474; x_wconf 87' lang='lat' dir='ltr'>inquit,</span> <span class='ocrx_word' id='word_1_23' title='bbox 1228 415 1368 458; x_wconf 87' lang='lat' dir='ltr'>anima</span> <span class='ocrx_word' id='word_1_24' title='bbox 1393 415 1489 474; x_wconf 90' lang='lat' dir='ltr'>plus</span> 
     </span>
     <span class='ocr_line' id='line_1_4' title="bbox 115 482 1491 544; baseline 0.006 -23"><span class='ocrx_word' id='word_1_25' title='bbox 115 498 136 522; x_wconf 88' lang='lat'>»</span> <span class='ocrx_word' id='word_1_26' title='bbox 171 491 232 525; x_wconf 90' lang='lat' dir='ltr'>est</span> <span class='ocrx_word' id='word_1_27' title='bbox 261 497 391 541; x_wconf 86' lang='lat' dir='ltr'>quam</span> <span class='ocrx_word' id='word_1_28' title='bbox 421 483 540 525; x_wconf 79' lang='lat' dir='ltr'>esca?</span> <span class='ocrx_word' id='word_1_29' title='bbox 567 500 585 522; x_wconf 89' lang='lat'>»</span> <span class='ocrx_word' id='word_1_30' title='bbox 618 485 675 526; x_wconf 88' lang='lat' dir='ltr'>Ut</span> <span class='ocrx_word' id='word_1_31' title='bbox 702 491 750 526; x_wconf 91' lang='lat' dir='ltr'>tu</span> <span class='ocrx_word' id='word_1_32' title='bbox 778 482 993 542; x_wconf 82' lang='lat' dir='ltr'>intelligas</span> <span class='ocrx_word' id='word_1_33' title='bbox 1017 499 1116 527; x_wconf 89' lang='lat' dir='ltr'>eum</span> <span class='ocrx_word' id='word_1_34' title='bbox 1145 485 1220 544; x_wconf 85' lang='lat' dir='ltr'>qui</span> <span class='ocrx_word' id='word_1_35' title='bbox 1247 484 1368 528; x_wconf 85' lang='lat' dir='ltr'>dedit</span> <span class='ocrx_word' id='word_1_36' title='bbox 1397 486 1491 529; x_wconf 88' lang='lat' dir='ltr'>ani-</span> 
     </span>
     <span class='ocr_line' id='line_1_5' title="bbox 111 550 1489 614; baseline 0.004 -19"><span class='ocrx_word' id='word_1_37' title='bbox 111 567 252 606; x_wconf 89' lang='lat' dir='ltr'>mam,</span> <span class='ocrx_word' id='word_1_38' title='bbox 281 551 421 596; x_wconf 89' lang='lat' dir='ltr'>multo</span> <span class='ocrx_word' id='word_1_39' title='bbox 454 550 624 595; x_wconf 85' lang='lat' dir='ltr'>facilius</span> <span class='ocrx_word' id='word_1_40' title='bbox 654 567 792 595; x_wconf 89' lang='lat' dir='ltr'>escam</span> <span class='ocrx_word' id='word_1_41' title='bbox 815 568 904 597; x_wconf 89' lang='lat' dir='ltr'>esse</span> <span class='ocrx_word' id='word_1_42' title='bbox 934 553 1155 598; x_wconf 90' lang='lat' dir='ltr'>daturum.</span> <span class='ocrx_word' id='word_1_43' title='bbox 1195 574 1215 597; x_wconf 91' lang='lat'>«</span> <span class='ocrx_word' id='word_1_44' title='bbox 1245 558 1301 599; x_wconf 91' lang='lat' dir='ltr'>Et</span> <span class='ocrx_word' id='word_1_45' title='bbox 1333 571 1489 614; x_wconf 89' lang='lat' dir='ltr'>corpus</span> 
     </span>
     <span class='ocr_line' id='line_1_6' title="bbox 113 621 1490 681; baseline 0.005 -18"><span class='ocrx_word' id='word_1_46' title='bbox 113 639 134 663; x_wconf 79' lang='lat'>&gt;›</span> <span class='ocrx_word' id='word_1_47' title='bbox 169 637 300 681; x_wconf 88' lang='lat' dir='ltr'>quam</span> <span class='ocrx_word' id='word_1_48' title='bbox 322 623 652 676; x_wconf 88' lang='lat' dir='ltr'>vestimentum,</span> <span class='ocrx_word' id='word_1_49' title='bbox 680 639 700 662; x_wconf 91' lang='lat'>»</span> <span class='ocrx_word' id='word_1_50' title='bbox 721 621 766 665; x_wconf 90' lang='lat' dir='ltr'>id</span> <span class='ocrx_word' id='word_1_51' title='bbox 794 631 878 677; x_wconf 91' lang='lat' dir='ltr'>est,</span> <span class='ocrx_word' id='word_1_52' title='bbox 903 623 1000 681; x_wconf 90' lang='lat' dir='ltr'>plus</span> <span class='ocrx_word' id='word_1_53' title='bbox 1023 634 1084 668; x_wconf 90' lang='lat' dir='ltr'>est</span> <span class='ocrx_word' id='word_1_54' title='bbox 1103 644 1111 669; x_wconf 92' lang='lat'><strong>:</strong></span> <span class='ocrx_word' id='word_1_55' title='bbox 1137 633 1187 668; x_wconf 84' lang='lat' dir='ltr'>ut</span> <span class='ocrx_word' id='word_1_56' title='bbox 1206 625 1399 669; x_wconf 88' lang='lat' dir='ltr'>similiter</span> <span class='ocrx_word' id='word_1_57' title='bbox 1421 626 1490 670; x_wconf 90' lang='lat' dir='ltr'>in-</span> 
     </span>
     <span class='ocr_line' id='line_1_7' title="bbox 110 691 1487 752; baseline 0.004 -17"><span class='ocrx_word' id='word_1_58' title='bbox 110 691 277 750; x_wconf 81' lang='lat' dir='ltr'>telligas</span> <span class='ocrx_word' id='word_1_59' title='bbox 301 707 400 735; x_wconf 91' lang='lat' dir='ltr'>eum</span> <span class='ocrx_word' id='word_1_60' title='bbox 418 727 429 747; x_wconf 91' lang='lat'>,</span> <span class='ocrx_word' id='word_1_61' title='bbox 454 692 532 752; x_wconf 89' lang='lat' dir='ltr'>qui</span> <span class='ocrx_word' id='word_1_62' title='bbox 558 707 714 751; x_wconf 89' lang='lat' dir='ltr'>corpus</span> <span class='ocrx_word' id='word_1_63' title='bbox 742 691 888 748; x_wconf 87' lang='lat' dir='ltr'><strong>dedit,</strong></span> <span class='ocrx_word' id='word_1_64' title='bbox 913 693 1052 738; x_wconf 87' lang='lat' dir='ltr'>multo</span> <span class='ocrx_word' id='word_1_65' title='bbox 1083 693 1252 740; x_wconf 85' lang='lat' dir='ltr'>facilius</span> <span class='ocrx_word' id='word_1_66' title='bbox 1281 696 1487 741; x_wconf 87' lang='lat' dir='ltr'>daturum</span> 
     </span>
     <span class='ocr_line' id='line_1_8' title="bbox 109 762 539 806; baseline -0.002 0"><span class='ocrx_word' id='word_1_67' title='bbox 109 777 197 806; x_wconf 90' lang='lat' dir='ltr'>esse</span> <span class='ocrx_word' id='word_1_68' title='bbox 218 762 539 806; x_wconf 89' lang='lat' dir='ltr'>vestimentum.</span> 
     </span>
    </p>
   </div>
   <div class='ocr_carea' id='block_1_3' title="bbox 167 831 1557 891">
    <p class='ocr_par' dir='ltr' id='par_1_3' title="bbox 167 831 1557 891">
     <span class='ocr_line' id='line_1_9' title="bbox 167 831 1557 891; baseline 0.004 -15"><span class='ocrx_word' id='word_1_69' title='bbox 167 835 216 876; x_wconf 93' lang='lat' dir='ltr'>L.</span> <span class='ocrx_word' id='word_1_70' title='bbox 244 834 340 884; x_wconf 89' lang='lat' dir='ltr'>Quo</span> <span class='ocrx_word' id='word_1_71' title='bbox 362 831 460 876; x_wconf 91' lang='lat' dir='ltr'>loco</span> <span class='ocrx_word' id='word_1_72' title='bbox 481 832 616 891; x_wconf 87' lang='lat' dir='ltr'>quaeri</span> <span class='ocrx_word' id='word_1_73' title='bbox 637 831 771 887; x_wconf 88' lang='lat' dir='ltr'>solet,</span> <span class='ocrx_word' id='word_1_74' title='bbox 795 841 944 876; x_wconf 90' lang='lat' dir='ltr'>utrum</span> <span class='ocrx_word' id='word_1_75' title='bbox 966 831 1022 877; x_wconf 82' lang='lat' dir='ltr'>acl</span> <span class='ocrx_word' id='word_1_76' title='bbox 1050 833 1237 878; x_wconf 86' lang='lat' dir='ltr'>animam</span> <span class='ocrx_word' id='word_1_77' title='bbox 1259 836 1382 880; x_wconf 91' lang='lat' dir='ltr'>cibus</span> <span class='ocrx_word' id='word_1_78' title='bbox 1410 837 1489 881; x_wconf 90' lang='lat' dir='ltr'>iste</span> <span class='ocrx_word' id='word_1_79' title='bbox 1551 865 1557 866; x_wconf 28' lang='lat' dir='ltr'><em>ff</em></span> 
     </span>
    </p>
   </div>
   <div class='ocr_carea' id='block_1_4' title="bbox 99 902 1489 2643">
    <p class='ocr_par' dir='ltr' id='par_1_4' title="bbox 104 902 1489 1579">
     <span class='ocr_line' id='line_1_10' title="bbox 108 902 1489 962; baseline 0.004 -16"><span class='ocrx_word' id='word_1_80' title='bbox 108 902 345 962; x_wconf 89' lang='lat' dir='ltr'>pertineat,</span> <span class='ocrx_word' id='word_1_81' title='bbox 362 917 461 946; x_wconf 91' lang='lat' dir='ltr'>cum</span> <span class='ocrx_word' id='word_1_82' title='bbox 485 902 627 945; x_wconf 82' lang='lat' dir='ltr'>anima</span> <span class='ocrx_word' id='word_1_83' title='bbox 641 902 892 961; x_wconf 87' lang='lat' dir='ltr'>incorporea</span> <span class='ocrx_word' id='word_1_84' title='bbox 906 903 975 957; x_wconf 87' lang='lat' dir='ltr'>sit,</span> <span class='ocrx_word' id='word_1_85' title='bbox 993 903 1071 947; x_wconf 88' lang='lat' dir='ltr'>iste</span> <span class='ocrx_word' id='word_1_86' title='bbox 1089 913 1232 948; x_wconf 87' lang='lat' dir='ltr'>autem</span> <span class='ocrx_word' id='word_1_87' title='bbox 1248 906 1370 950; x_wconf 90' lang='lat' dir='ltr'>cibus</span> <span class='ocrx_word' id='word_1_88' title='bbox 1392 922 1489 951; x_wconf 89' lang='lat' dir='ltr'>cor-</span> 
     </span>
     <span class='ocr_line' id='line_1_11' title="bbox 107 972 1489 1034; baseline 0.004 -18"><span class='ocrx_word' id='word_1_89' title='bbox 107 988 278 1032; x_wconf 89' lang='lat' dir='ltr'>poreus.</span> <span class='ocrx_word' id='word_1_90' title='bbox 307 972 389 1017; x_wconf 89' lang='lat' dir='ltr'>Sed</span> <span class='ocrx_word' id='word_1_91' title='bbox 412 973 595 1017; x_wconf 87' lang='lat' dir='ltr'>animam</span> <span class='ocrx_word' id='word_1_92' title='bbox 615 973 699 1017; x_wconf 91' lang='lat' dir='ltr'>hoc</span> <span class='ocrx_word' id='word_1_93' title='bbox 720 972 816 1017; x_wconf 93' lang='lat' dir='ltr'>loco</span> <span class='ocrx_word' id='word_1_94' title='bbox 836 988 916 1032; x_wconf 89' lang='lat' dir='ltr'>pro</span> <span class='ocrx_word' id='word_1_95' title='bbox 937 974 1014 1018; x_wconf 88' lang='lat' dir='ltr'>ista</span> <span class='ocrx_word' id='word_1_96' title='bbox 1042 975 1129 1019; x_wconf 89' lang='lat' dir='ltr'>vita</span> <span class='ocrx_word' id='word_1_97' title='bbox 1150 976 1333 1034; x_wconf 81' lang='lat' dir='ltr'>positam</span> <span class='ocrx_word' id='word_1_98' title='bbox 1352 993 1489 1023; x_wconf 90' lang='lat' dir='ltr'>nove-</span> 
     </span>
     <span class='ocr_line' id='line_1_12' title="bbox 107 1043 1484 1106; baseline 0.005 -20"><span class='ocrx_word' id='word_1_99' title='bbox 107 1043 256 1096; x_wconf 84' lang='lat' dir='ltr'>rimus,</span> <span class='ocrx_word' id='word_1_100' title='bbox 275 1044 398 1102; x_wconf 88' lang='lat' dir='ltr'>cujus</span> <span class='ocrx_word' id='word_1_101' title='bbox 417 1043 703 1087; x_wconf 81' lang='lat' dir='ltr'>retinaculum</span> <span class='ocrx_word' id='word_1_102' title='bbox 721 1052 784 1087; x_wconf 89' lang='lat' dir='ltr'>est</span> <span class='ocrx_word' id='word_1_103' title='bbox 807 1043 1062 1088; x_wconf 82' lang='lat' dir='ltr'>alimentum</span> <span class='ocrx_word' id='word_1_104' title='bbox 1078 1045 1192 1089; x_wconf 88' lang='lat' dir='ltr'>istud</span> <span class='ocrx_word' id='word_1_105' title='bbox 1211 1062 1484 1106; x_wconf 88' lang='lat' dir='ltr'>corporeum.</span> 
     </span>
     <span class='ocr_line' id='line_1_13' title="bbox 109 1112 1486 1170; baseline 0.004 -13"><span class='ocrx_word' id='word_1_106' title='bbox 109 1113 356 1158; x_wconf 87' lang='lat' dir='ltr'>Secundum</span> <span class='ocrx_word' id='word_1_107' title='bbox 384 1113 495 1157; x_wconf 83' lang='lat' dir='ltr'>hanc</span> <span class='ocrx_word' id='word_1_108' title='bbox 525 1113 880 1170; x_wconf 84' lang='lat' dir='ltr'>significationem</span> <span class='ocrx_word' id='word_1_109' title='bbox 897 1112 1063 1158; x_wconf 85' lang='lat' dir='ltr'>dictum</span> <span class='ocrx_word' id='word_1_110' title='bbox 1086 1124 1149 1158; x_wconf 90' lang='grc' dir='ltr'>θεῖ</span> <span class='ocrx_word' id='word_1_111' title='bbox 1176 1117 1305 1159; x_wconf 88' lang='lat' dir='ltr'>etiam</span> <span class='ocrx_word' id='word_1_112' title='bbox 1339 1117 1449 1161; x_wconf 89' lang='lat' dir='ltr'>illud</span> <span class='ocrx_word' id='word_1_113' title='bbox 1478 1138 1486 1164; x_wconf 95' lang='lat'><strong>:</strong></span> 
     </span>
     <span class='ocr_line' id='line_1_14' title="bbox 110 1182 1487 1241; baseline 0.004 -15"><span class='ocrx_word' id='word_1_114' title='bbox 110 1203 130 1226; x_wconf 90' lang='lat'>«</span> <span class='ocrx_word' id='word_1_115' title='bbox 165 1184 250 1236; x_wconf 87' lang='lat' dir='ltr'>Qui</span> <span class='ocrx_word' id='word_1_116' title='bbox 279 1192 392 1226; x_wconf 88' lang='lat' dir='ltr'>amat</span> <span class='ocrx_word' id='word_1_117' title='bbox 426 1184 613 1226; x_wconf 91' lang='lat' dir='ltr'>animam</span> <span class='ocrx_word' id='word_1_118' title='bbox 634 1198 783 1237; x_wconf 88' lang='lat' dir='ltr'>suam,</span> <span class='ocrx_word' id='word_1_119' title='bbox 810 1182 963 1241; x_wconf 85' lang='lat' dir='ltr'>perdet</span> <span class='ocrx_word' id='word_1_120' title='bbox 996 1184 1115 1227; x_wconf 89' lang='lat' dir='ltr'>illam</span> <span class='ocrx_word' id='word_1_121' title='bbox 1135 1187 1164 1227; x_wconf 84' lang='lat'>¹.</span> <span class='ocrx_word' id='word_1_122' title='bbox 1194 1204 1214 1226; x_wconf 87' lang='lat'>»</span> <span class='ocrx_word' id='word_1_123' title='bbox 1240 1188 1369 1239; x_wconf 89' lang='lat' dir='ltr'>Quod</span> <span class='ocrx_word' id='word_1_124' title='bbox 1406 1189 1487 1232; x_wconf 82' lang='lat' dir='ltr'>nisi</span> 
     </span>
     <span class='ocr_line' id='line_1_15' title="bbox 107 1254 1486 1317; baseline 0.003 -19"><span class='ocrx_word' id='word_1_125' title='bbox 107 1255 161 1298; x_wconf 91' lang='lat' dir='ltr'>de</span> <span class='ocrx_word' id='word_1_126' title='bbox 178 1255 259 1298; x_wconf 89' lang='lat' dir='ltr'>hac</span> <span class='ocrx_word' id='word_1_127' title='bbox 280 1254 368 1298; x_wconf 87' lang='lat' dir='ltr'>vita</span> <span class='ocrx_word' id='word_1_128' title='bbox 386 1254 675 1313; x_wconf 81' lang='lat' dir='ltr'>acceperimus</span> <span class='ocrx_word' id='word_1_129' title='bbox 687 1289 697 1308; x_wconf 83' lang='lat'>,</span> <span class='ocrx_word' id='word_1_130' title='bbox 714 1269 844 1313; x_wconf 89' lang='lat' dir='ltr'>quam</span> <span class='ocrx_word' id='word_1_131' title='bbox 863 1264 1033 1313; x_wconf 80' lang='lat' dir='ltr'>oportet</span> <span class='ocrx_word' id='word_1_132' title='bbox 1047 1271 1125 1314; x_wconf 92' lang='lat' dir='ltr'>pro</span> <span class='ocrx_word' id='word_1_133' title='bbox 1140 1271 1271 1314; x_wconf 85' lang='lat' dir='ltr'>regno</span> <span class='ocrx_word' id='word_1_134' title='bbox 1287 1258 1363 1301; x_wconf 88' lang='lat' dir='ltr'>Dei</span> <span class='ocrx_word' id='word_1_135' title='bbox 1386 1274 1486 1317; x_wconf 89' lang='lat' dir='ltr'>per-</span> 
     </span>
     <span class='ocr_line' id='line_1_16' title="bbox 105 1324 1487 1387; baseline 0.003 -19"><span class='ocrx_word' id='word_1_136' title='bbox 105 1324 222 1379; x_wconf 89' lang='lat' dir='ltr'>dere,</span> <span class='ocrx_word' id='word_1_137' title='bbox 239 1326 359 1384; x_wconf 90' lang='lat' dir='ltr'>quod</span> <span class='ocrx_word' id='word_1_138' title='bbox 372 1325 561 1384; x_wconf 86' lang='lat' dir='ltr'>potuisse</span> <span class='ocrx_word' id='word_1_139' title='bbox 574 1328 784 1382; x_wconf 84' lang='lat' dir='ltr'>Martyres</span> <span class='ocrx_word' id='word_1_140' title='bbox 800 1325 974 1378; x_wconf 82' lang='lat' dir='ltr'>claruit,</span> <span class='ocrx_word' id='word_1_141' title='bbox 993 1326 1259 1370; x_wconf 89' lang='lat' dir='ltr'>contrarium</span> <span class='ocrx_word' id='word_1_142' title='bbox 1277 1328 1360 1371; x_wconf 91' lang='lat' dir='ltr'>hoc</span> <span class='ocrx_word' id='word_1_143' title='bbox 1374 1344 1487 1387; x_wconf 80' lang='lat' dir='ltr'>prae-</span> 
     </span>
     <span class='ocr_line' id='line_1_17' title="bbox 104 1395 1486 1457; baseline 0.003 -18"><span class='ocrx_word' id='word_1_144' title='bbox 104 1404 280 1454; x_wconf 87' lang='lat' dir='ltr'>ceptum</span> <span class='ocrx_word' id='word_1_145' title='bbox 298 1396 378 1439; x_wconf 88' lang='lat' dir='ltr'>erit</span> <span class='ocrx_word' id='word_1_146' title='bbox 400 1395 460 1438; x_wconf 88' lang='lat' dir='ltr'>illi</span> <span class='ocrx_word' id='word_1_147' title='bbox 484 1395 723 1448; x_wconf 85' lang='lat' dir='ltr'>sententiae,</span> <span class='ocrx_word' id='word_1_148' title='bbox 742 1410 826 1454; x_wconf 85' lang='lat' dir='ltr'>qua</span> <span class='ocrx_word' id='word_1_149' title='bbox 843 1396 1009 1439; x_wconf 88' lang='lat' dir='ltr'>dictum</span> <span class='ocrx_word' id='word_1_150' title='bbox 1029 1405 1092 1439; x_wconf 90' lang='lat' dir='ltr'>est</span> <span class='ocrx_word' id='word_1_151' title='bbox 1110 1416 1119 1441; x_wconf 73' lang='grc' dir='ltr'>ε</span> <span class='ocrx_word' id='word_1_152' title='bbox 1137 1416 1155 1437; x_wconf 87' lang='lat'>«</span> <span class='ocrx_word' id='word_1_153' title='bbox 1177 1397 1291 1450; x_wconf 89' lang='lat' dir='ltr'>Quid</span> <span class='ocrx_word' id='word_1_154' title='bbox 1310 1398 1486 1457; x_wconf 86' lang='lat' dir='ltr'>prodest</span> 
     </span>
     <span class='ocr_line' id='line_1_18' title="bbox 107 1465 1483 1522; baseline 0.004 -14"><span class='ocrx_word' id='word_1_155' title='bbox 107 1484 127 1506; x_wconf 91' lang='lat'>»</span> <span class='ocrx_word' id='word_1_156' title='bbox 162 1466 355 1520; x_wconf 90' lang='lat' dir='ltr'>homini,</span> <span class='ocrx_word' id='word_1_157' title='bbox 381 1466 414 1509; x_wconf 91' lang='lat' dir='ltr'>si</span> <span class='ocrx_word' id='word_1_158' title='bbox 430 1475 570 1509; x_wconf 86' lang='lat' dir='ltr'>totum</span> <span class='ocrx_word' id='word_1_159' title='bbox 590 1465 1036 1522; x_wconf 79' lang='lat' dir='ltr'>mundumlucretur,</span> <span class='ocrx_word' id='word_1_160' title='bbox 1064 1467 1216 1511; x_wconf 84' lang='lat' dir='ltr'>animae</span> <span class='ocrx_word' id='word_1_161' title='bbox 1234 1478 1377 1513; x_wconf 91' lang='lat' dir='ltr'>autem</span> <span class='ocrx_word' id='word_1_162' title='bbox 1396 1485 1483 1513; x_wconf 79' lang='lat' dir='ltr'>suae</span> 
     </span>
     <span class='ocr_line' id='line_1_19' title="bbox 107 1534 718 1579; baseline 0 -3"><span class='ocrx_word' id='word_1_163' title='bbox 107 1554 127 1576; x_wconf 87' lang='grc'>))</span> <span class='ocrx_word' id='word_1_164' title='bbox 161 1535 472 1579; x_wconf 70' lang='lat' dir='ltr'>detrimentum</span> <span class='ocrx_word' id='word_1_165' title='bbox 492 1534 674 1579; x_wconf 68' lang='lat' dir='ltr'>faciat²i³</span> <span class='ocrx_word' id='word_1_166' title='bbox 698 1554 718 1576; x_wconf 88' lang='grc'>))</span> 
     </span>
    </p>

    <p class='ocr_par' dir='ltr' id='par_1_5' title="bbox 99 1604 1486 2578">
     <span class='ocr_line' id='line_1_20' title="bbox 167 1604 1486 1666; baseline 0.003 -17"><span class='ocrx_word' id='word_1_167' title='bbox 167 1609 238 1649; x_wconf 88' lang='lat' dir='ltr'>LI.</span> <span class='ocrx_word' id='word_1_168' title='bbox 256 1625 274 1647; x_wconf 94' lang='lat'>«</span> <span class='ocrx_word' id='word_1_169' title='bbox 299 1605 534 1665; x_wconf 83' lang='lat' dir='ltr'>Respicite,</span> <span class='ocrx_word' id='word_1_170' title='bbox 550 1605 714 1665; x_wconf 86' lang='lat' dir='ltr'>inquit,</span> <span class='ocrx_word' id='word_1_171' title='bbox 741 1604 932 1649; x_wconf 84' lang='lat' dir='ltr'>volatilia</span> <span class='ocrx_word' id='word_1_172' title='bbox 952 1605 1068 1661; x_wconf 86' lang='lat' dir='ltr'>coeli,</span> <span class='ocrx_word' id='word_1_173' title='bbox 1091 1608 1298 1666; x_wconf 89' lang='lat' dir='ltr'>quoniam</span> <span class='ocrx_word' id='word_1_174' title='bbox 1318 1623 1407 1652; x_wconf 92' lang='lat' dir='ltr'>non</span> <span class='ocrx_word' id='word_1_175' title='bbox 1423 1625 1486 1653; x_wconf 88' lang='lat' dir='ltr'>se-</span> 
     </span>
     <span class='ocr_line' id='line_1_21' title="bbox 103 1677 1485 1735; baseline 0.003 -16"><span class='ocrx_word' id='word_1_176' title='bbox 103 1694 123 1718; x_wconf 89' lang='lat'>»</span> <span class='ocrx_word' id='word_1_177' title='bbox 145 1685 262 1731; x_wconf 89' lang='lat' dir='ltr'>runt,</span> <span class='ocrx_word' id='word_1_178' title='bbox 275 1691 416 1735; x_wconf 87' lang='lat' dir='ltr'>neque</span> <span class='ocrx_word' id='word_1_179' title='bbox 427 1685 613 1729; x_wconf 87' lang='lat' dir='ltr'>metunt,</span> <span class='ocrx_word' id='word_1_180' title='bbox 626 1691 768 1735; x_wconf 84' lang='lat' dir='ltr'>neque</span> <span class='ocrx_word' id='word_1_181' title='bbox 781 1686 1045 1734; x_wconf 81' lang='lat' dir='ltr'>congregant</span> <span class='ocrx_word' id='word_1_182' title='bbox 1059 1677 1103 1719; x_wconf 92' lang='lat' dir='ltr'>in</span> <span class='ocrx_word' id='word_1_183' title='bbox 1119 1678 1286 1729; x_wconf 72' lang='lat' dir='ltr'>horrea,</span> <span class='ocrx_word' id='word_1_184' title='bbox 1302 1687 1345 1722; x_wconf 89' lang='lat' dir='ltr'>ct</span> <span class='ocrx_word' id='word_1_185' title='bbox 1359 1682 1485 1723; x_wconf 88' lang='lat' dir='ltr'>Pater</span> 
     </span>
     <span class='ocr_line' id='line_1_22' title="bbox 103 1745 1485 1804; baseline 0.005 -17"><span class='ocrx_word' id='word_1_186' title='bbox 103 1764 122 1787; x_wconf 74' lang='lat' dir='ltr'>n</span> <span class='ocrx_word' id='word_1_187' title='bbox 149 1755 287 1790; x_wconf 86' lang='lat' dir='ltr'>vester</span> <span class='ocrx_word' id='word_1_188' title='bbox 300 1745 486 1789; x_wconf 87' lang='lat' dir='ltr'>coelestis</span> <span class='ocrx_word' id='word_1_189' title='bbox 501 1746 635 1804; x_wconf 88' lang='lat' dir='ltr'>pascit</span> <span class='ocrx_word' id='word_1_190' title='bbox 648 1745 721 1788; x_wconf 88' lang='lat' dir='ltr'>illa</span> <span class='ocrx_word' id='word_1_191' title='bbox 738 1764 746 1789; x_wconf 91' lang='lat'><strong>:</strong></span> <span class='ocrx_word' id='word_1_192' title='bbox 763 1761 908 1788; x_wconf 89' lang='lat' dir='ltr'>nonne</span> <span class='ocrx_word' id='word_1_193' title='bbox 921 1761 995 1789; x_wconf 90' lang='lat' dir='ltr'>vos</span> <span class='ocrx_word' id='word_1_194' title='bbox 1007 1745 1139 1804; x_wconf 89' lang='lat' dir='ltr'>pluris</span> <span class='ocrx_word' id='word_1_195' title='bbox 1152 1747 1249 1790; x_wconf 87' lang='lat' dir='ltr'>estis</span> <span class='ocrx_word' id='word_1_196' title='bbox 1262 1746 1344 1791; x_wconf 90' lang='lat' dir='ltr'>illis</span> <span class='ocrx_word' id='word_1_197' title='bbox 1354 1750 1368 1774; x_wconf 77' lang='lat'><strong>3</strong></span> <span class='ocrx_word' id='word_1_198' title='bbox 1379 1750 1396 1792; x_wconf 77' lang='grc' dir='ltr'><em>Ρ</em></span> <span class='ocrx_word' id='word_1_199' title='bbox 1408 1768 1426 1789; x_wconf 87' lang='lat'>»</span> <span class='ocrx_word' id='word_1_200' title='bbox 1440 1749 1485 1793; x_wconf 85' lang='lat' dir='ltr'>id</span> 
     </span>
     <span class='ocr_line' id='line_1_23' title="bbox 100 1815 1485 1874; baseline 0.002 -14"><span class='ocrx_word' id='word_1_201' title='bbox 100 1825 164 1860; x_wconf 89' lang='lat' dir='ltr'>est</span> <span class='ocrx_word' id='word_1_202' title='bbox 176 1817 345 1860; x_wconf 88' lang='lat' dir='ltr'>charius</span> <span class='ocrx_word' id='word_1_203' title='bbox 367 1831 441 1859; x_wconf 86' lang='lat' dir='ltr'>vos</span> <span class='ocrx_word' id='word_1_204' title='bbox 457 1815 620 1859; x_wconf 85' lang='lat' dir='ltr'>valetis.</span> <span class='ocrx_word' id='word_1_205' title='bbox 642 1816 751 1868; x_wconf 88' lang='lat' dir='ltr'>Quia</span> <span class='ocrx_word' id='word_1_206' title='bbox 766 1816 917 1874; x_wconf 88' lang='lat' dir='ltr'>utique</span> <span class='ocrx_word' id='word_1_207' title='bbox 940 1816 1148 1860; x_wconf 83' lang='lat' dir='ltr'>rationale</span> <span class='ocrx_word' id='word_1_208' title='bbox 1161 1818 1337 1872; x_wconf 87' lang='lat' dir='ltr'>animal,</span> <span class='ocrx_word' id='word_1_209' title='bbox 1358 1819 1485 1864; x_wconf 87' lang='lat' dir='ltr'>sicuti</span> 
     </span>
     <span class='ocr_line' id='line_1_24' title="bbox 100 1884 1484 1948; baseline 0.002 -18"><span class='ocrx_word' id='word_1_210' title='bbox 100 1896 162 1930; x_wconf 88' lang='grc' dir='ltr'>θεῖ</span> <span class='ocrx_word' id='word_1_211' title='bbox 177 1887 323 1940; x_wconf 87' lang='lat' dir='ltr'>homo,</span> <span class='ocrx_word' id='word_1_212' title='bbox 343 1885 592 1939; x_wconf 87' lang='lat' dir='ltr'>sublimius,</span> <span class='ocrx_word' id='word_1_213' title='bbox 610 1884 856 1929; x_wconf 89' lang='lat' dir='ltr'>ordinatum</span> <span class='ocrx_word' id='word_1_214' title='bbox 871 1895 933 1929; x_wconf 88' lang='lat' dir='ltr'>est</span> <span class='ocrx_word' id='word_1_215' title='bbox 946 1885 990 1928; x_wconf 89' lang='lat' dir='ltr'>in</span> <span class='ocrx_word' id='word_1_216' title='bbox 1006 1901 1147 1930; x_wconf 88' lang='lat' dir='ltr'>rerum</span> <span class='ocrx_word' id='word_1_217' title='bbox 1163 1896 1333 1942; x_wconf 89' lang='lat' dir='ltr'>natura,</span> <span class='ocrx_word' id='word_1_218' title='bbox 1352 1905 1484 1948; x_wconf 85' lang='lat' dir='ltr'>quam</span> 
     </span>
     <span class='ocr_line' id='line_1_25' title="bbox 99 1955 1483 2010; baseline 0.002 -10"><span class='ocrx_word' id='word_1_219' title='bbox 99 1956 409 2000; x_wconf 83' lang='lat' dir='ltr'>irrationabilia</span> <span class='ocrx_word' id='word_1_220' title='bbox 425 1991 435 2010; x_wconf 91' lang='lat'>,</span> <span class='ocrx_word' id='word_1_221' title='bbox 461 1956 573 1999; x_wconf 88' lang='lat' dir='ltr'>sicut</span> <span class='ocrx_word' id='word_1_222' title='bbox 594 1964 694 1998; x_wconf 87' lang='lat' dir='ltr'>sunt</span> <span class='ocrx_word' id='word_1_223' title='bbox 718 1970 829 1999; x_wconf 86' lang='lat' dir='ltr'>aves.</span> <span class='ocrx_word' id='word_1_224' title='bbox 856 1974 872 1994; x_wconf 86' lang='lat'>«</span> <span class='ocrx_word' id='word_1_225' title='bbox 891 1955 995 2008; x_wconf 85' lang='lat' dir='ltr'>Quis</span> <span class='ocrx_word' id='word_1_226' title='bbox 1018 1965 1165 1999; x_wconf 89' lang='lat' dir='ltr'>autem</span> <span class='ocrx_word' id='word_1_227' title='bbox 1188 1966 1379 2001; x_wconf 88' lang='lat' dir='ltr'>vestrum</span> <span class='ocrx_word' id='word_1_228' title='bbox 1403 1975 1483 2003; x_wconf 88' lang='lat' dir='ltr'>cu-</span> 
     </span>
     <span class='ocr_line' id='line_1_26' title="bbox 104 2024 1485 2085; baseline 0.003 -16"><span class='ocrx_word' id='word_1_229' title='bbox 104 2044 125 2068; x_wconf 80' lang='lat'>»</span> <span class='ocrx_word' id='word_1_230' title='bbox 162 2042 259 2069; x_wconf 86' lang='lat' dir='ltr'>rans</span> <span class='ocrx_word' id='word_1_231' title='bbox 278 2061 288 2081; x_wconf 94' lang='lat'>,</span> <span class='ocrx_word' id='word_1_232' title='bbox 309 2026 476 2085; x_wconf 88' lang='lat' dir='ltr'>inquit,</span> <span class='ocrx_word' id='word_1_233' title='bbox 504 2034 600 2084; x_wconf 90' lang='lat' dir='ltr'>post</span> <span class='ocrx_word' id='word_1_234' title='bbox 622 2025 806 2085; x_wconf 86' lang='lat' dir='ltr'>adjicere</span> <span class='ocrx_word' id='word_1_235' title='bbox 828 2024 883 2068; x_wconf 86' lang='lat' dir='ltr'>ad</span> <span class='ocrx_word' id='word_1_236' title='bbox 905 2034 1113 2069; x_wconf 80' lang='lat' dir='ltr'>staturam</span> <span class='ocrx_word' id='word_1_237' title='bbox 1143 2042 1263 2070; x_wconf 88' lang='lat' dir='ltr'>suam</span> <span class='ocrx_word' id='word_1_238' title='bbox 1287 2029 1485 2074; x_wconf 86' lang='lat' dir='ltr'>cubitum</span> 
     </span>
     <span class='ocr_line' id='line_1_27' title="bbox 102 2095 1484 2154; baseline 0.004 -17"><span class='ocrx_word' id='word_1_239' title='bbox 102 2115 122 2138; x_wconf 73' lang='lat' dir='ltr'>n</span> <span class='ocrx_word' id='word_1_240' title='bbox 158 2111 296 2140; x_wconf 91' lang='lat' dir='ltr'>unum</span> <span class='ocrx_word' id='word_1_241' title='bbox 314 2098 332 2137; x_wconf 82' lang='lat'>‘?</span> <span class='ocrx_word' id='word_1_242' title='bbox 364 2099 421 2139; x_wconf 90' lang='lat' dir='ltr'>Et</span> <span class='ocrx_word' id='word_1_243' title='bbox 454 2096 508 2139; x_wconf 89' lang='lat' dir='ltr'>de</span> <span class='ocrx_word' id='word_1_244' title='bbox 549 2096 803 2139; x_wconf 90' lang='lat' dir='ltr'>vestimento</span> <span class='ocrx_word' id='word_1_245' title='bbox 843 2095 949 2154; x_wconf 84' lang='lat' dir='ltr'>quid</span> <span class='ocrx_word' id='word_1_246' title='bbox 996 2096 1167 2140; x_wconf 85' lang='lat' dir='ltr'>solliciti</span> <span class='ocrx_word' id='word_1_247' title='bbox 1208 2098 1306 2141; x_wconf 89' lang='lat' dir='ltr'>estis</span> <span class='ocrx_word' id='word_1_248' title='bbox 1330 2100 1347 2139; x_wconf 72' lang='lat'>‘3</span> <span class='ocrx_word' id='word_1_249' title='bbox 1383 2117 1403 2139; x_wconf 84' lang='lat'>»</span> <span class='ocrx_word' id='word_1_250' title='bbox 1439 2099 1484 2144; x_wconf 90' lang='lat' dir='ltr'>id</span> 
     </span>
     <span class='ocr_line' id='line_1_28' title="bbox 100 2164 1485 2225; baseline 0.003 -16"><span class='ocrx_word' id='word_1_251' title='bbox 100 2174 189 2221; x_wconf 88' lang='lat' dir='ltr'>cst,</span> <span class='ocrx_word' id='word_1_252' title='bbox 229 2167 363 2225; x_wconf 88' lang='lat' dir='ltr'>Cujus</span> <span class='ocrx_word' id='word_1_253' title='bbox 384 2174 595 2224; x_wconf 87' lang='lat' dir='ltr'>potestate</span> <span class='ocrx_word' id='word_1_254' title='bbox 627 2174 757 2225; x_wconf 88' lang='lat' dir='ltr'>atque</span> <span class='ocrx_word' id='word_1_255' title='bbox 795 2164 1024 2210; x_wconf 86' lang='lat' dir='ltr'>dominatu</span> <span class='ocrx_word' id='word_1_256' title='bbox 1058 2166 1224 2210; x_wconf 89' lang='lat' dir='ltr'>facturn</span> <span class='ocrx_word' id='word_1_257' title='bbox 1253 2176 1315 2211; x_wconf 89' lang='grc' dir='ltr'>θεῖ</span> <span class='ocrx_word' id='word_1_258' title='bbox 1347 2177 1396 2212; x_wconf 88' lang='lat' dir='ltr'>ut</span> <span class='ocrx_word' id='word_1_259' title='bbox 1429 2169 1485 2213; x_wconf 91' lang='lat' dir='ltr'>ad</span> 
     </span>
     <span class='ocr_line' id='line_1_29' title="bbox 99 2237 1485 2297; baseline 0.001 -16"><span class='ocrx_word' id='word_1_260' title='bbox 99 2238 212 2281; x_wconf 86' lang='lat' dir='ltr'>hanc</span> <span class='ocrx_word' id='word_1_261' title='bbox 234 2245 441 2280; x_wconf 87' lang='lat' dir='ltr'>staturam</span> <span class='ocrx_word' id='word_1_262' title='bbox 464 2251 619 2295; x_wconf 88' lang='lat' dir='ltr'>corpus</span> <span class='ocrx_word' id='word_1_263' title='bbox 641 2245 834 2281; x_wconf 83' lang='lat' dir='ltr'>vestrum</span> <span class='ocrx_word' id='word_1_264' title='bbox 857 2237 1168 2296; x_wconf 87' lang='lat' dir='ltr'>perduceretur</span> <span class='ocrx_word' id='word_1_265' title='bbox 1187 2273 1197 2290; x_wconf 88' lang='lat'>‚</span> <span class='ocrx_word' id='word_1_266' title='bbox 1224 2239 1314 2297; x_wconf 86' lang='lat' dir='ltr'>ejus</span> <span class='ocrx_word' id='word_1_267' title='bbox 1343 2240 1485 2297; x_wconf 90' lang='lat' dir='ltr'>provi-</span> 
     </span>
     <span class='ocr_line' id='line_1_30' title="bbox 100 2307 1485 2366; baseline 0.002 -15"><span class='ocrx_word' id='word_1_268' title='bbox 100 2307 245 2351; x_wconf 87' lang='lat' dir='ltr'>dentia</span> <span class='ocrx_word' id='word_1_269' title='bbox 267 2307 396 2350; x_wconf 89' lang='lat' dir='ltr'>etiam</span> <span class='ocrx_word' id='word_1_270' title='bbox 413 2307 557 2351; x_wconf 86' lang='lat' dir='ltr'>vestiri</span> <span class='ocrx_word' id='word_1_271' title='bbox 576 2316 717 2366; x_wconf 88' lang='lat' dir='ltr'>potest</span> <span class='ocrx_word' id='word_1_272' title='bbox 737 2327 746 2351; x_wconf 71' lang='grc' dir='ltr'>ι</span> <span class='ocrx_word' id='word_1_273' title='bbox 765 2322 853 2351; x_wconf 92' lang='lat' dir='ltr'>non</span> <span class='ocrx_word' id='word_1_274' title='bbox 875 2317 1018 2351; x_wconf 86' lang='lat' dir='ltr'>autem</span> <span class='ocrx_word' id='word_1_275' title='bbox 1036 2316 1175 2351; x_wconf 85' lang='lat' dir='ltr'>vestra</span> <span class='ocrx_word' id='word_1_276' title='bbox 1194 2323 1296 2352; x_wconf 86' lang='lat' dir='ltr'>cura</span> <span class='ocrx_word' id='word_1_277' title='bbox 1320 2307 1485 2354; x_wconf 84' lang='lat' dir='ltr'>factum</span> 
     </span>
     <span class='ocr_line' id='line_1_31' title="bbox 101 2376 1484 2436; baseline 0.003 -16"><span class='ocrx_word' id='word_1_278' title='bbox 101 2392 210 2430; x_wconf 82' lang='lat' dir='ltr'>csse,</span> <span class='ocrx_word' id='word_1_279' title='bbox 237 2386 285 2420; x_wconf 89' lang='lat' dir='ltr'>ut</span> <span class='ocrx_word' id='word_1_280' title='bbox 307 2376 362 2419; x_wconf 91' lang='lat' dir='ltr'>ad</span> <span class='ocrx_word' id='word_1_281' title='bbox 383 2377 495 2420; x_wconf 89' lang='lat' dir='ltr'>hanc</span> <span class='ocrx_word' id='word_1_282' title='bbox 517 2385 724 2420; x_wconf 88' lang='lat' dir='ltr'>staturam</span> <span class='ocrx_word' id='word_1_283' title='bbox 746 2377 912 2421; x_wconf 86' lang='lat' dir='ltr'>veniret</span> <span class='ocrx_word' id='word_1_284' title='bbox 929 2392 1084 2436; x_wconf 87' lang='lat' dir='ltr'>corpus</span> <span class='ocrx_word' id='word_1_285' title='bbox 1099 2387 1306 2433; x_wconf 84' lang='lat' dir='ltr'>vestrum,</span> <span class='ocrx_word' id='word_1_286' title='bbox 1333 2394 1382 2422; x_wconf 85' lang='lat' dir='ltr'>cx</span> <span class='ocrx_word' id='word_1_287' title='bbox 1401 2380 1484 2424; x_wconf 89' lang='lat' dir='ltr'>hoc</span> 
     </span>
     <span class='ocr_line' id='line_1_32' title="bbox 100 2446 1483 2508; baseline 0.002 -18"><span class='ocrx_word' id='word_1_288' title='bbox 100 2446 281 2504; x_wconf 82' lang='lat' dir='ltr'>intelligi</span> <span class='ocrx_word' id='word_1_289' title='bbox 298 2455 440 2506; x_wconf 88' lang='lat' dir='ltr'>potest</span> <span class='ocrx_word' id='word_1_290' title='bbox 459 2481 470 2501; x_wconf 90' lang='lat'>,</span> <span class='ocrx_word' id='word_1_291' title='bbox 495 2447 616 2506; x_wconf 90' lang='lat' dir='ltr'>quod</span> <span class='ocrx_word' id='word_1_292' title='bbox 638 2447 671 2490; x_wconf 86' lang='lat' dir='ltr'>si</span> <span class='ocrx_word' id='word_1_293' title='bbox 689 2447 846 2490; x_wconf 87' lang='lat' dir='ltr'>curetis</span> <span class='ocrx_word' id='word_1_294' title='bbox 866 2482 876 2501; x_wconf 89' lang='lat'>,</span> <span class='ocrx_word' id='word_1_295' title='bbox 913 2456 955 2491; x_wconf 89' lang='lat' dir='ltr'>et</span> <span class='ocrx_word' id='word_1_296' title='bbox 977 2447 1115 2492; x_wconf 84' lang='lat' dir='ltr'>velitis</span> <span class='ocrx_word' id='word_1_297' title='bbox 1138 2447 1323 2508; x_wconf 88' lang='lat' dir='ltr'>adjicere</span> <span class='ocrx_word' id='word_1_298' title='bbox 1344 2465 1483 2493; x_wconf 91' lang='lat' dir='ltr'>unum</span> 
     </span>
     <span class='ocr_line' id='line_1_33' title="bbox 101 2517 1481 2578; baseline 0.002 -16"><span class='ocrx_word' id='word_1_299' title='bbox 101 2517 298 2562; x_wconf 88' lang='lat' dir='ltr'>cubitum</span> <span class='ocrx_word' id='word_1_300' title='bbox 322 2517 425 2561; x_wconf 90' lang='lat' dir='ltr'>huic</span> <span class='ocrx_word' id='word_1_301' title='bbox 444 2527 639 2573; x_wconf 83' lang='lat' dir='ltr'>staturae,</span> <span class='ocrx_word' id='word_1_302' title='bbox 675 2534 763 2562; x_wconf 92' lang='lat' dir='ltr'>non</span> <span class='ocrx_word' id='word_1_303' title='bbox 795 2518 969 2577; x_wconf 86' lang='lat' dir='ltr'>potestis</span> <span class='ocrx_word' id='word_1_304' title='bbox 995 2538 1002 2563; x_wconf 90' lang='lat'><strong>:</strong></span> <span class='ocrx_word' id='word_1_305' title='bbox 1028 2518 1091 2562; x_wconf 92' lang='lat' dir='ltr'>illi</span> <span class='ocrx_word' id='word_1_306' title='bbox 1094 2522 1111 2577; x_wconf 60' lang='lat' dir='ltr'>j</span> <span class='ocrx_word' id='word_1_307' title='bbox 1127 2534 1230 2578; x_wconf 86' lang='lat' dir='ltr'>ergo</span> <span class='ocrx_word' id='word_1_308' title='bbox 1263 2520 1393 2564; x_wconf 88' lang='lat' dir='ltr'>ctiam</span> <span class='ocrx_word' id='word_1_309' title='bbox 1416 2530 1481 2565; x_wconf 91' lang='lat' dir='ltr'>te-</span> 
     </span>
    </p>

    <p class='ocr_par' dir='ltr' id='par_1_6' title="bbox 150 2599 1137 2643">
     <span class='ocr_line' id='line_1_34' title="bbox 150 2599 1137 2643; baseline 0.001 -11"><span class='ocrx_word' id='word_1_310' title='bbox 150 2608 158 2623; x_wconf 92' lang='lat'>¹</span> <span class='ocrx_word' id='word_1_311' title='bbox 175 2603 265 2633; x_wconf 85' lang='lat' dir='ltr'>Joan.</span> <span class='ocrx_word' id='word_1_312' title='bbox 286 2611 333 2641; x_wconf 84' lang='lat' dir='ltr'>x1,</span> <span class='ocrx_word' id='word_1_313' title='bbox 358 2601 409 2633; x_wconf 83' lang='lat'>25.</span> <span class='ocrx_word' id='word_1_314' title='bbox 427 2618 468 2624; x_wconf 84' lang='lat'><em>-</em></span> <span class='ocrx_word' id='word_1_315' title='bbox 488 2608 500 2624; x_wconf 82' lang='lat'><strong>²</strong></span> <span class='ocrx_word' id='word_1_316' title='bbox 520 2601 632 2634; x_wconf 77' lang='lat' dir='ltr'>Matth.</span> <span class='ocrx_word' id='word_1_317' title='bbox 655 2612 719 2643; x_wconf 81' lang='lat' dir='ltr'>xvi,</span> <span class='ocrx_word' id='word_1_318' title='bbox 734 2603 787 2634; x_wconf 71' lang='lat'>26.</span> <span class='ocrx_word' id='word_1_319' title='bbox 805 2618 847 2624; x_wconf 93' lang='lat'>—-</span> <span class='ocrx_word' id='word_1_320' title='bbox 866 2599 879 2624; x_wconf 81' lang='grc'>3</span> <span class='ocrx_word' id='word_1_321' title='bbox 899 2601 945 2633; x_wconf 87' lang='lat' dir='ltr'>Id.</span> <span class='ocrx_word' id='word_1_322' title='bbox 962 2612 1008 2639; x_wconf 79' lang='lat' dir='ltr'>vi,</span> <span class='ocrx_word' id='word_1_323' title='bbox 1024 2601 1137 2638; x_wconf 75' lang='lat'>26-28,</span> 
     </span>
    </p>
   </div>
  </div>
 </body>
</html>
