1819 3301
327 266 611 302 QUAESTIONUM
643 263 966 301 SEPTEMDEciM,
1002 264 1125 291 LIBER
1157 264 1281 290 umis.
1413 251 1494 288 367

118 331 251 387 feste,
276 332 388 376 sicut
404 333 596 376 cernitur
614 367 624 387 ,
652 332 916 375 enuntiatur.
942 332 1050 375 Nam
1073 338 1117 373 et
1142 327 1253 372 illud
1272 327 1391 388 quod
1415 320 1494 382 ait,

122 421 142 444 «
179 402 222 446 Si
239 402 335 462 quis
352 417 422 445 me
445 401 666 445 confessus
683 400 814 445 fuerit
834 416 978 446 coram
1004 399 1254 444 hominibus
1269 433 1281 453 ,
1315 399 1499 442 confite-

122 490 142 514 »
178 471 259 516 bor
280 482 324 516 et
349 487 429 530 ego
455 487 557 515 eum
580 487 724 516 coram
749 475 873 516 Patre
906 486 1003 515 meo
1027 472 1040 496 1
1062 490 1071 515 :
1098 488 1118 512 »
1147 468 1218 515 vel
1251 468 1362 513 sicut
1397 467 1499 511 alibi

118 545 204 598 est,
228 561 248 585 «
272 544 428 588 Coram
444 542 617 600 Angelis
634 543 711 586 Dei
732 546 748 570 ²
776 561 784 587 :
812 561 830 584 »
859 558 948 587 non
960 542 1111 601 utique
1128 549 1304 600 peccata
1321 540 1500 584 confite-

118 622 192 658 tur
228 613 304 672 qui
336 613 558 658 Christum
589 614 835 658 confitetur.
874 611 1003 666 Quod
1036 613 1071 656 si
1097 620 1324 671 propterea
1346 618 1502 669 putant

120 683 251 744 aliqui
273 683 588 728 confessionem
620 685 789 737 vocari,
824 684 926 742 quia
956 698 1035 742 pro
1070 684 1249 727 crimine
1276 682 1503 741 objiciatur

118 755 280 799 Christi
301 770 461 798 nomen
483 765 679 814 tempore
700 754 1036 813 persecutioni53
1063 754 1277 812 numquid
1298 753 1356 796 ita
1374 752 1503 796 etiam

120 826 317 870 Christus
339 841 482 870 coram
508 830 632 869 Patre
651 825 722 869 vel
751 841 895 869 coram
918 825 1091 882 Angelis
1115 826 1335 868 hominem
1364 825 1439 883 qui
1461 838 1504 867 se

117 895 342 939 confessus
356 895 487 939 suerit
501 896 980 939 confitetur?Estetiam
994 896 1038 938 in
1049 894 1347 939 Ecclesiastico
1360 894 1417 937 ita
1430 909 1505 952 po-

121 965 251 1009 situm
267 1001 278 1020 ‚
303 984 323 1007 «
343 968 399 1009 Et
419 966 512 1010 haec
534 966 684 1009 dicetis
699 966 743 1009 in
761 965 1030 1009 confessione
1045 1000 1056 1019 ,
1075 973 1204 1024 opera
1223 965 1393 1008 Domini
1413 963 1507 1007 uni-

125 1054 144 1077 »
175 1051 299 1080 versa
314 1071 326 1091 ,
346 1037 554 1096 quoniam
574 1036 688 1080 bona
708 1036 833 1080 valde
855 1038 887 1079 3.
907 1037 937 1077 ”»
963 1039 1060 1089 Quo
1077 1036 1120 1079 in
1139 1036 1235 1080 loco
1250 1035 1505 1079 indubitan-

122 1114 187 1149 ter
207 1106 279 1149 Dei
295 1105 446 1150 laudes
468 1116 793 1165 exaggerantur.
821 1109 924 1150 Haec
955 1105 1071 1150 dieta
1103 1116 1204 1150 sunt
1226 1115 1402 1165 propter
1422 1105 1506 1148 im-

118 1176 320 1234 peritiam
354 1175 538 1220 fratrum
558 1211 570 1231 ‚
608 1177 684 1235 qui
717 1191 816 1220 cum
845 1175 1017 1234 legente
1043 1176 1205 1219 lectore
1227 1175 1411 1219 audiunt
1425 1175 1508 1218 hoc

121 1245 328 1301 verbum,
357 1255 534 1306 pectora
569 1247 711 1290 statim
747 1244 963 1300 tundunt,
995 1261 1084 1289 non
1117 1244 1389 1290 attendentes
1417 1260 1506 1304 quo

121 1315 219 1360 loco
240 1316 429 1372 dicatur,
454 1317 578 1377 quasi
599 1333 689 1361 non
706 1317 840 1377 possit
860 1317 943 1361 nisi
964 1326 1240 1376 peccatorum
1278 1330 1368 1360 esse
1408 1332 1507 1360 con·

122 1385 264 1431 fessio.

656 1537 891 1586 QUAESTIO
923 1521 973 1576 Χ.

181 1667 433 1710 Nozrmmm
451 1666 506 1709 de
527 1681 578 1709 eo
593 1666 712 1725 quod
728 1665 877 1710 illicite
897 1666 1063 1710 lactum
1081 1667 1301 1711 videretur
1320 1669 1344 1711 J
1348 1667 1505 1721 udaeis‚

123 1735 245 1794 quod
277 1754 298 1777 «
330 1735 539 1794 Discipuli
571 1736 752 1779 sabbato
791 1736 926 1795 spicas
958 1737 1212 1781 evulsissent
1239 1738 1271 1792 ⁴¹¹,
1314 1755 1334 1778 »
1372 1753 1508 1782 unum

124 1804 371 1865 exemplum
394 1806 547 1850 datum
578 1808 707 1865 regiae
728 1808 950 1866 potestatis
973 1808 1028 1852 de
1051 1809 1186 1852 David
1206 1843 1216 1863 ,
1242 1808 1426 1852 alterum
1444 1824 1511 1853 sa-

124 1875 353 1920 cerdotalis
382 1877 440 1920 de
471 1877 521 1920 iis
560 1877 636 1936 qui
664 1893 739 1936 per
771 1877 1058 1922 ministerium
1093 1878 1245 1936 templi
1281 1879 1511 1923 sabbatum

125 1945 290 1990 violant
317 1965 326 1990 :
354 1955 405 1989 ut
441 1947 580 1990 multo
616 1948 757 1990 minus
788 1947 841 1990 ad
873 1948 1016 2006 ipsum
1053 1947 1299 1992 evulsarum
1327 1948 1509 1992 sabbato

125 2016 341 2075 spicarum
363 2017 529 2061 crimen
551 2018 787 2076 pertineat,
811 2019 887 2076 qui
908 2033 1035 2062 verus
1060 2034 1133 2063 rex
1155 2027 1198 2062 et
1220 2034 1347 2063 verus
1368 2034 1513 2063 sacer-

130 2086 207 2131 dos
225 2096 288 2132 est
301 2122 313 2143 ‚
338 2097 381 2132 et
397 2088 495 2132 ideo
514 2089 723 2133 Dominus
740 2089 925 2133 sabbati.

460 2168 495 2203 Q

657 2240 898 2289 QUAEsrlo
929 2242 996 2279 Χι.

188 2369 224 2410 Ι.
266 2385 286 2409 ιι
319 2368 423 2411 CUM
442 2375 587 2411 autem
606 2368 848 2413 dormirent
887 2370 1082 2414 homines
1101 2405 1112 2425 ,
1154 2369 1272 2413 venit
1318 2369 1517 2413 inimicus

133 2457 155 2480 ι)
185 2440 281 2499 ejus
294 2448 338 2483 et
349 2440 706 2499 superseminavit
722 2442 882 2486 zizania
895 2441 941 2486 in
953 2442 1097 2487 medio
1113 2442 1256 2498 tritici,
1271 2451 1314 2487 et
1328 2443 1472 2488 abiit5.
1493 2463 1512 2487 »

183 2541 192 2557 ¹
211 2535 330 2568 Matth.
352 2547 385 2578 x,
406 2535 458 2568 32.
481 2553 524 2559 —
551 2544 566 2560 ³
590 2539 669 2571 Luc.
693 2550 778 2571 xxxn
793 2564 803 2581 ‚
822 2539 854 2571 8.
874 2555 916 2563 -
937 2538 950 2563 3
969 2540 1066 2573 Eccli.
1093 2551 1202 2582 xxxxi,
1222 2549 1277 2573 20.
1293 2557 1337 2564 —
1353 2539 1370 2571 4
1387 2543 1507 2576 Matth.

133 2601 192 2633 xu,
209 2593 284 2625 1-8.
303 2609 345 2615 —
362 2589 474 2625 51bid.
495 2593 548 2625 25.
570 2638 573 2639 ⁷
