1819 3301
370 314 507 339 SERMO
543 313 695 339 οοΜιΝι
722 308 774 338 'IN
806 311 980 347 MONTE,
1017 311 1097 336 Lm.
1137 312 1163 336 ῐ.
1373 301 1450 337 185

81 396 100 417 »
136 377 256 421 vobis
272 412 281 429 ‚
303 392 391 421 non
414 375 592 420 reddere
610 375 770 420 malum
796 391 873 435 pro
887 375 1029 419 malo:
1058 393 1076 416 »
1096 389 1347 434 quanquam
1370 376 1453 419 hoc

76 449 203 492 etiam
226 463 431 506 magnum
465 457 732 506 praeceptum
754 448 836 505 sit3
876 447 951 491 sed
975 447 1032 490 ait
1054 465 1062 490 ι
1092 465 1110 487 «
1132 448 1228 490 Non
1261 446 1453 489 resistere

79 537 99 560 »
136 518 337 563 adversus
368 517 529 561 malum
556 537 564 562 ε
594 536 612 558 »
642 527 688 561 ut
720 534 808 562 non
825 517 963 561 solum
988 532 1077 561 non
1103 515 1311 576 rependas
1334 517 1454 576 quod

77 589 156 634 tibi
179 588 310 632 fuerit
337 589 572 647 irrogatum
590 623 600 643 ‚
643 587 718 632 sed
752 588 879 631 etiam
910 603 998 632 non
1030 587 1196 631 resistas
1223 587 1456 647 quominus

76 658 192 704 aliud
221 660 435 718 irrogetur
460 679 468 704 ;
497 662 589 704 Hoc
611 668 674 703 est
695 659 812 702 enirn
833 658 951 718 quod
975 659 1102 702 etiam
1140 667 1456 718 consequenter

75 730 253 789 exponit
284 748 291 774 :
323 749 343 771 «
370 729 454 774 Sed
472 730 507 773 si
525 730 620 789 quis
637 738 679 773 te
700 729 957 788 percusserit
974 729 1018 772 in
1056 728 1275 772 dexteram
1298 728 1455 773 maxil-

76 818 97 842 »
130 800 216 843 lam
235 809 354 844 tuam
374 835 385 854 ,
410 800 558 860 praebe
593 799 656 843 illi
682 809 725 844 et
755 799 934 843 alteram
956 819 964 844 :
994 818 1012 840 »
1040 815 1129 843 non
1151 799 1266 843 enim
1297 800 1354 843 ait
1380 819 1389 844 z
1414 801 1456 844 Si

27 906 35 913 .
74 870 170 930 quis
191 879 234 914 te
255 871 536 929 percusserit,
563 871 650 914 noli
673 880 720 914 tu
738 879 962 930 percutere
981 891 991 927 3
1013 869 1110 924 sed,
1130 885 1234 928 para
1255 879 1297 913 te
1314 869 1456 914 adhuc

74 941 347 1000 percutienti.
376 941 502 993 Quod
523 940 577 984 ad
598 941 934 984 misericordiam
961 941 1194 1000 pertinere,
1211 939 1256 983 hi
1274 942 1456 984 maxime

75 1010 282 1064 sentiunt,
306 1010 381 1070 qui
404 1010 462 1054 eis
477 1026 585 1070 quos
606 1011 795 1054 multum
816 1010 1024 1068 diligunt,
1043 1019 1251 1069 tanquam
1273 1010 1369 1054 filiis
1389 1008 1456 1054 vel

75 1080 341 1140 quibuslibet
373 1080 659 1124 dilectissimis
695 1081 780 1124 suis
811 1081 1122 1139 &egrotantibus
1153 1080 1346 1124 serviunt
1388 1079 1457 1124 vel

73 1149 260 1209 parvulis
278 1149 345 1194 vel
369 1151 627 1208 phreneticis
655 1169 662 1194 :
687 1167 707 1193 a
728 1151 887 1209 quibus
910 1150 1047 1193 multa
1070 1165 1183 1208 saepe
1212 1150 1454 1209 patiuntur,

76 1221 155 1265 etsi
177 1236 327 1265 eorum
355 1221 468 1265 salus
502 1221 547 1264 id
577 1223 748 1279 exigat,
789 1222 987 1279 praebent
1021 1236 1064 1264 se
1097 1221 1225 1264 etiam
1250 1230 1298 1264 ut
1332 1221 1458 1279 plura
1508 1250 1518 1261 1

73 1291 295 1350 patiantur
316 1327 326 1345 ‚
352 1291 493 1335 donec
513 1291 579 1335 vel
601 1292 737 1335 {etatis
757 1291 823 1336 vel
846 1291 986 1335 morbi
1011 1291 1235 1334 infirmitas
1251 1300 1453 1335 transeat.

74 1364 192 1414 Quos
212 1376 312 1418 ergo
337 1361 545 1406 Dominus
577 1362 768 1406 medicus
791 1363 1054 1417 animarum,
1079 1360 1280 1406 curandis
1314 1361 1459 1421 proxi-

72 1432 151 1476 mis
173 1432 438 1487 instruebat,
465 1434 572 1492 quid
596 1449 666 1476 cos
689 1433 808 1477 aliud
828 1434 982 1477 docere
1003 1442 1174 1492 posset,
1208 1433 1288 1476 nisi
1312 1442 1359 1477 ut
1381 1449 1457 1478 eo-

73 1518 186 1557 rum,
209 1518 397 1562 quorum
411 1502 537 1547 saluti
554 1503 778 1547 consulere
790 1503 967 1559 vellent,
994 1503 1309 1548 imbecillitates
1330 1520 1457 1563 aequo

72 1574 219 1617 animo
244 1573 665 1618 tolerarentPOninis
678 1590 868 1634 namque
887 1575 1139 1634 improbitas
1166 1573 1457 1618 eximbecilli-

72 1652 158 1687 tate
181 1644 311 1687 animi
324 1644 466 1699 venit3
497 1645 597 1704 quia
622 1645 729 1688 nihil
750 1645 1024 1689 innocentius
1046 1654 1109 1689 est
1126 1661 1176 1690 eo
1195 1645 1270 1705 qui
1298 1645 1343 1689 in
1364 1646 1455 1690 vir-

72 1722 168 1757 tute
192 1713 409 1772 perfectus
431 1723 508 1757 est.

129 1786 290 1827 LVIII.
313 1784 458 1836 Quaeri
481 1793 622 1827 autem
643 1793 785 1844 potest
807 1784 914 1844 quid
938 1786 1017 1828 sibi
1039 1785 1145 1830 velit
1167 1785 1340 1830 dextera
1362 1801 1457 1830 ma-

69 1853 183 1897 xilla.
211 1855 277 1898 Sic
299 1854 413 1897 enim
430 1855 476 1897 in
498 1855 814 1913 exemplaribus
838 1857 1001 1913 graecis,
1023 1857 1181 1914 quibus
1200 1858 1335 1917 major
1351 1857 1458 1902 fides

69 1924 270 1968 habenda
293 1934 381 1979 est,
407 1925 626 1969 invenitur
649 1945 656 1969 ;
678 1941 778 1968 nam
801 1927 937 1970 multa
959 1926 1093 1970 latina
1123 1927 1340 1970 maxillam
1366 1936 1459 1972 tan·

70 2003 164 2038 tum
186 1995 350 2038 habent
366 2030 376 2048 ,
410 2011 497 2038 non
522 1995 650 2038 etiam
674 1995 908 2039 dexteram.
934 1997 1080 2041 Facies
1114 2007 1176 2041 est
1198 2007 1343 2041 autem
1372 2014 1458 2058 qua

70 2065 253 2124 quisque
285 2066 586 2122 cognoscitur:
611 2075 653 2109 et
675 2066 856 2124 legimus
886 2067 1003 2126 apud
1024 2069 1280 2128 Apostolum
1303 2088 1311 2114 :
1333 2088 1352 2111 «
1371 2072 1457 2114 To-

73 2153 92 2175 »
127 2134 271 2178 leratis
293 2136 407 2178 enim
431 2135 465 2178 si
487 2136 583 2195 quis
614 2152 688 2180 vos
721 2136 766 2179 in
799 2138 1047 2181 servitutem
1088 2137 1263 2196 redigit,
1299 2139 1331 2182 si
1361 2140 1458 2199 quis

73 2222 94 2245 »
128 2204 332 2260 devorat,
367 2205 400 2248 si
423 2206 517 2265 quis
553 2207 734 2265 accipit,
760 2207 795 2250 si
829 2208 924 2267 quis
954 2207 1174 2251 extollitur
1193 2244 1203 2262 ‚
1238 2209 1271 2252 si
1292 2209 1388 2268 quis
1411 2210 1458 2254 in

73 2292 91 2315 »
127 2274 279 2319 faciem
299 2291 375 2320 vos
398 2275 548 2319 caedit¹
580 2295 587 2320 :
618 2295 637 2317 »
666 2276 824 2321 deinde
845 2279 1055 2322 continuo
1078 2278 1317 2338 subjungit,
1340 2299 1358 2321 «
1388 2282 1459 2325 Se-

71 2362 91 2385 »
127 2344 321 2388 cundum
343 2345 660 2404 ignobilitatem
694 2347 790 2391 dico
819 2367 826 2391 ;
852 2367 869 2387 »
902 2357 948 2391 ut
982 2358 1169 2407 exponat
1189 2348 1295 2408 quid
1326 2350 1379 2394 sit
1412 2350 1458 2394 in

68 2414 221 2459 faciem
235 2415 343 2459 eaedi
364 2451 374 2470 ,
400 2417 483 2461 hoo
508 2427 584 2472 est,
609 2419 830 2462 contemni
855 2428 984 2479 atque
1006 2420 1180 2479 despici.
1207 2420 1335 2472 Quod
1357 2422 1458 2481 qui-

68 2487 167 2530 dem
203 2502 292 2530 non
314 2486 410 2531 ideo
444 2487 548 2532 dicit
571 2490 831 2548 Apostolus,
856 2499 905 2534 ut
922 2490 1016 2534 illos
1049 2507 1137 2535 non
1165 2491 1455 2550 sustinerent3

66 2555 140 2600 sed
166 2566 215 2601 ut
235 2572 279 2600 se
297 2558 432 2615 magis
452 2593 462 2613 ,
488 2560 562 2618 qui
588 2575 658 2604 eos
676 2560 735 2604 sic
759 2560 961 2619 diligeret
984 2570 1032 2605 ut
1053 2576 1097 2604 se
1116 2561 1274 2621 -ipsumz
1291 2577 1369 2624 pro
1399 2563 1458 2607 eis

115 2648 124 2664 ¹
142 2649 161 2672 2
179 2642 250 2672 Cor.
267 2652 310 2682 xl,
333 2650 387 2681 20,
411 2651 466 2674 21.
