1819 3301
386 281 466 318 118
805 289 838 317 s.
876 290 1105 317 AUGUSTINI
1138 289 1318 316 EPISCOPI

376 354 659 400 consentitur.
685 357 742 398 Et
759 356 792 398 si
811 356 986 414 quidem
1006 353 1209 397 omnibus
1228 354 1368 407 bonis,
1395 367 1494 397 cum
1517 352 1678 412 quibus
1699 355 1758 399 eis

377 425 553 469 societas
581 435 665 478 est,
701 425 828 468 etiam
865 424 919 467 de
946 424 1027 467 hac
1060 424 1338 482 perversitate
1366 424 1645 466 innotescunt
1663 457 1673 476 ,
1704 423 1761 466 ab

377 495 569 540 omnium
590 495 760 552 penitus
784 493 1001 547 societate,
1029 498 1159 552 atque
1175 493 1229 536 ab
1251 494 1340 552 ipsa
1362 492 1608 536 divinorum
1627 508 1761 536 sacra-

372 574 622 609 mentorum
648 564 976 623 participatione
1004 573 1258 623 separantur
1292 583 1300 607 ;
1337 564 1371 607 si
1399 572 1544 606 autem
1579 563 1762 622 quibus·-

374 635 473 680 dam
499 635 556 677 ita
586 633 677 677 noti
697 643 820 687 sunt,
848 633 1047 692 pluribus
1079 644 1224 678 autem
1248 635 1327 677 ista
1350 649 1498 677 eorum
1521 630 1584 676 est
1614 634 1761 691 ignota

373 704 655 764 perversitas·,
683 704 742 747 ita
771 703 985 748 tolerandi
1011 714 1134 756 sunt,
1160 705 1273 747 sicut
1301 713 1400 747 ante
1432 702 1761 747 ventilationem

372 773 496 832 palea
518 772 728 817 toleratur
757 773 801 816 in
821 789 933 827 area,
958 783 1009 817 ut
1031 789 1173 831 neque
1191 772 1273 816 illis
1296 774 1351 817 ad
1374 773 1614 832 iniquitatis
1637 787 1759 815 com-

373 843 627 886 munionem
662 844 976 897 consentiatur,
1018 859 1160 902 neque
1198 853 1373 902 propter
1409 842 1505 886 illos
1544 843 1760 886 bonorum

373 913 552 957 societas
592 911 815 956 deseratur
854 932 862 956 :
904 913 987 956 hoc
1012 911 1176 956 faciunt
1208 913 1283 972 qui
1321 913 1484 956 habent
1511 912 1556 955 in
1599 912 1760 970 seipsis

374 982 523 1036 salem,
544 992 587 1025 et
609 997 760 1040 pacem
778 982 942 1025 habent
962 982 1075 1025 inter
1097 997 1155 1024 se.

369 1136 720 1151 mmmmm
726 1136 865 1151 mm
872 1134 1756 1150 mmmmxxvtmvmmmmmmm

866 1256 1083 1302 CAPLT
1138 1257 1242 1300 xit.

377 1398 511 1442 Hinc·
525 1414 671 1456 usqae
693 1396 764 1441 ad
780 1413 972 1441 coenam
993 1396 1194 1441 Domini
1219 1395 1344 1440 unde
1365 1397 1530 1440 omnia
1552 1397 1764 1440 omnium

435 1467 735 1512 considerari
753 1477 1012 1526 Coeperant,
1045 1465 1228 1510 nullam
1254 1465 1313 1509 cle
1337 1466 1514 1510 Marco
1545 1467 1765 1524 qacestio-

434 1554 544 1582 nem
559 1554 659 1582 esse
684 1547 963 1582 tractatam.

436 1673 536 1714 VII.
575 1673 793 1722 SEQmTun
822 1673 993 1714 Marcus
1020 1689 1028 1713 :
1064 1689 1083 1710 «
1119 1672 1175 1713 Et
1203 1669 1305 1713 inde
1336 1685 1549 1728 exurgens
1576 1670 1695 1713 venit
1719 1670 1764 1714 in

379 1759 401 1782 »
436 1741 543 1783 fines
580 1739 745 1783 Judaeae
778 1740 892 1783 ultra
931 1739 1190 1792 Jordanem‚
1224 1749 1267 1783 et
1303 1740 1571 1783 conveniunt
1606 1740 1764 1784 iterum

379 1829 400 1852 »
436 1810 577 1853 turbae
608 1810 663 1853 ad
698 1825 822 1863 eum,
860 1819 902 1852 et
925 1811 1037 1853 sicut
1067 1820 1350 1853 consueverat
1385 1811 1543 1853 iterum
1579 1810 1766 1854 docebat

381 1898 401 1920 η
436 1878 554 1932 illos,
574 1897 592 1918 η
609 1888 691 1921 etc.
711 1894 849 1937 usque
873 1877 925 1921 ad
940 1877 1049 1921 illud
1066 1878 1141 1920 ubi
1163 1879 1220 1920 ait
1241 1897 1249 1922 :
1280 1897 1297 1918 «
1323 1880 1485 1922 Omnes
1503 1880 1616 1922 enim
1630 1894 1681 1921 ex
1695 1894 1762 1932 eo,

382 1968 402 1990 »
437 1948 557 2007 quod
580 1949 832 1991 abundabat
854 1948 951 1999 illis,
977 1948 1188 1991 miseruut
1220 1968 1227 1991 :
1255 1949 1349 1991 haec
1383 1963 1481 1992 vero
1509 1948 1564 1991 de
1586 1949 1765 2007 penuria

381 2037 401 2059 »
437 2034 511 2061 sua
533 2019 675 2061 omnia
696 2032 794 2076 quae
813 2019 966 2061 babuit
983 2018 1111 2071 misit7
1131 2027 1272 2061 totum
1293 2018 1454 2060 victum
1470 2033 1595 2061 suum
1614 2021 1642 2060 ¹.
1673 2036 1692 2058 »
1715 2021 1766 2061 In

377 2089 458 2131 hac
490 2096 579 2130 tota
612 2088 887 2130 contextione
917 2087 1061 2130 omnia
1087 2087 1306 2144 superiora
1336 2087 1607 2130 considerata
1634 2096 1762 2140 sunt,

376 2172 431 2200 ne
453 2156 559 2216 quid
573 2156 825 2199 viderentur
838 2157 998 2199 habere
1015 2157 1280 2199 contrarium
1301 2190 1311 2209 ,
1331 2154 1508 2214 quando
1525 2171 1626 2198 cum
1648 2159 1764 2200 Mat-

376 2227 479 2270 thaei
503 2225 654 2269 ordine
683 2236 861 2269 caeteros
884 2224 1217 2268 conferebamus
1245 2244 1252 2267 ;
1279 2225 1361 2267 boc
1386 2234 1528 2267 autem
1553 2225 1607 2267 de
1636 2224 1764 2268 vidua

377 2295 663 2355 paupercula,
699 2311 798 2353 quae
834 2295 923 2338 duo
946 2295 1114 2337 minuta
1138 2294 1253 2337 misit
1290 2295 1332 2337 in
1369 2293 1725 2352 gazophylacium
1750 2329 1761 2349 ,

377 2365 465 2409 duo
488 2365 565 2408 soli
594 2365 744 2407 dicunt
761 2399 771 2414 ‚
796 2368 967 2408 Marcus
997 2373 1040 2407 et
1069 2366 1204 2406 Lucas
1229 2367 1268 2417 Ἰ,
1294 2363 1367 2406 sed
1392 2364 1483 2406 sine
1507 2363 1596 2407 ulla
1619 2380 1763 2423 quaes-

375 2436 492 2479 tione
519 2434 800 2478 concordant.
841 2435 950 2478 Hinc
977 2435 1067 2493 jam
1101 2449 1238 2493 usque
1263 2434 1319 2477 ad
1351 2450 1524 2477 coenam
1560 2435 1759 2488 Domini,

375 2506 492 2548 unde
523 2505 719 2547 omniurn
746 2504 890 2548 omnia
921 2503 1189 2548 considerata
1214 2504 1490 2547 tractavimus
1508 2539 1518 2558 ,
1546 2519 1634 2548 non
1656 2503 1761 2547 dicit

425 2605 434 2620 ¹
454 2600 549 2629 Marc.
570 2609 602 2637 x,
623 2610 652 2638 1,
673 2603 706 2630 et
724 2610 780 2639 ιιι,
802 2597 856 2639 44.
880 2615 918 2619 -
938 2605 950 2620 ²
970 2601 1046 2630 Luc.
1070 2610 1149 2637 xxii,
1173 2598 1247 2638 1-4.
