1819 3301
348 229 431 269 336
746 240 779 270 S.
816 240 1047 271 AUGUSTINI
1082 243 1261 271 Emscom

816 387 1054 437 QUAEs'rlo
1086 389 1262 429 xxxw.

401 524 419 565 1
428 541 455 565 N
489 520 631 566 villico
661 536 793 580 quem
835 523 1046 565 Dominus
1084 521 1282 581 ejiciebat
1320 521 1374 567 de
1409 523 1606 569 villicatu
1628 526 1659 579 ¹,
1692 535 1734 570 et

339 593 533 637 laudavit
554 608 652 636 eum
676 591 795 653 quod
809 592 855 636 in
872 591 1067 636 futurum
1083 593 1164 637 sibi
1181 596 1464 654 prospexerit,
1482 611 1572 640 non
1589 596 1734 641 omnia

339 665 548 708 debemus
578 664 632 708 ad
659 663 920 708 imitandum
951 679 1135 708 sumere.
1174 667 1270 709 Non
1300 666 1415 710 enim
1447 675 1521 711 aut
1548 667 1734 712 Domino

337 746 485 780 nostro
506 735 703 780 facienda
720 745 782 780 est
799 736 844 779 in
866 734 1013 796 aliquo
1035 736 1175 790 fraus,
1201 745 1251 781 ut
1268 736 1323 780 de
1339 737 1429 796 ipsa
1451 736 1605 782 fraude
1623 737 1734 781 elce-

335 823 538 865 mosynas
560 806 767 852 faciamus
789 826 796 851 :
819 816 894 851 aut
915 822 986 851 eos
1010 823 1031 851 a
1055 808 1216 867 quibus
1238 808 1371 867 recipi
1392 809 1594 853 volumus
1611 809 1655 852 in
1674 818 1733 853 ta-

337 879 572 925 bernacula
590 889 751 924 aeterna
765 915 775 934 ,
798 889 1005 939 tanquam
1024 879 1241 923 debitores
1256 879 1332 924 Dei
1346 889 1389 924 et
1404 880 1578 924 Domini
1596 880 1733 924 nostri

333 950 397 995 sas
419 961 482 996 est
504 951 713 1009 intelligi,
738 966 836 994 cum
855 950 960 1009 justi
979 959 1022 993 et
1038 951 1174 994 sancti
1197 950 1496 1009 significentur
1514 950 1729 1007 hocloco,

333 1024 409 1083 qui
435 1038 507 1067 eos
529 1023 813 1067 introducant
828 1023 871 1065 in
896 1021 1175 1066 tabernacula
1198 1011 1382 1076 aeierna,
1408 1023 1483 1082 qui
1506 1022 1731 1067 necessita-

332 1093 448 1138 tibus
467 1094 553 1138 suis
567 1103 738 1137 terrena
757 1094 871 1137 bona
894 1093 1314 1137 communicaverint
1333 1112 1340 1137 :
1360 1092 1414 1137 de
1427 1093 1587 1154 quibus
1601 1094 1732 1137 etiam

333 1163 463 1214 dicit.
485 1165 604 1225 quod
623 1165 656 1208 si
672 1165 768 1224 quis
791 1163 920 1208 alicui
944 1179 1095 1207 eorum
1115 1163 1291 1208 calicem
1316 1180 1441 1224 aquae
1464 1163 1633 1223 frigidae
1656 1164 1732 1208 de-

331 1235 443 1280 derit
470 1245 642 1279 tantum
671 1235 715 1278 in
739 1234 916 1278 nomine
938 1233 1161 1293 discipuli,
1195 1250 1284 1278 non
1307 1234 1461 1293 perdet
1483 1234 1729 1279 mercedem

330 1322 450 1351 suam
468 1310 508 1363 ²3
533 1306 607 1349 sed
631 1305 761 1349 etiam
780 1320 803 1348 e
816 1303 1033 1348 contrario
1051 1303 1276 1348 ducuntur
1292 1305 1385 1349 istae
1404 1304 1725 1359 similitudines,

329 1387 380 1421 ut
401 1376 692 1434 intelligamus
706 1373 919 1418 silaudari
936 1375 1078 1433 potuit
1093 1374 1167 1418 ille
1190 1391 1213 1418 a
1231 1375 1416 1419 Domino
1436 1376 1512 1435 qui
1528 1374 1729 1419 fraudem

330 1447 541 1502 faciebat,
579 1455 745 1506 quanto
767 1444 952 1504 amplius
976 1443 1176 1504 placeant
1199 1446 1385 1489 Domino
1409 1449 1499 1489 Deo
1514 1481 1524 1499 ,
1551 1445 1628 1505 qui
1659 1460 1729 1489 se-

327 1517 524 1563 cundum
560 1518 650 1577 ejus
673 1524 941 1575 praeceptum
963 1513 1036 1558 illa
1058 1530 1188 1574 opera
1212 1513 1379 1559 faciunt
1407 1535 1415 1560 :
1448 1516 1560 1560 sicut
1595 1516 1726 1560 etiam
1785 1545 1788 1549 Δ

327 1588 382 1633 de
402 1588 550 1648 judice
572 1587 810 1647 iniquitatis
833 1586 908 1645 qui
929 1584 1289 1643 interpellabatur
1306 1601 1329 1629 a
1345 1585 1477 1630 vidua
1495 1587 1527 1641 ³,
1550 1601 1723 1645 compa-

326 1659 540 1704 rationem
563 1657 685 1702 duxit
704 1656 757 1700 ad
771 1656 965 1716 judicem
981 1659 1119 1700 Deum
1132 1691 1142 1710 ,
1161 1656 1233 1700 cui
1251 1655 1372 1700 nulla
1389 1672 1439 1700 ex
1453 1666 1575 1716 parte
1586 1656 1722 1716 judex

325 1731 501 1791 iniquus
514 1727 805 1774 conferendus
819 1736 896 1771 est.
920 1725 1046 1779 Quod
1067 1736 1210 1770 autem
1225 1727 1279 1770 de
1292 1737 1467 1783 cent-um
1484 1727 1599 1772 cadis
1613 1726 1719 1782 olei,

325 1802 642 1863 quinquaginta
673 1798 799 1843 scribi
829 1797 933 1842 fecit
956 1814 978 1841 a
1005 1797 1230 1856 debitore3
1265 1807 1308 1842 et
1336 1797 1391 1842 de
1413 1807 1588 1843 centum
1611 1798 1721 1843 coris

322 1873 481 1927 tritici,
520 1872 762 1928 octoginta,
801 1868 855 1913 ad
890 1868 999 1912 nihil
1028 1867 1146 1912 aliud
1176 1868 1319 1913 valere
1353 1869 1539 1914 arbitror
1570 1869 1651 1914 nisi
1672 1878 1723 1914 ut

323 1959 372 1988 ea
404 1958 503 2004 quac
538 1941 733 1985 similiter
763 1950 893 2000 atque
921 1940 967 1983 in
1006 1940 1173 1984 Levitas
1204 1939 1373 1995 Judaei,
1409 1941 1593 2000 quisque
1621 1955 1721 2000 ope-

323 2024 444 2059 ratur
461 2015 506 2057 in
519 2012 679 2059 Christi
697 2010 949 2065 Ecclesiam,
971 2010 1166 2054 abundet
1177 2011 1344 2071 justitia
1359 2013 1449 2071 ejus
1464 2026 1593 2070 super
1607 2011 1722 2056 Scri-

322 2087 476 2130 barum
499 2095 542 2130 et
564 2083 880 2129 Pharisaeorum
897 2082 929 2136 ⁴,
952 2090 1001 2125 ut
1025 2096 1126 2125 cum
1148 2080 1210 2124 illi
1232 2081 1419 2125 decimas
1440 2081 1616 2137 darent,
1647 2082 1718 2126 isti

322 2157 522 2202 dimidias
545 2157 651 2200 dent
672 2174 680 2199 :
706 2154 817 2198 sicut
838 2168 928 2197 non
948 2151 1003 2196 de
1020 2151 1234 2196 fructibus
1250 2187 1260 2207 ,
1291 2152 1365 2196 sed
1388 2152 1443 2196 de
1469 2152 1569 2212 ipsis
1590 2153 1715 2197 bonis

319 2230 407 2274 suis
431 2228 533 2273 fecit
558 2227 789 2272 Zacchaeus
806 2227 820 2250 5
839 2244 848 2269 ;
876 2233 950 2267 aut
967 2232 1083 2267 certe
1097 2222 1292 2282 duplicet
1313 2223 1525 2268 decimam
1544 2233 1594 2267 ut
1607 2223 1714 2268 duas

320 2300 507 2344 decimas
522 2298 669 2344 dando
690 2304 864 2356 superet
883 2294 1102 2354 impendia
1123 2293 1393 2338 Judoeorum,
1430 2314 1448 2336 «
1463 2298 1711 2339 Mammona

321 2391 341 2413 >›
361 2388 463 2417 vero
486 2369 756 2430 iniquitatis»
782 2368 838 2412 oh
860 2368 942 2410 hoc
965 2382 987 2409 a
1012 2365 1196 2409 Domino
1217 2365 1429 2425 appellata
1451 2376 1514 2410 est
1535 2366 1613 2410 ista
1631 2382 1709 2424 pe-

318 2444 461 2498 cunia,
479 2457 610 2501 quam
626 2439 895 2502 possidemus
909 2437 961 2482 ad
972 2446 1157 2496 tempus,
1170 2437 1269 2496 quia
1285 2439 1532 2481 Mammona
1545 2437 1708 2482 divitiae

367 2547 373 2562 ¹
395 2541 559 2582 Luc.xv17
583 2549 655 2580 1—9‚
672 2554 713 2560 -
734 2543 745 2559 ²
762 2535 882 2567 Matth.
899 2545 932 2575 x,
953 2533 1054 2576 42—
1075 2531 1087 2556 3
1110 2535 1186 2566 Luc¹
1208 2541 1300 2576 xvm,
1320 2542 1351 2566 2.
1365 2551 1406 2557 -—
1424 2533 1438 2564 4
1457 2534 1579 2567 Matth.
1598 2545 1632 2576 v,
1648 2543 1702 2567 20.

317 2613 358 2619 ——
377 2595 391 2619 5
406 2598 483 2629 Luc.
503 2607 571 2635 xix,
596 2597 629 2628 8.
