1819 3301
302 297 356 323 DE
387 292 594 323 CONSENSU
626 289 1034 331 EvAumzusTAnum,
1069 292 1153 320 Lm.
1188 292 1254 318 111.
1419 282 1474 321 89

97 360 212 404 mina
231 394 242 415 ,
267 368 310 403 et
327 358 563 403 discessisse
585 358 838 413 mirantem,
862 371 963 401 cum
986 358 1175 400 Joannes
1192 355 1308 400 dicat
1327 371 1372 400 se
1392 372 1475 416 po-

96 431 181 474 tius
202 431 260 474 ita
282 429 455 483 vidisse,
472 429 554 471 hoc
577 436 654 481 est,
674 425 943 486 Discipulum
965 425 1089 470 illum
1111 441 1241 486 quem
1267 424 1475 485 diligebat

96 503 219 544 Jesus
234 533 246 554 ,
271 515 359 543 non
374 498 552 542 intrasse
573 498 619 540 in
640 505 971 541 monumentum
990 532 1000 552 ,
1025 512 1113 557 quo
1134 496 1251 556 prior
1266 505 1471 553 venerat,

96 571 172 614 sed
201 585 299 614 cum
325 585 367 614 se
384 569 630 613 inclinasset
644 566 800 612 vidisse
822 567 962 627 posita
976 567 1251 612 linteamina:
1272 566 1348 611 sed
1361 578 1403 612 et
1415 583 1478 612 se-

95 641 234 699 ipsum
258 649 405 698 postea
428 639 534 684 dicit
553 640 746 683 intrasse.
766 640 833 682 Ita
849 646 892 682 et
913 641 1066 682 Petrus
1089 636 1394 696 intelligendus
1412 648 1475 683 est

90 711 232 770 primo
270 709 562 769 procumbens
591 708 744 752 vidisse
767 743 778 763 ,
814 707 936 768 quod
963 711 1101 753 Lucas
1135 718 1471 765 commemorat,

91 784 278 825 Joannes
294 789 405 824 tacet
423 802 433 838 3
455 789 550 839 post
572 788 718 824 autem
735 779 972 838 ingressus,
995 779 1069 824 sed
1092 780 1306 838 ingressus
1328 789 1473 824 tamen

89 862 321 913 antequam
339 855 526 896 Joannes
548 852 753 907 intraret,
782 860 832 895 ut
864 866 1013 896 omnes
1034 867 1186 896 verum
1204 851 1358 896 dixisse
1383 852 1474 897 sine

89 922 178 967 ulla
201 923 487 982 repugnantia
511 923 792 982 reperiantur.

148 996 306 1038 LXXI.
332 992 450 1037 Ordo
474 1008 576 1051 ergo
612 1008 757 1036 rerum
780 993 856 1053 qui
878 1008 967 1037 esse
988 993 1157 1053 potuit,
1184 992 1473 1054 quemadmo-

89 1064 195 1108 dum
214 1064 439 1118 Dominus,
457 1072 635 1122 excepto
655 1063 775 1123 quod
787 1064 876 1123 jam
894 1063 1149 1108 mulieribus
1169 1064 1342 1109 locutus
1364 1074 1470 1121 erat,

90 1135 219 1179 etiarn
237 1134 429 1178 maribus
452 1133 679 1193 Discipulis
705 1134 818 1177 visus
840 1133 987 1189 fuerit,
1013 1135 1254 1178 secundum
1277 1136 1475 1180 testimo-

89 1206 158 1249 nia
180 1220 269 1250 non
291 1204 431 1249 solum
463 1214 651 1265 quatuor
676 1203 1071 1262 Evangelistarum,
1098 1204 1174 1248 sed
1199 1205 1328 1249 etiam
1351 1207 1475 1250 Pauli

89 1274 271 1334 apostoli
290 1310 301 1330 ,
342 1274 638 1319 contexendus
670 1284 714 1318 et
746 1273 1110 1319 demonstrandus
1148 1283 1224 1319 est.
1265 1276 1474 1320 Omnium

89 1361 190 1404 ergo
211 1346 402 1390 virorum
432 1346 572 1405 primo
603 1345 847 1405 apparuisse
870 1345 1128 1405 intelligitur
1152 1350 1302 1403 Petro,
1334 1363 1386 1391 ex
1408 1348 1474 1392 his

89 1416 303 1461 duntaxat
331 1417 536 1462 omnibus
571 1433 679 1477 quos
711 1416 997 1475 Evangelistae
1029 1426 1218 1477 quatuor
1239 1426 1282 1462 et
1313 1419 1474 1463 Paulus

89 1487 310 1547 apostolus
338 1497 801 1533 commemoraverunt.
828 1490 1048 1532 Caeterum
1071 1489 1105 1532 si
1126 1489 1327 1548 apparuit
1344 1488 1475 1534 alicui

88 1573 237 1602 eorum
267 1558 384 1616 prius
412 1573 543 1618 quam
578 1562 706 1610 Petro
724 1594 734 1612 ,
770 1558 891 1618 quod
912 1573 1061 1602 omnes
1095 1567 1353 1614 tacuerunt,
1379 1560 1475 1620 quis

88 1627 158 1672 vel
176 1627 318 1672 dicere
341 1627 499 1672 audeat
520 1628 587 1671 vel
608 1631 951 1688 negarePNeque
966 1628 1081 1672 enim
1099 1639 1143 1673 et
1160 1629 1318 1673 Paulus
1337 1629 1471 1676 dixit:

87 1699 302 1758 Apparuit
326 1699 467 1758 primo
489 1700 650 1758 Cephae
665 1735 675 1754 ,
702 1699 798 1754 sed,
824 1719 843 1741 «
863 1701 1076 1758 Apparuit
1094 1735 1104 1755 ,
1124 1701 1292 1760 inquit,
1313 1702 1474 1761 Cephae

91 1787 111 1811 »
146 1780 294 1829 postea
318 1770 566 1824 duodecim,
593 1770 751 1814 deinde
774 1771 975 1829 apparuit
995 1771 1093 1830 plus
1112 1787 1244 1831 quam
1264 1773 1476 1832 quingen-

91 1858 111 1881 »
147 1840 198 1884 tis
230 1838 437 1884 fratribus
467 1840 641 1883 simul1.
675 1858 694 1880 »
730 1841 797 1884 Sic
829 1850 974 1884 autem
1004 1857 1092 1885 non
1115 1852 1293 1901 apparet
1315 1843 1474 1903 quibus

87 1909 346 1966 duodecim,
373 1910 746 1970 quemadmodum
776 1927 856 1955 nec
886 1912 1045 1971 quibus
1072 1912 1336 1972 quingentis.
1363 1915 1475 1958 Fieri

88 1981 202 2024 enim
220 1990 362 2040 potest
383 1990 432 2025 ut
458 1979 512 2024 de
536 1981 664 2025 turba
686 1981 1006 2041 Discipulorum
1030 1982 1193 2027 fuerint
1216 1983 1284 2027 isti
1307 1983 1475 2029 duode-

87 2044 333 2095 cim'nescio
355 2052 446 2111 qui.
473 2054 579 2096 Nam
604 2051 698 2096 illos
721 2068 831 2112 quos
853 2053 1080 2112 Apostolos
1102 2054 1358 2110 nominavit,
1385 2071 1474 2100 non

82 2123 171 2182 jam
194 2122 450 2177 duodecim,
472 2122 545 2166 scd
569 2122 774 2167 undecim
792 2123 970 2179 diceret,
993 2125 1105 2168 sicut
1127 2124 1328 2169 nonnulli
1345 2127 1474 2171 etiam

87 2192 256 2237 codices
278 2193 469 2250 habent,
494 2194 613 2253 quod
639 2193 769 2238 credo
799 2195 1072 2253 perturbatos
1098 2196 1295 2239 homines
1325 2212 1473 2241 emen·

87 2263 207 2307 dasse
222 2298 232 2318 ,
258 2272 460 2322 putantes
486 2263 540 2308 de
562 2263 643 2308 illis
666 2264 898 2309 duodecim
926 2266 1143 2325 Apostolis
1167 2266 1332 2311 dictum
1352 2302 1363 2324 ,
1397 2270 1473 2328 qui

81 2335 171 2393 jam
193 2336 217 2378 J
222 2333 305 2377 uda
323 2335 511 2379 extincto
532 2334 736 2379 undecim
757 2346 895 2381 erant.
915 2337 999 2381 Sed
1020 2338 1108 2382 sive
1126 2337 1187 2381 illi
1210 2339 1379 2383 codices
1401 2355 1473 2384 ve-

86 2405 174 2448 rius
201 2405 392 2450 habeant
428 2405 501 2465 qui
534 2405 737 2450 undecim
774 2407 960 2463 habent,
999 2408 1086 2452 sive
1121 2408 1225 2452 alios
1259 2410 1471 2469 quosdam

87 2475 319 2519 duodecim
342 2476 581 2536 Discipulos
605 2477 762 2522 Paulus
785 2478 890 2523 velit
916 2478 1121 2537 intelligi,
1149 2480 1236 2523 sive
1254 2490 1466 2525 sacratum

88 2545 212 2589 illum
246 2561 478 2591 numerum
509 2548 637 2592 etiam
667 2550 712 2591 in
749 2547 953 2594 undecim
988 2558 1099 2594 stare
1131 2549 1343 2607 voluerit,
1369 2552 1471 2611 qula

136 2637 145 2653 ¹
170 2641 180 2661 1
203 2632 275 2663 Cor.
296 2641 353 2672 xv,
372 2630 402 2662 5.
