1819 3301
368 203 422 245 34
806 217 838 243 5.
876 217 1105 248 mausum
1139 219 1320 249 Episcopi

361 297 438 343 per
465 283 730 342 Prophetam
748 317 760 339 ,
795 283 872 328 sed
900 284 1149 329 Zachariam
1183 303 1192 330 ;
1222 283 1342 328 unde
1373 292 1552 343 putatur
1587 283 1758 328 codices

358 368 448 398 esse
470 352 702 398 mendosos
723 353 800 414 qui
824 354 991 398 habent
1012 369 1175 398 nomen
1196 353 1398 398 Jeremiae
1415 388 1427 408 ‚
1452 351 1554 412 quia
1581 351 1650 396 vel
1673 355 1758 397 Za*

356 425 515 471 chariae
535 425 698 471 habere
720 424 992 481 debuerunt,
1016 425 1089 470 vel
1110 424 1276 470 nullius
1297 461 1308 481 ,
1335 426 1449 470 sicut
1465 423 1662 485 quidam,
1681 423 1758 471 sed

358 505 530 541 tantum
556 515 576 539 «
606 500 688 541 Per
710 497 976 555 Prophetam
999 496 1219 541 dicentem
1236 532 1247 552 ,
1271 515 1291 538 »
1318 495 1395 556 qui
1420 495 1573 555 utique
1593 494 1757 559 intelli-

361 567 477 626 gitur
508 566 750 612 Zacharias.
778 565 863 611 Sed
891 575 1040 612 utatur
1060 567 1142 612 ista
1164 565 1447 621 defensione,
1484 565 1556 610 cui
1576 565 1721 626 placet
1745 584 1756 616 ς

361 638 466 682 1111111
484 647 631 682 autem
653 653 730 682 eur
750 653 841 682 non
863 637 1055 698 placeat,
1073 638 1168 682 haec
1191 653 1319 682 causa
1337 645 1417 692 est,
1435 638 1539 698 quia
1552 646 1595 681 et
1611 636 1758 698 plures

356 707 526 752 codices
547 707 714 752 habent
735 710 759 752 J
765 708 936 752 eremiae
959 724 1145 766 nomen3
1166 718 1210 752 et
1223 709 1299 769 qui
1314 707 1567 766 diligentius
1584 708 1632 752 in
1652 723 1757 767 grae-

352 779 410 822 cis
429 778 750 838 exemplaribus
783 778 1075 838 Evangelium
1108 778 1528 834 consideraverunt,
1559 779 1606 822 in
1640 778 1756 822 anti-

355 849 582 909 quioribus
605 849 754 908 graecis
777 849 836 893 ita
859 865 903 893 se
927 849 1161 908 perhibent
1182 849 1397 893 invenisse
1422 869 1431 894 :
1458 858 1502 893 et
1529 848 1651 893 nulla
1674 847 1759 893 fuit

358 935 485 964 causa
515 935 593 964 cur
627 920 862 965 adderetur
884 920 968 963 hoc
1000 934 1190 973 nomen,
1223 928 1273 963 ut
1310 918 1573 964 mendositas
1595 920 1718 964 fieret
1744 937 1754 964 ε

360 1005 439 1034 cur
460 999 607 1034 autem
633 989 688 1033 de
709 989 931 1034 nonnullis
953 989 1178 1034 codicibus
1200 987 1429 1033 tolleretur
1445 1023 1456 1044 ,
1488 988 1576 1033 fuit
1606 989 1758 1049 utique

361 1075 516 1114 causa,
546 1069 596 1105 ut
627 1060 712 1105 hoc
742 1059 884 1104 audax
914 1059 1128 1119 imperitia
1150 1059 1339 1114 faceret,
1375 1075 1477 1104 cum
1506 1058 1758 1104 turbaretur

356 1130 596 1190 quaestione
617 1165 628 1186 ,
653 1130 774 1190 quod
813 1131 895 1175 hoc
915 1130 1217 1175 testimonium
1247 1129 1367 1190 apud
1399 1129 1630 1174 Jeremiam
1668 1145 1757 1175 non

356 1200 641 1245 inveniretur.

417 1273 560 1315 XXX.
579 1271 697 1325 Quid
718 1285 819 1329 ergo
840 1270 1175 1329 intelligendum
1194 1280 1274 1327 est,
1296 1272 1377 1316 nisi
1395 1272 1478 1316 hoc
1501 1280 1647 1315 actum
1668 1285 1758 1315 esse

359 1342 587 1390 secretiore
612 1341 794 1387 consilio
830 1341 1116 1401 providentiae
1152 1342 1256 1397 Dei,
1292 1358 1379 1402 qua
1419 1351 1586 1386 mentes
1611 1345 1758 1387 Evan-

361 1411 611 1470 gelistarum
635 1421 737 1457 sunt
754 1412 1040 1471 gubernatae?
1066 1412 1215 1457 Potuit
1237 1411 1353 1457 enim
1376 1411 1494 1467 fieri,
1532 1421 1582 1456 ut
1610 1411 1758 1456 animo

359 1483 559 1528 =v1atthaei
576 1484 865 1542 Evangelium
883 1483 1195 1528 conscribentis
1219 1498 1298 1542 pro
1327 1482 1533 1526 Zacharia
1551 1482 1759 1527 Jeremias

363 1564 636 1609 occurreret
662 1563 710 1598 ut
740 1554 832 1598 sieri
857 1553 988 1608 solet,
1023 1553 1149 1618 quod
1168 1563 1314 1597 tamen
1336 1552 1428 1597 sine
1461 1550 1551 1596 ulla
1579 1551 1757 1596 dubita-

364 1623 482 1668 tione
499 1623 767 1680 emendaret,
785 1625 937 1669 saltem
950 1625 1005 1669 ab
1022 1624 1114 1669 aliis
1130 1625 1394 1680 admonitus,
1409 1624 1486 1685 qui
1503 1625 1595 1684 ipso
1614 1623 1758 1668 adhuc

362 1693 408 1738 in
429 1710 559 1739 carne
591 1695 763 1739 vivente
786 1696 869 1740 1100
892 1694 1033 1753 legere
1057 1704 1324 1755 potuerunt,
1352 1694 1435 1738 nisi
1456 1694 1665 1754 cogitaret
1688 1709 1758 1738 re-

363 1764 605 1810 cordationi
624 1782 714 1810 suae
728 1801 738 1820 ‚
765 1782 864 1826 quae
886 1775 1034 1810 sancto
1057 1765 1221 1825 Spiritu
1241 1765 1475 1823 regebatur
1492 1800 1504 1820 ‚
1529 1780 1619 1809 non
1639 1764 1759 1809 frus-

367 1844 429 1879 tra
448 1835 680 1879 occurrisse
702 1835 821 1879 aliud
845 1852 922 1894 pro
945 1835 1029 1880 alio
1057 1851 1219 1879 nomen
1251 1836 1506 1894 Prophetae,
1546 1835 1627 1879 nisi
1658 1835 1760 1895 quia

367 1906 427 1950 ita
460 1907 670 1951 Dominus
707 1908 791 1951 hoc
826 1906 955 1951 scribi
987 1907 1226 1951 constituit.
1253 1908 1343 1951 Cur
1370 1916 1517 1950 autem
1543 1907 1602 1950 ita
1638 1922 1762 1950 cons-

375 1977 538 2020 tituerit
574 1977 810 2032 Dominus,
834 1978 973 2036 prima
1003 1976 1076 2021 illa
1109 1992 1239 2022 causa
1267 1975 1493 2021 utilissima
1528 1976 1661 2020 debet
1695 1974 1760 2021 fa-

371 2047 531 2092 cillime
570 2048 747 2106 cogitari
767 2082 778 2102 ‚
817 2048 944 2091 etiam
977 2047 1038 2090 sie
1069 2063 1157 2091 esse
1186 2047 1456 2092 insinuatum
1475 2082 1486 2102 ‚
1523 2048 1582 2092 ita
1611 2062 1761 2091 omnes

370 2127 542 2162 sanctos
576 2118 814 2176 Prophetas
848 2133 937 2162 uno
958 2117 1121 2176 Spiritu
1156 2117 1326 2162 locutos
1363 2116 1553 2162 mirabili
1584 2118 1697 2162 inter
1718 2133 1762 2161 se

373 2188 656 2232 consensione
687 2196 907 2242 constare,
940 2196 989 2231 ut
1016 2188 1099 2232 1100
1132 2188 1273 2232 multo
1303 2187 1490 2247 amplius
1511 2187 1596 2241 sit,
1630 2203 1764 2248 quam

377 2259 411 2304 si
436 2259 632 2303 omnium
661 2259 806 2303 omnia
841 2259 1156 2318 Prophetarum
1196 2275 1286 2304 uno
1316 2259 1446 2303 unius
1473 2258 1662 2307 hominis
1690 2272 1764 2303 ore

377 2329 623 2375 dicerentur
665 2349 673 2374 :
715 2339 758 2374 et
791 2329 889 2374 ideo
928 2328 1228 2373 indubitanter
1269 2330 1406 2390 accipi
1441 2330 1602 2374 debere
1639 2345 1764 2390 (11130-

377 2416 567 2461 cumque
601 2415 676 2460 per
708 2416 779 2444 eos
818 2400 1001 2459 Spiritus
1034 2409 1207 2444 sanctus
1236 2399 1364 2456 dixit,
1395 2409 1439 2445 et
1475 2399 1643 2459 singula
1675 2415 1765 2449 0550

375 2471 573 2520 omnium
589 2506 600 2527 ,
625 2480 669 2516 et
689 2471 833 2517 omnia
850 2469 1139 2529 singulorum.
1164 2472 1277 2516 Cum
1295 2470 1449 2529 igitur,
1474 2480 1518 2515 et
1531 2487 1633 2531 quae
1649 2467 1765 2516 dicta

376 2550 477 2586 sunt
497 2557 574 2602 per
591 2541 822 2586 Jeremiam
845 2549 935 2586 tam
957 2541 1042 2586 sint
1064 2541 1281 2586 Zachariae
1301 2556 1435 2601 quam
1469 2541 1691 2598 Jeremiae,
1720 2550 1764 2586 et
