1819 3301
747 231 894 260 mnnx.
1430 220 1514 262 493

315 370 769 437 QUAESTIONUM
806 368 1333 422 EVANGELIORUM

687 525 828 565 LIBRI
852 526 972 565 DUO.

137 663 298 707 Prologus.
1352 675 1431 709 pag.
1457 668 1520 698 279

136 720 233 753 Tituli
250 719 464 759 Quaestionum
482 720 555 753 libri
569 720 664 764 primi
681 719 712 753 in
733 719 938 763 Evangelium
958 719 1133 754 secundum
1155 720 1357 755 Matthaeum.
1457 723 1522 754 250

138 776 233 812 Tituli
245 776 460 816 Quaestionum
477 777 551 810 libri
568 776 701 811 secundi
713 777 746 810 iu
761 778 969 821 Evangelium
986 778 1160 812 secundum
1182 780 1314 813 Lucam.
1457 779 1521 810 283

140 1037 333 1077 Quaestiones
349 1036 382 1071 in
402 1036 606 1081 Evangelium
622 1038 797 1072 secundum
816 1037 1018 1072 Matthaeum.
1459 1035 1523 1067 0286

140 1294 338 1334 Quaestiones
353 1293 385 1326 in
400 1292 603 1337 Evangelium
618 1294 794 1328 secundum
811 1296 942 1329 Lucam.
1464 1292 1527 1323 306

342 1415 822 1477 QUAESTIONUM
857 1413 1341 1465 SEPTEMDECIM

647 1568 821 1612 LIBER
863 1568 1026 1614 UNUS.

142 1696 334 1739 Quaestiones
352 1695 585 1739 septemdecim
603 1694 636 1728 in
651 1694 855 1738 Evangelium
873 1693 1047 1728 secundum
1068 1693 1267 1727 Matthaeurn.
1463 1694 1526 1723 363

142 1751 289 1786 Praefatio
308 1751 426 1785 incerti
441 1750 593 1785 auctoris.
1464 1753 1527 1782 383

405 1877 473 1923 IN
508 1874 787 1922 JOANNIS
821 1873 1268 1923 EVANGELIUM

619 2012 916 2051 TRACTATUS
944 2012 1049 2055 1-V1.

167 2141 350 2172 ‘nummus
394 2151 418 2172 1.
446 2139 488 2171 In
507 2137 599 2171 illud
618 2140 786 2172 Joanm's:
809 2141 845 2170 In
872 2138 1029 2181 principio
1046 2141 1116 2170 erat
1133 2136 1294 2178 Verbum,
1319 2139 1352 2168 et
1366 2138 1443 2168 Ver-

480 2195 559 2227 bum
577 2199 647 2227 erat
671 2194 755 2237 apud
782 2197 882 2226 Deum
895 2219 904 2235 ‚
926 2197 959 2226 et
982 2196 1064 2226 Deus
1088 2197 1157 2226 erat
1172 2192 1311 2224 Verbum
1326 2216 1335 2234 ‚
1353 2199 1417 2224 etc.
1432 2216 1443 2232 ‚

480 2262 588 2296 usque
605 2249 654 2282 ad
666 2249 707 2282 id
715 2268 722 2282 .-
745 2252 784 2282 Et
801 2249 942 2282 tenebrae
958 2259 1027 2281 eam
1045 2259 1106 2280 non
1120 2247 1442 2291 comprehenderunt.
1469 2249 1532 2280 385

391 2305 423 2341 i1.
452 2308 501 2339 De
519 2318 556 2338 eo
575 2304 670 2352 quod
683 2307 846 2348 scriplum
863 2313 914 2337 est
925 2324 932 2338 .·
954 2305 1025 2337 Fuit
1041 2305 1135 2337 homo
1155 2305 1265 2338 missus
1282 2315 1299 2336 a
1313 2307 1378 2336 Deo
1394 2304 1446 2337 cui

480 2373 596 2394 nomen
613 2367 683 2394 erat
698 2364 856 2404 Joannes,
873 2369 955 2401 etc„
975 2373 1076 2405 usque
1098 2360 1210 2394 adid.-
1231 2361 1360 2394 Plenum
1381 2372 1446 2403 gra·

483 2418 534 2450 tiae
550 2422 585 2451 et
598 2418 757 2451 veritatis.
1470 2418 1535 2450 400

372 2485 417 2507 ιιι.
445 2474 494 2507 Ab
521 2487 558 2507 eo
584 2473 679 2521 quod
691 2475 854 2517 scriptum
880 2481 931 2506 est
947 2492 954 2505 .·
974 2476 1110 2507 Joannes
1128 2473 1344 2507 testimonium
1367 2485 1446 2516 per-

485 2531 575 2564 hibet
591 2532 632 2563 de
646 2531 726 2574 ipso,
745 2538 808 2563 etc.
826 2543 929 2576 usqne
947 2529 1056 2570 adid,
1075 2531 1255 2574 Unigenitus
1273 2530 1380 2573 Filius,
1394 2530 1448 2574 qui

490 2591 538 2620 est
556 2588 586 2619 in
601 2587 671 2620 sinu
688 2588 788 2620 Patris
802 2612 810 2629 ,
826 2587 894 2629 ipse
908 2587 1082 2620 enarravit.
1472 2588 1535 2618 413
