1819 3301
336 303 390 342 90
762 315 795 341 s.
831 310 1063 341 mausum
1094 311 1276 340 zrrscom

333 378 628 425 duodenarius
669 381 713 424 in
744 381 802 425 eis
835 394 1042 424 numerus
1074 379 1132 423 ita
1162 378 1368 437 mysticus
1397 387 1509 434 erat,
1550 388 1601 424 ut
1633 394 1724 424 non

333 461 477 511 posset
498 451 543 495 in
564 451 711 496 locum
733 454 758 495 J
763 450 860 495 udae
882 450 962 494 nisi
980 450 1110 505 alius,
1136 448 1181 494 id
1198 458 1287 505 est,
1313 450 1517 494 Matthias
1539 449 1595 494 ad
1619 465 1725 495 con-

333 524 593 568 servandum
630 532 948 569 sacramentum
984 522 1179 583 ejusdem
1218 522 1386 566 numeri
1423 522 1649 580 subrogari
1669 524 1682 549 ¹
1709 543 1721 580 3

332 595 563 656 quodlibet
583 610 685 654 ergo
715 609 864 639 eorum
896 596 976 650 sit,
1011 593 1121 638 nihil
1148 592 1251 637 inde
1273 593 1436 648 existit,
1469 592 1590 653 quod
1611 593 1725 637 veri-

333 666 410 710 tati
431 665 498 710 vel
520 665 697 710 istorum
723 664 850 709 alicui
872 664 1144 709 veracissimo
1165 665 1376 708 narratori
1395 679 1637 723 repugnare
1658 664 1726 708 vi-

333 736 486 780 deatur
511 755 520 780 2
550 735 834 796 probabiliter
874 744 1019 779 tamen
1051 733 1243 780 creditur
1273 743 1558 795 posteaquam
1596 736 1725 779 Petro

333 807 560 866 apparuit,
587 806 744 851 deinde
767 809 1014 866 apparuisse
1042 807 1132 850 istis
1164 804 1337 851 duobus
1356 841 1366 861 ,
1409 821 1596 866 quorum
1634 815 1725 851 erat

333 893 446 922 unus
474 877 717 937 Cleophas,
743 877 797 921 de
825 877 985 936 quibus
1008 879 1145 920 Lucas
1175 884 1317 920 totum
1350 886 1496 920 narrat
1513 911 1524 931 ,
1553 879 1725 920 Marcus

333 957 478 992 autem
501 948 688 991 breviter
710 949 768 991 ita
785 947 1035 1006 perstringit
1057 965 1065 990 :
1088 965 1108 987 «
1129 949 1232 990 Post
1253 946 1348 990 haec
1370 955 1534 1001 autem,
1561 946 1721 1006 inquit,

337 1039 354 1060 »
391 1018 565 1062 duobus
587 1034 638 1062 ex
659 1019 718 1061 eis
737 1016 1065 1061 ambulantibus
1087 1026 1283 1061 ostensus
1300 1025 1365 1061 est
1388 1017 1434 1061 in
1456 1015 1539 1060 alia
1557 1016 1722 1074 effigie,

336 1107 356 1130 »
393 1089 598 1133 euntibus
620 1089 664 1132 in
686 1088 879 1132 villam2.
910 1106 929 1129 η
951 1087 1189 1133 Castellum
1212 1087 1375 1147 quippe
1399 1086 1511 1130 illud
1532 1102 1622 1131 non
1645 1088 1726 1131 ab·

333 1160 462 1204 surde
491 1160 725 1220 accipimus
759 1160 887 1204 etiam
918 1159 1066 1203 villam
1098 1160 1291 1218 potuisse
1331 1158 1568 1218 appellari,
1606 1158 1727 1218 quod

333 1247 452 1275 nunc
471 1233 562 1291 jam
580 1231 825 1291 appellatur
839 1231 929 1290 ipsa
945 1230 1217 1286 Bethlehem,
1233 1246 1332 1291 quae
1347 1230 1495 1274 civitas
1507 1238 1632 1273 antea
1645 1245 1726 1274 vo-

333 1303 462 1347 citata
485 1312 575 1358 est3
608 1303 804 1362 quamvis
835 1318 954 1346 nunc
989 1302 1043 1345 sit
1065 1303 1243 1346 honoris
1281 1299 1522 1360 amplioris,
1548 1301 1727 1345 nomine

332 1373 527 1427 Domini,
551 1373 595 1416 in
624 1373 699 1432 qui
722 1371 795 1417 illa
828 1381 954 1416 natus
986 1381 1074 1425 est,
1110 1371 1170 1416 sic
1192 1387 1270 1431 per
1292 1370 1506 1416 Ecclesias
1528 1371 1726 1415 omnium

333 1445 526 1502 gentium
558 1444 800 1489 diffamato.
833 1447 890 1488 Et
910 1444 954 1487 in
983 1442 1207 1488 codicibus
1233 1442 1414 1503 quidem
1440 1442 1573 1501 grecis
1591 1441 1726 1500 magis

331 1530 483 1574 agrum
507 1515 769 1570 invenimus,
795 1524 846 1560 Εἰς
865 1523 970 1568 ἀγρόν,
999 1531 1131 1575 quam
1161 1513 1308 1558 villam
1329 1533 1337 1558 :
1365 1514 1454 1571 agri
1475 1523 1621 1557 autem
1643 1528 1727 1557 no-

331 1587 448 1630 mine
470 1603 558 1631 non
588 1585 762 1630 castella
790 1595 963 1630 tantum
981 1622 991 1641 ,
1016 1588 1300 1630 verumetiam
1326 1585 1564 1644 municipia
1589 1593 1632 1628 et
1653 1600 1728 1629 co-

330 1657 461 1701 loniae
488 1656 628 1701 solent
651 1656 796 1700 vocari
827 1665 946 1699 extra
978 1656 1196 1700 civitatem
1214 1691 1224 1710 ,
1262 1671 1361 1716 quae
1383 1664 1514 1714 caput
1536 1663 1579 1698 et
1602 1655 1726 1714 quasi

332 1736 470 1770 mater
492 1736 556 1770 est
577 1735 831 1771 caeterarum
849 1761 859 1780 ,
885 1725 1004 1769 unde
1025 1725 1278 1785 metropolis
1301 1723 1563 1784 appellatur.

395 1799 572 1841 LXXII.
603 1796 728 1849 Quod
751 1805 897 1840 autem
922 1797 980 1840 ait
1002 1799 1174 1841 Marcus
1195 1832 1205 1850 ,
1234 1797 1291 1840 eis
1310 1797 1355 1839 in
1377 1795 1459 1840 alia
1481 1795 1624 1852 effigie
1639 1797 1728 1839 Do-

331 1868 500 1911 minum
530 1868 775 1926 apparuisse
792 1901 802 1921 ,
838 1868 920 1910 hoc
954 1870 1092 1909 Lucas
1120 1866 1252 1920 dicit,
1287 1865 1408 1924 quod
1431 1880 1583 1909 eorum
1610 1865 1727 1909 oculi

332 1937 596 1982 tenebantur
614 1953 667 1981 ne
688 1945 972 1995 agnoscerent
993 1951 1110 1979 eum.
1131 1935 1279 1979 Oculis
1301 1936 1464 1995 quippe
1482 1950 1634 1979 eorum
1652 1951 1726 1979 ac-

332 2008 494 2052 ciderat
517 2007 682 2067 aliquid
699 2043 708 2061 ,
732 2006 850 2067 quod
874 2007 932 2050 ita
952 2021 1129 2049 manere
1152 2006 1409 2065 permissum
1431 2014 1495 2049 est
1515 2020 1654 2064 usque
1671 2005 1725 2049 ad

332 2078 584 2123 fractionem
608 2079 730 2136 panis
745 2112 755 2131 ,
790 2078 895 2121 certi
926 2076 1119 2133 mysterii
1148 2091 1274 2119 causa
1292 2111 1302 2129 ,
1324 2085 1373 2120 ut
1399 2076 1458 2119 eis
1481 2076 1525 2119 in
1550 2075 1626 2120 illo
1643 2075 1725 2120 alia

333 2148 635 2194 ostenderetur
656 2148 818 2205 efligies
836 2183 846 2200 ,
877 2156 920 2191 et
941 2147 1000 2191 sic
1022 2161 1121 2189 cum
1144 2147 1314 2190 nonnisi
1339 2146 1385 2189 in
1402 2145 1619 2190 fractione
1641 2161 1721 2205 pa-

334 2221 398 2264 nis
426 2228 733 2277 agnoscerent,
777 2218 886 2261 sicut
919 2220 1037 2261 Luca
1071 2225 1274 2260 narrante
1316 2224 1597 2260 monstratur.
1640 2220 1724 2261 Pro

334 2291 488 2334 merito
527 2289 690 2349 quippe
729 2288 884 2331 mentis
921 2302 1071 2330 eorum
1088 2321 1098 2341 ,
1147 2287 1291 2330 adhuc
1326 2287 1564 2345 ignorantis
1601 2286 1722 2347 quod

334 2361 564 2419 oportebat
595 2359 817 2404 Christum
845 2358 954 2401 mori
977 2366 1019 2401 et
1037 2371 1281 2415 resurgere,
1307 2357 1445 2400 simile
1460 2356 1627 2417 aliquid
1643 2372 1720 2401 eo-

334 2446 431 2474 rum
453 2431 566 2475 oculi
598 2430 707 2489 passi
739 2437 866 2483 sunt,
894 2443 980 2471 non
1003 2427 1182 2471 veritate
1206 2426 1404 2481 fallente,
1431 2428 1506 2471 sed
1525 2427 1623 2487 ipsis
1642 2443 1720 2472 ve-

332 2501 503 2545 ritatem
534 2501 755 2560 percipere
788 2514 876 2543 non
897 2497 1167 2552 valentibus,
1189 2507 1232 2541 et
1261 2496 1380 2542 aliud
1413 2514 1545 2558 quam
1569 2514 1636 2542 res
1657 2507 1722 2544 est

335 2573 613 2631 opinantibus
635 2591 644 2616 z
670 2587 724 2615 ne
740 2571 971 2630 quisquam
993 2585 1037 2613 se
1055 2569 1274 2613 Christum
1296 2569 1518 2628 agnovisse
1536 2570 1721 2615 arbitre-

383 2664 391 2680 ¹
414 2660 485 2689 Act.
505 2668 529 2697 1,
551 2656 605 2689 26.
626 2673 667 2680 --
683 2663 695 2680 ²
717 2658 794 2690 Luc.
814 2665 899 2696 xxiv,
922 2654 974 2695 15,
994 2658 1027 2686 ct
1043 2655 1147 2686 Marc.
1167 2664 1234 2695 xvr,
1257 2662 1306 2686 12.
