1819 3301
381 314 466 354 214
804 326 838 354 s.
875 327 1105 355 AUGUSTINI
1139 327 1320 354 nmscom

377 401 504 453 punt.
525 391 832 437 Claudendum
855 401 918 436 est
941 407 1042 450 ergo
1074 391 1232 436 ostium
1253 427 1263 447 ‚
1289 390 1334 436 id
1369 400 1462 447 est,
1486 390 1648 436 carnali
1670 406 1765 437 sen-

375 467 440 509 sui
456 464 739 508 resistendum
755 474 833 518 est,
849 473 899 507 ut
914 464 1051 508 oratio
1064 463 1264 523 spiritalis
1282 463 1494 521 dirigatur
1504 462 1559 507 ad
1570 466 1759 520 Patrem,

373 553 473 598 quae
496 537 546 579 fit
567 536 611 578 in
632 536 793 578 intimis
814 536 954 580 cordis
974 571 984 590 ,
1011 536 1087 579 ubi
1112 544 1258 579 oratur
1274 539 1400 579 Pater
1418 535 1463 578 in
1485 535 1758 580 abscondito.

377 627 397 650 «
432 611 488 652 Et
512 610 653 660 Pater,
680 606 845 666 inquit,
865 616 1007 651 vester
1024 608 1099 667 qui
1112 606 1232 652 videt
1247 608 1292 650 in
1309 605 1582 661 abscondito,
1608 605 1762 651 reddet

374 697 394 719 »
429 678 566 721 vobis.
595 679 692 720 »Et
728 677 810 721 hoc
832 677 907 721 tali
941 677 1134 722 clausula
1167 677 1491 720 terminandum
1525 675 1609 720 fuit
1636 696 1644 721 :
1670 692 1760 721 non

369 748 484 792 enim
507 748 590 790 hoc
608 756 757 790 monet
777 763 895 792 nunc
918 757 968 792 ut
990 763 1185 802 oremus,
1211 746 1287 790 sed
1308 746 1530 806 quomodo
1554 762 1726 791 oremus
1745 768 1756 806 3

367 834 512 879 neque
555 819 751 877 superius
771 854 782 873 ‚
824 828 874 863 ut
910 817 1118 863 faciamus
1164 818 1507 876 eleemosynam,
1554 817 1629 862 sed
1669 834 1758 879 quo

367 890 512 934 animo
534 890 744 933 faciamus
766 909 774 933 :
797 890 1005 950 quoniam
1025 889 1079 933 de
1102 889 1234 934 corde
1250 889 1522 944 mundando,
1543 890 1754 950 praecipit,

366 961 485 1022 quod
508 976 597 1004 non
626 959 811 1004 mundat
831 996 841 1013 ‚
869 961 950 1005 nisi
972 977 1059 1005 una
1082 969 1124 1005 et
1145 959 1325 1019 simplex
1356 950 1604 1005 intentio-in
1625 970 1757 1004 aeter-

364 1047 464 1075 nam
481 1031 613 1075 vitam
641 1030 732 1075 solo
755 1040 797 1075 et
812 1047 922 1091 puro
937 1047 1083 1075 amore
1104 1031 1341 1090 sapientiae.

422 1104 525 1146 XII.
556 1122 575 1144 «
598 1106 778 1146 Orantes
801 1111 945 1146 autem
968 1102 1102 1146 nolite
1119 1137 1129 1157 ,
1152 1102 1232 1156 ait,
1258 1101 1447 1145 multum
1468 1100 1619 1161 loqui3
1645 1102 1757 1147 sicut

368 1191 388 1214 »
424 1173 585 1216 ethnici
600 1193 610 1229 3
626 1173 891 1216 arbitrantur
908 1173 1024 1216 enim
1041 1173 1161 1232 quod
1180 1172 1223 1215 in
1239 1172 1519 1232 multiloquio
1533 1187 1611 1217 suo
1623 1187 1756 1216 exau—

366 1261 387 1284 »
413 1242 659 1286 diantur1.»
677 1242 796 1287 Sicut
814 1242 1140 1301 hypocritarum
1154 1251 1215 1286 est
1232 1243 1428 1302 praebere
1441 1258 1484 1286 se
1496 1242 1755 1302 spectandos

361 1314 407 1357 in
430 1314 625 1357 oratione
645 1349 656 1368 ‚
683 1329 873 1374 quorum
892 1312 1060 1358 fructus
1083 1323 1145 1358 est
1178 1313 1350 1373 placere
1383 1314 1661 1371 hominibus3
1696 1315 1755 1359 ita
1818 1355 1819 1358 ,

363 1384 668 1438 ethnicorum,
711 1383 756 1427 id
786 1393 871 1438 est,
899 1384 1123 1442 gentilium
1157 1385 1203 1428 in
1227 1384 1505 1445 multiloquio
1533 1400 1578 1428 se
1600 1394 1755 1444 putare

362 1455 568 1499 exaudiri.
589 1458 644 1499 Et
666 1471 812 1499 revera
834 1470 964 1499 omne
982 1455 1307 1515 multiloquium
1324 1471 1344 1498 a
1364 1456 1598 1513 gentilibus
1615 1456 1750 1511 venit,

361 1527 434 1586 qui
454 1526 706 1571 exercendae
728 1526 889 1584 Jinguae
907 1527 1050 1586 potius
1067 1542 1197 1586 quam
1214 1525 1469 1570 mundando
1484 1526 1630 1570 animo
1648 1526 1754 1571 dant

361 1611 551 1655 operam.
580 1599 636 1640 Et
657 1598 740 1641 hoc
773 1597 991 1655 nugatorii
1029 1596 1160 1640 studii
1190 1611 1326 1654 genus
1365 1597 1492 1640 etiam
1522 1595 1577 1639 ad
1615 1599 1752 1640 Deum

357 1682 486 1726 prece
520 1666 788 1711 flectendum
821 1666 1054 1723 transferre
1081 1675 1321 1719 conantur,
1358 1667 1618 1709 arbitrantes
1640 1667 1753 1710 sicut

356 1738 579 1782 hominem
599 1738 792 1797 judicem
815 1738 958 1781 verbis
994 1737 1148 1782 adduci
1181 1737 1226 1780 in
1263 1737 1538 1781 sententiam.
1565 1757 1584 1778 «
1610 1737 1752 1781 Nolite

362 1826 383 1849 «
417 1808 566 1867 itaque
581 1807 740 1851 similes
762 1807 843 1851 illis
863 1823 952 1851 esse
971 1842 982 1862 ‚
1011 1826 1030 1847 »
1057 1807 1161 1851 dicit
1178 1823 1291 1850 unus
1314 1816 1357 1850 et
1378 1822 1505 1850 verus
1528 1808 1747 1866 magister.

362 1895 382 1919 «
421 1878 509 1921 Scit
532 1878 648 1920 enim
672 1881 798 1921 Pater
812 1887 952 1921 vester
975 1877 1083 1937 quid
1106 1877 1231 1921 vohis
1254 1878 1541 1920 necessarium
1564 1877 1618 1921 sit
1637 1912 1648 1933 ,
1674 1893 1752 1921 an-

361 1965 381 1988 »
418 1957 595 2007 tequam
626 1948 778 2006 petatis
803 1948 858 1991 ab
881 1964 933 1991 eo
952 1951 984 1991 ².
1014 1966 1033 1988 »
1063 1949 1105 1992 Si
1127 1947 1243 1990 enim
1282 1948 1412 1991 verba
1443 1947 1580 1992 multa
1617 1947 1672 1991 ad
1705 1948 1750 1992 id

356 2019 642 2079 proferuntur
660 2055 673 2074 ,
702 2029 751 2062 ut
772 2019 1012 2062 instruatur
1034 2029 1077 2062 et
1098 2018 1305 2063 doceatur
1322 2019 1499 2077 ignarus
1515 2055 1525 2073 ‚
1551 2019 1659 2079 quid
1689 2020 1748 2063 eis
1809 2074 1810 2079 ¹

358 2106 467 2149 opus
490 2099 554 2134 est
586 2089 641 2133 ad
666 2105 810 2132 rerum
841 2090 1034 2133 omnium
1071 2090 1336 2146 cognitorem
1356 2124 1366 2141 ‚
1389 2090 1458 2133 cui
1485 2091 1629 2133 omnia
1650 2104 1769 2150 quae·
1807 2092 1810 2099 ‘

358 2169 475 2215 sunt,
494 2176 544 2203 eo
563 2160 654 2218 ipso
669 2176 756 2219 quo
774 2169 890 2213 sunt,
910 2159 1177 2218 loquuntur3
1196 2175 1374 2219 seseque
1397 2159 1590 2204 indicant
1603 2160 1714 2204 facta
1733 2182 1744 2218 3
1766 2162 1773 2167 ”

357 2240 400 2275 et
423 2247 470 2274 ca
493 2246 592 2290 quae
616 2229 760 2274 futura
784 2239 885 2273 sunt
917 2231 1007 2289 ejus
1030 2238 1164 2272 artem
1193 2230 1534 2290 sapientiamque
1566 2247 1655 2275 non
1682 2231 1747 2275 la·
1804 2249 1806 2278 r

359 2311 452 2346 tent
474 2337 484 2356 ‚
510 2302 554 2345 in
573 2318 658 2360 qua
679 2310 780 2345 sunt
803 2310 845 2344 et
867 2317 966 2361 quae
999 2301 1263 2344 transierunt
1281 2336 1290 2354 ‚
1321 2311 1364 2344 et
1385 2317 1485 2361 quae
1513 2301 1744 2346 transitura
1802 2288 1806 2367 ξ

356 2382 459 2417 sunt
478 2408 488 2426 ‚
516 2373 658 2416 omnia
678 2373 905 2432 praesentia
923 2381 965 2416 et
983 2387 1071 2415 non
1092 2372 1389 2415 transcuntia?

414 2446 537 2487 XIII.
568 2444 648 2488 Sed
678 2444 885 2503 quoniam
906 2478 916 2497 ‚
942 2442 1137 2502 quamvis
1170 2458 1307 2501 pauca
1327 2478 1338 2494 ,
1370 2452 1515 2487 tamen
1546 2444 1676 2487 verba
1700 2453 1743 2487 et

354 2514 443 2571 ipsc
464 2514 659 2557 (licturus
681 2523 744 2557 est
761 2549 772 2567 ,
794 2514 952 2573 quibus
984 2529 1062 2557 nos
1084 2512 1238 2556 doceat
1265 2529 1387 2557 orare
1403 2549 1413 2567 ‚
1439 2514 1574 2573 quaeri
1598 2523 1741 2572 potest

352 2599 430 2628 cur
447 2584 514 2627 vel
540 2586 602 2629 his
622 2585 761 2629 verbis
792 2585 939 2644 paucis
973 2600 1082 2644 opus
1115 2587 1170 2628 sit
1191 2583 1245 2628 ad
1267 2600 1369 2628 eum
1391 2585 1466 2645 qui
1489 2585 1568 2629 scit
1591 2585 1737 2629 omnia
1798 2585 1799 2634 l

402 2675 411 2691 ¹
429 2669 548 2701 Matth.
565 2680 608 2711 vi,
628 2681 659 2713 7.
680 2687 721 2693 —
741 2677 754 2693 ²
770 2670 852 2702 Ibid.
870 2670 902 2702 8.

1802 2403 1819 2583 '2
