1819 3301
392 283 530 311 smuvm
561 283 721 309 nomm
753 282 799 308 m
829 281 999 318 MONTE,
1035 282 1118 307 Lm.
1156 282 1203 307 11.
1392 270 1471 311 251

99 348 183 391 hoc
200 381 212 399 ,
235 355 280 390 et
308 355 485 405 propter
506 344 632 398 illud,
659 345 742 389 Sed
762 360 890 403 supra
909 345 998 403 jam
1021 343 1189 387 dictum
1212 352 1276 386 est
1299 362 1308 387 :
1335 362 1355 385 «
1380 347 1478 390 Non

102 434 122 457 »
158 416 334 475 potestis
351 415 523 459 duobus
541 414 726 458 dominis
739 449 750 468 ,
770 415 941 458 servire.
972 432 991 454 »
1018 416 1132 470 Ergo
1149 411 1329 471 simplici
1347 414 1478 458 corde

99 486 401 530 tantummodo
419 495 593 544 propter
609 501 791 543 regnum
812 486 886 529 Dei
903 485 1112 528 debemus
1132 484 1298 542 operari
1313 484 1479 528 bonum

99 555 153 599 ad
176 572 325 600 omnes
351 575 360 599 :
385 571 474 599 non
495 563 638 597 autem
664 556 708 597 in
736 555 816 598 hac
839 555 1108 613 operatione,
1136 553 1203 597 vel
1225 552 1360 597 solam
1376 587 1388 608 ‚
1409 554 1479 598 vel

99 641 199 670 cum
222 641 354 683 regno
374 626 447 668 Dei
470 623 712 667 mercedem
730 624 1032 682 temporalium
1055 624 1240 681 cogitare
1261 643 1269 668 :
1291 639 1479 683 quorum

99 696 295 739 omnium
319 694 619 753 temporalium
644 696 820 736 nomine
841 695 1073 737 crastinum
1102 694 1272 751 posuit,
1299 694 1445 737 dicens
1465 713 1475 738 :

104 784 123 807 «
157 765 298 810 Nolite
318 767 505 821 cogitare
527 763 581 807 de
604 764 830 807 crastino¹.
859 782 879 805 »
903 766 999 807 Non
1022 764 1137 806 enim
1153 764 1311 807 dicitur
1333 764 1480 807 crasti-

98 851 179 878 nus
201 835 306 888 dies,
322 835 401 878 nisi
424 835 469 877 in
484 844 692 892 tempore,
711 835 787 877 ubi
811 836 1028 893 praeterito
1047 835 1239 878 succedit
1262 835 1476 878 futurum.

98 908 338 963 Ergo-cum
368 905 533 963 aliquid
556 905 658 949 boni
686 920 941 963 operamur,
968 921 1055 949 non
1091 905 1342 964 temporalia
1360 940 1370 959 ‚
1406 904 1482 948 scd

98 984 260 1018 aeterna
288 976 526 1032 cogitemus
555 993 562 1018 :
593 984 698 1018 tunc
731 975 811 1018 erit
837 974 947 1018 illud
984 975 1148 1018 bonum
1172 984 1214 1017 et
1236 974 1481 1033 perfectum

99 1059 222 1102 opus.
256 1063 274 1085 «
307 1045 529 1088 Crastinus
563 1044 678 1086 enim
713 1043 828 1097 dies,
854 1044 1017 1104 inquit,
1043 1044 1249 1088 sollicitus
1284 1045 1364 1087 erit
1399 1044 1481 1087 sibi

101 1132 121 1154 »
156 1115 235 1172 ipsi
257 1134 265 1159 :
292 1133 311 1154 »
337 1113 381 1157 id
405 1123 489 1169 est,
510 1123 560 1158 ut
581 1130 680 1158 cum
700 1116 941 1173 oportuerit
968 1131 1110 1158 sumas
1133 1115 1281 1158 cibum
1308 1114 1379 1157 vel-
1399 1130 1481 1173 po-

97 1193 191 1228 tum
213 1184 282 1227 vel
304 1185 611 1228 indumentum
625 1219 635 1238 ,
655 1200 754 1228 cum
780 1185 869 1244 ipsa
887 1184 1048 1228 scilicet
1079 1185 1481 1241 necessitas‘urgere

96 1255 292 1313 coeperit.
315 1254 515 1298 Aderunt
527 1256 642 1298 enim
664 1256 772 1308 haec,
790 1256 890 1314 quia
909 1257 1030 1299 novit
1054 1259 1179 1298 Pater
1196 1264 1341 1298 noster
1363 1254 1482 1313 quod

96 1326 253 1368 horum
275 1326 471 1368 omnium
494 1325 781 1383 indigeamus.
813 1345 831 1367 «
860 1326 1028 1369 Sufficit
1051 1326 1190 1379 enim,
1218 1326 1375 1384 inquit,
1397 1324 1482 1368 diei

100 1414 120 1436 »
156 1395 318 1439 malitia
336 1412 412 1439 sua
439 1415 447 1440 :
477 1414 496 1436 »
522 1396 566 1439 id
587 1406 672 1449 est,
696 1397 856 1440 sufficit
878 1396 998 1455 quod
1015 1397 1093 1439 ista
1117 1411 1287 1439 sumere
1311 1396 1483 1453 urgebit

96 1466 185 1525 ipsa
211 1466 450 1509 necessitas.
474 1469 611 1519 Quam
636 1477 863 1525 propterea
896 1466 1104 1509 malitiam
1124 1467 1389 1510 nominatam
1414 1481 1484 1508 ar-

96 1535 252 1588 bitror,
293 1536 394 1594 quia
428 1535 613 1594 poenalis
645 1546 708 1579 est
731 1536 853 1579 nobis
880 1536 1097 1594 :pertinet
1133 1536 1248 1578 enim
1288 1535 1342 1578 ad
1370 1535 1482 1578 hanc

96 1604 373 1662 fragilitatem
395 1614 438 1649 et
460 1605 764 1649 mortalitatem
780 1642 789 1659 ,
808 1622 936 1665 quam
957 1604 1178 1664 peccando
1193 1605 1431 1648 meruimus
1445 1608 1478 1647 ².

97 1675 210 1719 Huic
222 1691 324 1733 ergo
341 1691 482 1733 poenae
500 1675 749 1734 temporalis
765 1676 1025 1719 necessitatis
1038 1675 1123 1718 noli
1140 1674 1298 1718 addere
1317 1675 1481 1733 aliquid

96 1745 287 1801 gravius,
313 1755 363 1787 ut
384 1760 472 1787 non
495 1745 633 1787 solum
654 1746 826 1803 patiaris
850 1746 1002 1788 harum
1026 1761 1167 1788 rerum
1196 1744 1482 1802 indigentiam

96 1814 170 1858 sed
192 1815 319 1857 etiam
338 1824 515 1872 propter
533 1816 644 1858 hanc
657 1814 914 1872 explendam
931 1814 1087 1857 milites
1110 1818 1212 1857 Deo.

160 1886 298 1927 LVII.
327 1886 420 1927 Hoc
455 1893 598 1926 autem
635 1883 732 1927 loco
754 1884 1033 1926 vehementer
1056 1883 1295 1926 cavendum
1321 1892 1405 1936 est,
1432 1898 1487 1925 ne

96 1951 209 1997 forte
230 1968 330 1997 curn
360 1953 596 1997 viderimus
624 1953 814 2013 aliquem
848 1969 1019 1996 servum
1056 1954 1130 1996 Dei
1172 1953 1400 2011 providere
1428 1968 1482 1996 ne
1517 1997 1525 2004 ,

95 2022 174 2066 ista
204 2025 439 2066 necessaria
463 2023 605 2066 desint
620 2058 630 2077 ‚
655 2023 725 2067 vel
745 2024 826 2067 sibi
842 2058 852 2078 ‚
878 2023 947 2066 vel
969 2023 1027 2065 eis
1059 2038 1247 2082 quorum
1266 2023 1347 2065 sibi
1370 2038 1483 2067 cura

95 2093 321 2136 commissa
344 2102 433 2148 est,
452 2092 698 2152 judicemus
716 2109 815 2136 eum
837 2101 984 2137 contra
1004 2102 1271 2151 praeceptum
1309 2093 1482 2135 Domini

96 2162 260 2215 facere,
287 2172 330 2206 et
348 2162 402 2206 de
420 2163 605 2206 crastino
628 2178 716 2206 esse
744 2163 992 2207 sollicitum.
1018 2165 1123 2206 Nam
1150 2171 1189 2205 ct
1218 2162 1308 2220 ipse
1331 2161 1480 2205 Domi—

96 2247 178 2276 nus
194 2267 205 2286 ,
230 2232 299 2276 cui
319 2232 622 2276 ministrabant
638 2232 840 2290 Angeli³‚
858 2241 1001 2276 tamen
1022 2240 1198 2290 propter
1216 2229 1478 2289 exemplum,

96 2317 151 2344 ne
183 2303 279 2361 quis
310 2311 457 2360 postea
487 2301 739 2346 scandalum
772 2310 1014 2361 pateretur,
1050 2316 1149 2344 cum
1179 2300 1368 2359 aliquem
1389 2306 1480 2344 ser—

96 2387 249 2415 vorum
291 2374 381 2432 ejus
425 2373 795 2416 animadvertisset
829 2374 906 2415 ista
947 2372 1177 2414 necessaria
1218 2386 1449 2428 procurare
1468 2405 1479 2425 ,

94 2440 260 2485 loculos
282 2443 443 2485 habere
462 2441 662 2500 dignatus
685 2452 747 2485 est
770 2458 868 2485 cum
891 2441 1090 2500 pecunia,
1117 2439 1232 2483 unde
1244 2440 1391 2483 usibus
1405 2455 1482 2483 nc-

144 2544 150 2557 ¹
184 2538 303 2569 Matth.
325 2549 371 2578 vi,
404 2537 456 2578 34
487 2555 528 2560 --
553 2546 565 2560 ²
592 2539 668 2570 Vide
693 2541 834 2570 Retract.
855 2538 909 2569 lib.
930 2548 953 2577 1,
980 2548 1041 2579 cap
1079 2548 1129 2579 19,
1147 2547 1178 2568 n.
1209 2538 1240 2568 9.
1264 2553 1305 2558 -—
1330 2534 1477 2569 3Matth.

95 2602 141 2631 ιν,
165 2602 216 2622 ιι.
