1819 3301
327 275 409 314 232
761 282 794 310 s.
832 283 1061 309 Atzcus‘rim
1096 282 1274 307 Et‘tscom

323 352 376 394 sit
400 350 586 404 facturn,
614 347 687 392 sed
714 348 827 407 ipsos
861 361 968 403 cogo
990 360 1207 404 exponere
1230 359 1364 404 quare
1396 344 1450 388 sit
1473 344 1641 389 dictum
1666 346 1711 390 in

324 419 562 479 Evangelio
585 418 748 477 abipso
768 417 952 461 Domino
976 414 1202 475 Discipulis
1226 435 1233 459 :
1260 435 1279 457 «
1304 418 1418 459 Ecce
1437 417 1614 460 Satanas
1636 431 1712 475 pe-

326 509 347 533 »
382 491 452 535 tiit
468 506 543 534 vos
562 504 713 532 vexare
730 485 952 547 quomodo
979 486 1169 530 triticum
1189 504 1198 531 :
1217 503 1237 527 »
1263 495 1306 530 et
1324 489 1451 530 Petro
1469 486 1529 530 ait
1552 505 1560 530 :
1583 488 1712 545 «Ego

325 581 346 604 »
382 570 526 606 autem
555 558 772 620 postulavi
801 574 855 602 ne
878 558 1051 603 deficiat
1087 557 1193 602 fides
1231 560 1354 604 tua.¹.
1383 576 1403 599 »
1430 560 1543 603 Cum
1566 567 1711 603 autem

319 635 402 679 hoc
424 642 643 692 exponunt
660 630 785 685 mihi,
806 629 936 674 simul
953 628 1063 674 illud
1085 628 1206 689 quod
1223 645 1247 673 a
1269 644 1338 673 me
1355 639 1562 690 quaerunt
1584 645 1710 690 expo-

319 713 432 749 nunt
462 703 559 747 sibi.
598 702 640 747 Si
673 718 775 747 vero
798 717 887 746 non
909 701 1123 746 valuerint
1142 701 1226 745 hoc
1248 716 1491 761 exponere,
1517 717 1606 746 non
1629 717 1709 745 au-

318 776 451 820 deant
470 775 516 819 id
535 773 688 834 quod
677 790 723 818 in
745 773 983 833 Evangelio
1005 774 1094 817 sine
1118 773 1358 819 offensione
1376 773 1550 867 legunt,
1575 774 1621 818 in
1638 772 1709 818 ali-

318 862 406 907 quo
426 845 539 889 libro
557 860 657 889 cum
681 845 925 889 temeritate
947 845 1140 904 culpare.
1197 891 1199 893 ,

376 919 583 962 XXXIV.
616 916 752 960 Fiunt
769 916 901 974 igitur
919 917 1178 960 tentationes
1197 930 1273 975 per
1293 917 1494 962 Satanam
1516 930 1607 960 non
1625 930 1706 975 po·-

316 998 469 1034 tcstate
504 989 594 1047 ejus
614 1022 625 1042 ,
655 987 730 1031 sed
763 987 971 1046 permissu
1000 987 1200 1042 Domini,
1238 986 1294 1031 ad
1315 987 1513 1031 homines
1534 996 1609 1031 aut
1630 1001 1710 1045 pro

318 1058 404 1105 s'uis
422 1059 606 1119 peccatis
629 1057 896 1118 puniendos,
915 1067 990 1101 aut
1011 1073 1090 1117 pro
1109 1057 1282 1101 Domini
1300 1057 1591 1102 misericordia
1613 1072 1711 1116 pro-

317 1130 485 1175 bandos
497 1139 540 1174 et
553 1129 828 1173 exercendos.
842 1132 899 1172 Et
912 1129 1090 1172 interest
1103 1128 1339 1187 plurimum
1353 1129 1397 1172 in
1411 1127 1584 1188 qualem
1599 1127 1711 1187 quis-

317 1217 404 1262 quc
420 1200 707 1246 tentationem
724 1198 906 1243 incidat.
920 1201 1016 1244 Non
1035 1199 1150 1242 enim
1172 1199 1219 1242 in
1236 1198 1367 1242 talem
1388 1197 1540 1242 incidit
1556 1200 1578 1242 J
1586 1197 1707 1252 udas,

315 1272 392 1333 qui
422 1270 620 1316 vendidit
648 1270 886 1314 Dominum
908 1304 919 1324 ,
951 1270 996 1312 in
1034 1268 1207 1329 qualem
1230 1269 1383 1314 incidit
1407 1272 1582 1323 Petrus,
1609 1283 1707 1312 cum

318 1343 492 1387 territus
516 1341 752 1385 Dominum
776 1340 965 1398 negavit.
990 1343 1100 1384 Sunt
1119 1340 1249 1384 etiam
1272 1341 1532 1385 tentationes
1550 1340 1710 1383 huma-

317 1430 402 1469 nae,
419 1411 549 1456 credo
567 1427 668 1456 cum
685 1412 802 1455 bono
820 1411 1004 1470 quisque
1023 1411 1183 1465 animo,
1206 1411 1449 1455 secundum
1470 1411 1710 1454 humanam

318 1494 468 1528 tamen
491 1481 771 1540 fragilitatem
789 1517 798 1535 ,
825 1482 869 1524 in
888 1480 1035 1541 aliquo
1059 1481 1236 1526 consilio
1253 1481 1417 1525 labitur
1435 1502 1446 1539 3
1471 1490 1546 1525 aut
1567 1481 1711 1524 irrita-

318 1565 390 1600 tur
417 1555 468 1598 in'
490 1553 667 1597 fratrem
702 1552 846 1596 studio
876 1551 1147 1609 corrigendi,
1179 1551 1311 1611 paulo
1342 1561 1490 1596 tamen
1525 1551 1710 1611 amplius

317 1641 451 1687 quarn
473 1625 706 1669 christiana
729 1622 1022 1684 tranquillitas
1053 1623 1245 1683 postulat
1267 1643 1276 1669 :
1309 1623 1363 1668 de
1385 1623 1545 1684 quibus
1567 1626 1710 1682 Apos-

317 1696 433 1742 tolus
450 1695 555 1740 dicit
581 1713 590 1740 ε
621 1713 640 1737 α
669 1694 868 1738 Tentatio
890 1710 965 1738 vos
989 1709 1079 1739 non
1102 1693 1400 1754 apprehendat
1417 1730 1428 1750 ,
1453 1694 1535 1738 nisi
1556 1694 1710 1738 huma-

321 1788 341 1812 »
378 1784 434 1812 na
461 1787 469 1813 :
496 1782 598 1812 cum
619 1765 737 1810 idem
768 1765 884 1810 dicat
909 1785 918 1810 ε
947 1765 1107 1810 Fidelis
1133 1769 1248 1810 Deus
1264 1800 1277 1821 ,
1302 1767 1379 1825 qui
1395 1781 1470 1810 vos
1487 1781 1578 1810 non
1599 1766 1711 1810 sinat

324 1860 345 1883 υ
379 1839 536 1884 tentari
555 1853 683 1896 supra
709 1853 842 1897 qnam
863 1837 1041 1896 potestis
1064 1836 1176 1881 ferre
1194 1872 1205 1893 ,
1231 1837 1307 1881 sed
1328 1835 1458 1881 faciet
1489 1853 1590 1882 cum
1615 1846 1711 1881 ten-

323 1930 344 1953 »
380 1910 499 1954 tione
522 1910 652 1953 etiam
668 1917 931 1967 proventum
949 1943 959 1962 ‚
987 1916 1036 1952 ut
1057 1908 1226 1966 possitis
1251 1907 1477 1951 tolerare2.
1505 1926 1525 1949 »
1552 1910 1604 1951 In
1624 1923 1711 1969 qua

322 1981 535 2027 sententia
562 1980 662 2023 satis
688 1977 902 2033 ostendit,
933 1993 1022 2022 non
1049 1977 1095 2021 id
1129 1978 1256 2022 nobis
1289 1977 1500 2023 orandum
1537 1993 1626 2022 csse
1661 1988 1712 2023 ut

322 2069 413 2097 non
436 2060 678 2105 tentemur,
699 2050 774 2094 sed
791 2065 845 2092 ne
862 2049 909 2092 in
931 2048 1219 2093 tentationem
1235 2048 1511 2093 inducamur.
1537 2048 1710 2094 Induci-

322 2141 422 2169 mur
444 2124 559 2168 enim
577 2158 588 2178 ,
623 2123 657 2166 si
681 2122 785 2166 tales
818 2120 1053 2165 acciderint
1075 2137 1180 2181 quas
1203 2122 1317 2166 ferre
1344 2137 1433 2166 non
1463 2137 1706 2181 possumus.

325 2195 409 2241 Sed
432 2210 534 2239 cum
569 2193 830 2238 tentationes
865 2191 1146 2251 periculosae,
1181 2193 1227 2236 in
1257 2209 1364 2253 quas
1399 2192 1550 2236 inferri
1579 2202 1711 2254 atque

322 2267 471 2310 induci
495 2265 780 2325 perniciosum
804 2272 882 2318 est,
904 2272 978 2306 aut
996 2265 1207 2322 prosperis
1231 2264 1359 2307 rebus
1378 2263 1708 2323 temporalibus,

322 2346 398 2382 aut
428 2335 613 2380 adversis
646 2335 866 2389 oriantur,
897 2349 1027 2377 nemo
1059 2333 1273 2391 frangitur
1304 2335 1582 2379 adversarum
1620 2349 1711 2379 mo-

320 2408 442 2451 lestia
464 2442 474 2460 ,
500 2406 577 2465 qni
599 2419 904 2464 prosperarum
928 2403 1213 2447 delectatione
1231 2420 1320 2448 non
1344 2406 1528 2463 capitur.

380 2479 563 2519 XXXV.
586 2475 747 2519 Ultima
765 2484 806 2518 ct
829 2474 1007 2533 septima
1026 2475 1176 2533 petitio
1200 2484 1283 2531 cst,
1321 2494 1340 2516 «
1368 2475 1452 2519 Sed
1479 2472 1620 2519 libera*
1633 2491 1710 2520 nos

327 2565 346 2587 »
383 2562 406 2589 a
428 2545 557 2589 malo.
587 2564 606 2587 »
639 2546 865 2589 Orandum
888 2553 951 2588 est
974 2545 1089 2588 enim
1111 2554 1160 2589 ut
1185 2560 1273 2589 non
1307 2545 1447 2590 solum
1470 2561 1559 2591 non
1581 2544 1710 2590 indu-

374 2647 381 2663 ι
404 2631 481 2662 Luc.
502 2640 576 2671 xxti,
598 2629 651 2671 31,
670 2630 723 2662 32.
745 2646 787 2652 -
815 2636 828 2652 ²
850 2640 863 2662 1
884 2631 958 2662 Cor.
978 2640 1011 2670 x,
1033 2629 1082 2661 13.

1794 0 1819 507 Ι
