1819 3301
321 251 607 287 QUAESTIONUM
638 248 964 287 SEPTEMDECIM,
1001 250 1124 276 mmm
1157 250 1280 276 uivus.
1411 238 1495 277 365

114 315 189 375 qui
206 313 260 358 de
282 314 365 359 illis
386 314 616 375 implendis
640 315 929 372 dubitabant,
966 330 1044 360 suo
1074 313 1232 360 auxilio
1258 313 1313 358 ab
1344 315 1496 374 hujus-

113 384 233 445 modi
249 387 454 432 varietate
469 385 686 432 mundari.
703 451 707 455 Α

645 537 881 588 QUAEsTlo
914 540 960 579 v.

172 671 297 722 Quoi)
328 668 538 713 Dominus
572 668 681 713 dixit
711 670 898 724 Scribae,
935 670 1011 729 qui
1039 685 1136 714 eum
1175 670 1298 730 sequi
1331 668 1494 724 voluit,

117 759 137 783 «
172 739 335 799 Vulpes
361 738 506 784 foveas
535 740 726 796 habent,
763 750 805 785 ct
826 740 1024 785 volucres
1056 739 1156 784 coeli
1184 739 1464 784 tabernacula
1484 775 1494 795 ,

118 831 135 853 »
172 810 307 855 Filius
329 812 515 855 hominis
533 821 679 856 autem
692 828 781 856 non
804 812 938 856 habet
960 811 1036 855 ubi
1059 820 1190 870 caput
1222 826 1347 855 suum
1371 809 1497 854 recli-

116 900 135 923 »
172 890 247 925 net
265 883 295 936 ¹,
322 902 339 922 ³>
358 881 615 941 intelligitur
630 882 847 926 miraculis
865 882 1039 926 Domini
1056 891 1299 926 commotus
1323 890 1498 941 propter

113 953 285 996 inanem
313 952 567 1011 jactantiam
597 968 696 996 eum
733 953 854 1012 sequi
875 952 1080 1007 voluisse,
1105 968 1236 1012 quam
1254 953 1497 1011 significant

114 1038 211 1067 aves
236 1042 245 1068 :
271 1023 440 1067 finxisse
454 1034 598 1068 autem
617 1024 817 1083 discipuli
841 1024 1120 1084 obsequium,
1148 1040 1245 1083 quae
1268 1023 1385 1068 fictio
1407 1022 1499 1067 vul-

113 1093 233 1152 pium
257 1093 431 1137 nomine
448 1094 685 1151 significata
703 1103 780 1138 est.
803 1094 1100 1138 Reclinatione
1116 1110 1219 1139 vero
1242 1094 1392 1153 capitis
1413 1095 1499 1137 hu-

112 1163 339 1208 militatem
362 1180 483 1208 suam
505 1165 790 1223 significavit,
817 1181 916 1225 quae
929 1165 973 1208 in
988 1164 1064 1209 illo
1081 1164 1331 1209 simulatore
1351 1180 1399 1208 ac
1421 1180 1498 1208 su-

113 1235 249 1295 perbo
270 1251 360 1279 non
382 1236 573 1280 habebat
588 1235 749 1281 locum.
920 1226 925 1228 .

649 1386 884 1435 QUAESTIO
915 1387 982 1425 vl.

177 1537 196 1560 «
232 1522 418 1563 DlMITTE
436 1528 629 1563 mortuos
643 1518 822 1577 sepelire
832 1527 1025 1562 mortuos
1040 1533 1153 1563 suos.
1169 1520 1364 1562 Mortuos
1381 1536 1399 1557 »
1428 1517 1497 1561 hic

114 1605 203 1633 non
220 1589 446 1634 credentes
463 1589 571 1634 dixit
597 1609 605 1634 z
639 1609 656 1631 «
679 1592 874 1634 Mortuos
890 1598 1035 1633 autem
1050 1605 1148 1633 suos
1166 1591 1198 1644 ²,
1219 1607 1237 1630 »
1255 1589 1331 1648 qui
1343 1588 1499 1633 nihilo·

114 1659 259 1703 minus
280 1660 371 1704 sine
388 1660 473 1704 fide
496 1660 550 1704 de
572 1675 752 1719 corpore
774 1660 953 1704 exirent.

629 1809 865 1858 QUAESTIO
896 1811 981 1849 VII.

181 1960 197 1980 «
234 1943 454 1985 EXCUTlTE
487 1940 711 2000 pulverem
740 1941 794 1985 de
827 1941 1013 2000 pedibus
1031 1939 1179 1983 vestris
1201 1941 1216 1965 ³
1244 1958 1253 1985 z
1284 1958 1304 1981 »
1340 1949 1414 1984 aut
1443 1939 1500 1984 ad

119 2012 477 2056 contestationem
505 2012 665 2056 laboris
699 2012 884 2066 terreni,
925 2027 1055 2071 quem
1092 2027 1169 2070 pro
1202 2010 1284 2055 illis
1316 2011 1501 2056 inaniter

119 2082 404 2140 suscepissent
430 2101 438 2126 :
465 2092 539 2126 aut
562 2092 611 2126 ut
638 2081 918 2126 ostenderent
949 2097 1086 2141 usque
1119 2080 1225 2125 adeo
1256 2097 1299 2125 se
1323 2082 1377 2125 ab
1400 2081 1501 2141 ipsis

121 2151 229 2195 nihil
248 2161 468 2196 terrenum
486 2167 680 2212 quaerere
699 2187 709 2207 ‚
736 2162 784 2196 ut
808 2153 936 2196 etiam
964 2150 1187 2211 pulverem
1205 2150 1260 2196 de
1281 2161 1393 2196 terra
1423 2166 1500 2196 eo·-

122 2237 219 2265 rum
241 2222 322 2265 sibi
345 2238 433 2267 non
452 2232 707 2281 paterentur
730 2222 964 2267 adhaerere.
1211 2212 1217 2219 ’

170 2329 179 2346 1
203 2318 324 2351 Matth.
344 2329 415 2360 vm,
431 2327 484 2352 20.
506 2335 548 2341 -—
568 2326 581 2342 ²
600 2319 679 2353 lbid.
702 2328 756 2352 22.
777 2336 819 2343 —-
838 2318 915 2351 ³121.
938 2331 971 2361 x,
994 2317 1044 2360 14.
