1819 3301
300 286 354 312 nr:
384 285 589 313 CONSENSU
622 283 1033 323 Eumaeus-unum,
1068 285 1150 313 Lm.
1186 287 1251 313 111.
1411 276 1469 316 69

98 457 1471 477 wmmmmmmmmmmmmmmmmmwm

515 620 519 623 ,
585 587 801 636 CAPUT
845 589 985 638 XXI.

94 752 171 797 De
192 750 465 797 mulieribus
482 768 588 811 quce
607 750 675 796 ibi
692 750 914 807 stabant,
935 751 1171 810 quomodo
1188 754 1472 812 Matthaeus,

154 821 217 866 M
214 837 356 866 arcus
374 831 419 864 et
439 821 614 876 Lucas,
632 822 715 880 qai
730 819 958 865 dixerant
973 838 1057 866 eas
1071 822 1258 884 alonge
1274 826 1475 881 stetisse,

154 908 249 936 non
273 901 537 952 repugnent
550 891 737 935 Joanm'
753 892 836 949 qai
854 894 1119 938 nominavit
1147 909 1294 938 unam
1311 910 1476 940 earum

143 961 296 1023 juxta
318 977 506 1005 cracem
529 960 727 1005 stetisse.

155 1109 315 1150 LVIII.
343 1108 564 1160 SEQUITUR
575 1108 835 1152 Matthaeus:
858 1125 877 1149 «
894 1110 1031 1152 Erant
1044 1117 1189 1153 autem
1203 1110 1263 1153 ibi
1277 1110 1479 1156 mulieres

99 1195 120 1219 »
154 1176 305 1220 multae
326 1192 348 1220 a
365 1175 515 1234 longe,
543 1193 642 1237 quae
661 1186 821 1222 secutae
851 1187 973 1221 erant
990 1180 1136 1222 Jesum
1161 1194 1184 1222 a
1201 1179 1377 1224 Galilaea
1393 1183 1479 1224 mi-

99 1264 119 1288 »
155 1247 385 1290 nistrantes
403 1247 461 1299 ei,
490 1247 602 1290 inter
623 1263 731 1307 quas
753 1256 845 1290 erat
860 1248 994 1292 Maria
1017 1247 1272 1306 Magdalene
1288 1283 1299 1303 ‚
1319 1258 1362 1293 et
1383 1253 1480 1294 Ma-

104 1335 126 1358 »
159 1317 219 1360 ria
232 1317 383 1360 Jacobi
397 1325 440 1360 et
454 1318 615 1376 Joseph
628 1327 780 1370 mater,
799 1327 842 1361 et
854 1327 989 1361 mater
1002 1318 1189 1362 filiorum
1206 1319 1476 1364 Zebedaei1.»

55 1415 58 1417 -
97 1390 269 1431 Marcus
291 1385 349 1429 sic
370 1405 378 1430 ε
405 1404 423 1427 «
444 1389 580 1431 Erant
603 1396 747 1430 autem
767 1396 809 1430 et
830 1386 1029 1431 mulieres
1046 1386 1101 1430 de
1121 1387 1251 1446 longe
1269 1390 1482 1448 aspicien-

103 1478 120 1500 »
157 1468 219 1503 tes
249 1459 361 1502 inter
391 1474 498 1518 quas
523 1468 615 1503 erat
637 1460 771 1503 Maria
794 1459 1072 1518 Magdalene,
1099 1468 1142 1503 et
1170 1460 1305 1504 Maria
1329 1462 1482 1506 Jacobi

100 1546 121 1570 »
157 1529 333 1572 minoris
355 1537 398 1572 et
428 1529 588 1587 Joseph
625 1538 762 1573 mater
779 1564 790 1584 ,
815 1538 858 1573 et
883 1528 1079 1584 Salome‚
1111 1538 1154 1573 et
1181 1545 1278 1574 cum
1304 1540 1414 1575 esset
1436 1533 1482 1576 in

101 1617 122 1642 »
158 1599 331 1643 Galilaea
363 1600 654 1659 sequebantur
677 1615 778 1644 eum
799 1635 810 1655 ‚
836 1609 880 1644 et
909 1600 1212 1644 ministrabant
1233 1601 1298 1655 ei,
1325 1611 1368 1645 et
1390 1602 1485 1646 aliae

104 1688 120 1710 >›
157 1668 306 1712 multae
324 1685 423 1728 quae
445 1668 574 1711 simul
590 1684 690 1712 cum
706 1685 757 1713 eo
781 1669 1062 1713 ascenderant
1079 1670 1435 1727 Jerosolymam2.
1457 1691 1477 1714 »

100 1742 219 1782 Inter
241 1739 317 1782 hos
339 1738 447 1782 nihil
467 1737 594 1782 video
610 1739 730 1797 quod
753 1738 1017 1782 contrarium
1040 1739 1172 1797 possit
1185 1740 1328 1797 putari
1346 1759 1354 1784 :
1375 1742 1483 1800 quid

100 1809 215 1851 enim
237 1808 413 1851 interest
436 1808 489 1850 ad
521 1808 767 1861 veritatem,
794 1807 915 1866 quod
944 1808 1154 1865 quasdam
1177 1808 1379 1853 mulieres
1405 1826 1483 1869 pa-

99 1877 224 1931 riter,
251 1877 460 1936 quasdam
483 1876 639 1933 singuli
672 1877 1040 1920 nominaverunt?
1063 1880 1200 1920 Lucas
1224 1893 1400 1938 quoque
1424 1881 1484 1926 ita

100 1946 389 1990 narrationem
415 1946 623 1989 contexit.
654 1963 673 1985 «
700 1948 757 1988 Et
782 1946 920 1988 omnis
943 1945 1070 1988 turba
1089 1960 1239 1989 eorum
1262 1948 1338 2006 qui
1356 1949 1485 1995 simul

104 2034 124 2057 »
159 2015 338 2059 aderant
360 2015 415 2058 ad
431 2014 725 2074 spectaculum
742 2013 880 2067 istud,
899 2024 941 2058 et
957 2014 1161 2058 videbant
1178 2032 1277 2074 quae
1300 2018 1481 2075 fiebant,

105 2104 125 2126 »
159 2085 451 2144 percutientes
473 2093 647 2143 pectora
674 2100 749 2128 sua
769 2084 1112 2128 revertebantur.
1134 2085 1317 2130 Stabant
1338 2097 1484 2133 autem

105 2173 124 2196 »
161 2169 309 2198 omnes
324 2154 416 2198 noti
440 2155 530 2213 ejus
553 2170 576 2197 a
598 2153 727 2212 longe
747 2188 759 2208 ‚
785 2163 828 2197 et
852 2153 1052 2207 mulieres
1074 2170 1172 2213 quae
1199 2165 1358 2200 secutae
1388 2156 1484 2202 fue-

105 2243 125 2265 »
161 2233 258 2267 rant
275 2238 373 2267 eum
398 2239 420 2266 a
443 2223 619 2267 G-alilaea
636 2258 646 2277 ‚
669 2224 762 2267 haec
782 2222 979 2267 videntes
996 2225 1028 2267 3.
1057 2241 1076 2263 η
1108 2223 1231 2267 Unde
1248 2227 1483 2284 superiori—

105 2295 187 2338 bus
199 2293 372 2338 duobus
385 2293 440 2336 de
453 2292 683 2336 mulierum
698 2294 921 2352 praesentia
936 2294 1034 2337 satis
1045 2295 1274 2350 consentit,
1289 2298 1485 2355 quamvis

104 2364 269 2408 nullam
291 2379 438 2408 earum
460 2364 715 2408 nominatim
738 2365 950 2423 exprimat
975 2383 984 2408 ε
1010 2365 1209 2409 deturba
1232 2366 1360 2411 etiam
1385 2384 1484 2427 quae

105 2434 233 2478 simul
256 2433 403 2477 aderat
420 2469 430 2488 ‚
457 2443 500 2477 et
515 2433 710 2477 videntes
740 2449 839 2493 quae
859 2433 1023 2477 fiebant
1045 2434 1290 2479 tundebant
1311 2446 1487 2495 pectora

107 2519 182 2548 sua
198 2539 208 2559 ‚
235 2512 278 2547 et
297 2503 624 2548 revertebantur
642 2538 653 2559 ,
678 2503 894 2548 consentit
914 2504 1139 2559 Matthaeo‚
1160 2506 1356 2564 quamvis
1373 2523 1489 2553 seor-

156 2599 288 2631 ¹Matt11.
310 2609 411 2637 xxvu,
428 2598 482 2640 55,
497 2597 549 2631 56.
567 2615 608 2622 -—
634 2605 647 2622 ²
666 2601 764 2631 Marc.
788 2609 843 2640 xv,
859 2598 913 2641 4ο,
934 2598 989 2642 4¹·
1006 2614 1047 2622 -
1065 2597 1078 2623 3
1097 2600 1173 2634 Luc.
1199 2611 1288 2643 xxm,
1307 2600 1423 2645 48‚49.
