1819 3301
333 212 413 251 404
776 221 810 249 «3.
850 222 1076 249 AUGUSTLNI
1112 221 1288 246 El'lSCOPl

328 288 583 332 crucifixum
606 287 851 339 Christum,
878 286 967 343 ipse
1003 293 1067 327 est
1097 298 1227 342 quem
1255 282 1384 339 longe
1411 281 1556 326 vidisti
1581 300 1590 325 z
1619 300 1639 322 «
1664 283 1716 324 In

332 376 351 398 »
387 357 600 416 principio
623 365 713 399 erat
738 355 931 398 Verbum
951 388 961 407 ,
987 362 1029 396 et
1054 353 1249 396 Verbum
1267 362 1358 396 erat
1381 351 1497 411 apud
1519 355 1671 395 Deum.
1691 368 1712 391 υ

332 427 416 472 Sed
439 442 572 486 quare
595 425 822 468 crucifixus
845 425 936 467 est?
950 423 1049 482 quia
1067 421 1235 480 lignum
1252 422 1330 465 tihi
1348 420 1603 465 humilitatis
1625 421 1717 479 ejus

331 497 618 541 necessarium
652 503 758 537 erat.
789 493 999 552 Superbia
1021 493 1138 535 enim
1172 501 1393 536 tumueras
1409 527 1420 546 ,
1444 500 1487 535 et
1509 490 1639 549 longe
1661 489 1717 533 ab

329 567 402 611 illa
427 567 559 624 patria
589 565 805 624 projectus
827 579 941 618 eras,
968 572 1010 606 et
1032 563 1239 607 fluctibus
1262 564 1392 622 hujus
1415 561 1562 606 saeculi
1583 561 1719 604 inter-

329 647 456 696 rupta
479 646 542 680 est
568 636 638 680 via
657 671 667 692 ,
692 644 735 679 et
765 651 851 694 qua
873 643 1116 678 transeatur
1133 633 1189 677 ad
1211 634 1393 692 patriam
1412 648 1502 677 non
1524 640 1588 676 est
1606 666 1617 686 ,
1637 631 1719 675 nisi

327 710 446 765 ligno
467 706 664 766 porteris.
693 709 867 763 Ingrate
885 740 895 759 ‚
920 704 1070 749 irrides
1093 720 1194 748 eum
1212 704 1288 763 qui
1311 704 1366 748 ad
1384 713 1426 747 te
1447 703 1567 748 venit
1587 711 1637 746 ut
1658 717 1719 746 re-

329 778 444 822 deas.
473 781 569 835 Ipse
591 776 733 820 factus
756 786 818 820 est
840 776 929 830 via,
959 785 1002 819 et
1031 776 1113 819 hoc
1135 790 1212 834 per
1241 790 1359 818 mare
1382 793 1390 818 ε
1421 773 1522 818 inde
1544 773 1590 816 in
1610 772 1720 816 mari

329 847 595 892 ambulavit¹
615 881 625 900 ‚
655 855 706 890 ut
726 846 976 890 ostenderet
997 861 1086 889 esse
1101 846 1146 889 in
1169 846 1276 889 mari
1293 845 1421 888 viam.
1446 844 1531 889 Sed
1552 853 1622 898 tu,
1643 843 1720 903 qui
1779 861 1784 866 ·

329 917 552 978 quomodo
575 917 664 975 ipse
687 915 912 959 ambulare
935 916 980 958 in
1002 915 1109 958 mari
1128 931 1216 959 non
1232 924 1354 975 potes
1370 950 1380 970 ,
1407 915 1506 958 navi
1528 922 1716 973 portare,

329 988 449 1045 ligno
473 995 644 1045 portare
671 1005 679 1028 :
708 984 834 1028 crede
856 985 900 1028 in
923 985 1177 1028 crucifixum
1195 1020 1205 1038 ,
1231 994 1274 1028 et
1295 985 1454 1044 poteris
1476 983 1716 1043 pervenire.

332 1061 513 1115 Propter
527 1066 568 1099 te
592 1055 822 1099 crucifixus
845 1063 924 1109 est,
939 1063 987 1098 ut
1010 1053 1302 1098 humilitatem
1324 1054 1500 1098 doceret
1528 1073 1536 1097 z
1562 1062 1605 1097 et
1618 1053 1722 1112 quia

327 1127 361 1170 si
382 1126 441 1170 sic
463 1126 630 1169 veniret
650 1133 700 1168 ut
716 1128 845 1178 Deus,
865 1139 954 1167 non
972 1133 1293 1182 agnosceretur.
1316 1124 1359 1168 Si
1381 1123 1497 1167 enim
1515 1123 1574 1167 sic
1596 1122 1720 1166 veni-

330 1205 393 1239 ret
415 1205 465 1238 ut
479 1198 607 1244 Deus,
626 1209 714 1237 non
729 1193 967 1241 veniretis
981 1193 1056 1252 qui
1074 1193 1220 1236 videre
1239 1197 1375 1236 Deum
1392 1208 1479 1236 non
1499 1201 1717 1251 poterant.

328 1270 425 1312 Non
448 1266 564 1309 enim
586 1264 827 1308 secundum
851 1264 893 1306 id
916 1263 1035 1322 quod
1056 1267 1167 1307 Deus
1188 1273 1266 1316 est,
1291 1273 1366 1306 aut
1388 1263 1522 1316 venit,
1541 1271 1616 1306 aut
1638 1262 1723 1306 dis-

329 1337 444 1380 cedit
469 1355 477 1379 :
504 1351 605 1379 cum
628 1336 682 1378 sit
697 1335 860 1393 ubique
884 1348 1088 1391 praesens,
1107 1343 1149 1377 et
1171 1333 1294 1377 nullo
1311 1333 1407 1377 loco
1425 1334 1716 1377 contineatur.

333 1405 417 1451 Sed
436 1404 680 1449 secundum
700 1402 807 1462 quid
826 1403 976 1447 venit?
1000 1402 1122 1461 quod
1145 1403 1345 1461 apparuit
1363 1403 1523 1448 homo..

389 1477 442 1519 V.
475 1474 586 1526 Quia
615 1488 717 1530 ergo
741 1472 800 1515 sic
840 1481 931 1515 erat
963 1471 1120 1526 hom0,
1155 1481 1205 1515 ut
1225 1471 1379 1516 lateret
1416 1472 1462 1515 in
1483 1471 1558 1516 illo
1581 1476 1719 1528 Deus,

330 1546 483 1590 missus
505 1553 569 1587 est
603 1553 703 1587 ante
732 1542 858 1586 illum
880 1557 1063 1600 magnus
1083 1542 1216 1586 homo
1234 1577 1244 1596 ‚
1275 1558 1352 1601 per
1374 1543 1496 1602 cujus
1525 1544 1723 1588 testimo-

330 1616 453 1660 nium
474 1614 742 1658 inveniretur
763 1611 998 1672 plusquam
1021 1612 1167 1656 homo.
1196 1615 1252 1655 Et
1269 1613 1365 1672 quis
1383 1622 1446 1656 est
1465 1613 1536 1657 hic
1551 1615 1568 1654 ?
1584 1632 1603 1655 «
1621 1614 1724 1658 Fuit

332 1705 352 1727 »
388 1687 537 1729 homo.
567 1702 586 1724 »
608 1687 666 1727 Et
682 1681 905 1742 quomodo
927 1691 1068 1740 posset
1090 1682 1168 1725 iste
1190 1697 1343 1725 verum
1369 1682 1423 1726 de
1446 1686 1535 1727 Deo
1552 1681 1724 1728 dicere?

335 1775 354 1797 «
388 1756 543 1798 Missus
572 1770 595 1797 a
628 1753 732 1797 De‘o.
777 1771 796 1792 η
825 1751 940 1804 Quid
971 1751 1239 1796 vocabatur?
1275 1753 1402 1797 «Cui
1439 1768 1599 1797 nomen
1632 1762 1724 1798 erat

334 1845 353 1866 »
392 1828 414 1868 J
421 1839 595 1868 oannes.
626 1841 645 1863 »
669 1827 809 1875 Quare
831 1821 983 1865 venit?
1009 1840 1027 1862 «
1056 1822 1135 1866 Hic
1152 1822 1334 1866 venitin
1353 1824 1650 1867 testimonium
1671 1832 1720 1868 ut

334 1913 354 1936 »
390 1893 684 1937 testimonium
702 1891 953 1950 perhiberet
969 1890 1024 1934 dc
1047 1890 1235 1946 lumine,
1261 1901 1311 1936 ut
1328 1908 1477 1937 omnes
1497 1892 1724 1938 crederent

335 1982 372 2014 »¹
391 1979 467 2022 per
488 1962 654 2005 illum2.
675 1980 694 2001 »
717 1959 863 2013 Qualis
881 1961 959 2003 iste
981 1961 1057 2020 qui
1079 1962 1378 2006 testimonium
1396 1963 1647 2021 perhiberet
1668 1964 1723 2008 de

331 2033 529 2077 lumine?
552 2034 762 2088 Magnum
786 2029 950 2089 aliquid
977 2030 1055 2073 iste
1079 2033 1266 2075 Joannes
1284 2066 1294 2086 ‚
1320 2033 1472 2091 ingens
1493 2034 1719 2090 meritum,

333 2118 488 2162 magna
520 2101 680 2160 gratia,
717 2115 874 2158 magna
906 2100 1135 2145 celsitudo.
1167 2103 1346 2157 Mirare‚
1378 2103 1506 2162 plane
1542 2105 1720 2161 mirare,

334 2174 411 2218 sed
444 2182 655 2232 tanquam
693 2179 902 2215 montem.
932 2173 1058 2228 Mons
1081 2180 1225 2215 autem
1250 2173 1295 2215 in
1316 2174 1506 2218 tenebris
1528 2183 1617 2230 est,
1642 2175 1724 2220 nisi

334 2243 431 2287 luce
461 2243 683 2286 vestiatur.
719 2244 832 2297 Ergo
853 2249 1025 2284 tantum
1059 2241 1213 2284 mirare
1242 2245 1477 2298 Joannem,
1503 2254 1552 2288 ut
1575 2245 1724 2290 audias

336 2314 456 2373 quod
471 2313 691 2372 sequitur:
715 2314 840 2356 «Non
857 2320 949 2354 erat
969 2311 1042 2354 ille
1063 2311 1213 2355 lumen
1228 2314 1242 2337 ⁸
1263 2331 1306 2356 z»
1333 2329 1386 2357 ne
1409 2330 1510 2358 cum
1529 2325 1724 2360 montem

336 2394 461 2442 putas
484 2382 634 2426 lumen
653 2397 742 2425 esse
759 2416 770 2435 ‚
797 2380 1072 2439 naufragium
1095 2382 1140 2423 in
1158 2392 1305 2426 monte
1322 2383 1472 2438 facias,
1497 2400 1586 2428 non
1609 2385 1723 2430 sola-

337 2455 445 2498 tium
468 2454 675 2498 invenias.
705 2452 788 2497 Sed
818 2452 925 2512 quid
954 2452 1086 2496 debes
1108 2453 1283 2496 mirari?
1306 2464 1498 2499 montem
1515 2464 1721 2517 tanquam

386 2540 393 2556 ¹
418 2536 539 2571 Matth.
559 2548 626 2578 xiv,
648 2536 702 2570 25.
724 2553 764 2560 --
783 2543 795 2559 ²
818 2539 950 2577 Joan.1‚
967 2536 1002 2578 6,
1028 2535 1246 2578 7.—-³1bid.
1267 2539 1298 2570 8.
