1819 3301
334 261 419 298 282
785 269 818 297 s.
856 268 1086 296 Auens-nm
1119 267 1299 293 zmscopx

406 325 617 368 XXVIII.
678 322 808 376 Quod
829 337 930 366 cum
958 320 1132 364 ,Iericho
1149 318 1442 378 egrederetur,
1463 318 1573 363 duos
1586 333 1722 363 caecos

743 392 976 436 illuminat.

454 467 620 510 XXIX.
686 463 816 517 Quod
844 462 903 506 ait
928 460 1154 520 Discipulis
1176 460 1387 506 :Dicetis
1404 460 1554 503 monti
1576 458 1685 504 lzztic
1708 475 1720 502 .·

443 552 449 558 ·
751 531 886 577 Tolle
910 541 955 576 et
967 531 1114 594 jacta
1137 540 1182 576 te
1205 532 1253 575 in
1275 546 1425 575 mare.

478 607 620 650 XXX.
685 604 815 658 Quod
837 604 897 647 ait
923 623 931 648 :
972 601 1036 647 Et
1069 604 1152 661 qui
1180 600 1409 646 ceciderit
1434 616 1578 660 super
1599 598 1724 658 lapi-

743 672 853 718 dem
869 675 1009 718 istum
1031 709 1041 728 ‚
1063 672 1411 734 coiffringetar.

454 749 619 791 XXXI.
684 749 745 790 De
764 746 941 790 homine
965 760 1063 803 rege
1081 745 1157 804 qui
1174 742 1278 788 fecit
1300 744 1472 802 nuptias
1494 741 1584 786 filio
1605 757 1699 786 suo.

434 820 621 862 XXXII.
688 821 748 862 De
771 826 936 876 septem
966 815 1174 860 fratribus
1191 814 1267 875 qui
1289 828 1422 857 unam
1445 828 1626 857 uxorem
1642 813 1724 856 ha-

743 887 950 930 buerunt.

404 960 615 1002 XXXIII.
681 957 799 1010 Quid
824 957 879 1001 sit
909 956 1030 1016 quod
1066 955 1126 999 ait
1152 975 1161 999 :
1189 954 1315 999 Tota
1340 953 1445 999 Lex‘
1475 950 1655 1013 pendet
1677 952 1726 996 in

746 1027 820 1071 liis
845 1025 1029 1071 (luobus
1047 1027 1318 1086 prceceptis.

409 1100 614 1162 XXXIV.
680 1096 810 1151 Quod
833 1098 890 1141 ait
917 1116 925 1141 ε
958 1094 1093 1157 Quid
1108 1097 1233 1140 enim
1250 1095 1410 1158 majus
1429 1104 1515 1150 est,
1535 1108 1724 1149 aarum,

746 1184 812 1212 cin
835 1166 1064 1227 templum
1081 1165 1213 1226 quod
1228 1167 1507 1228 sanctificat
1521 1160 1727 1209 aarum?

434 1241 618 1284 XXXV.
684 1238 811 1292 Quod
842 1239 936 1282 ait.-
967 1236 1273 1284 Eoecolcintes
1300 1236 1523 1291 culicem,
1561 1251 1725 1280 came-

746 1307 842 1353 litm
865 1318 1029 1353 autem
1047 1307 1318 1371 glutientes.

412 1383 619 1425 XXXVI.
684 1379 815 1432 Quod
849 1379 909 1424 ait
935 1399 945 1425 ι
979 1379 1180 1442 Quoties
1202 1377 1333 1423 volui
1351 1391 1650 1440 congregare
1661 1377 1726 1437 fi-

749 1448 835 1494 lios
852 1459 956 1494 ticos
978 1450 1100 1493 sicut
1119 1445 1345 1512 gallina?

388 1524 619 1567 XXXVII.
684 1521 811 1574 Quod
844 1521 905 1564 ait
942 1540 950 1564 :
996 1520 1148 1565 Orate
1192 1536 1251 1563 ne
1280 1520 1383 1579 fiat
1395 1517 1534 1579 fuga
1564 1525 1727 1561 vestra

748 1589 917 1651 hyeme
942 1588 1019 1634 vel
1036 1587 1260 1633 sabbato.

368 1664 622 1706 XXXVIII.
688 1661 815 1714 Quod
836 1660 894 1703 ait
923 1680 931 1704 ε
964 1660 1098 1705 Sicut
1110 1657 1295 1720 fiilgiir
1315 1658 1416 1701 exit
1442 1654 1506 1700 ab
1535 1656 1729 1701 Oriente

747 1741 792 1775 et
805 1731 1025 1790 pervenit
1049 1730 1263 1788 usquein
1291 1726 1612 1773 Occidentem.

408 1805 616 1846 XXXIX.
682 1804 810 1855 Quod
835 1803 893 1845 ait
917 1820 925 1846 :
957 1799 1037 1845 Ab
1067 1798 1242 1844 arbore
1253 1798 1349 1860 sici
1370 1797 1536 1842 discite
1563 1795 1729 1841 simili-

780 1871 1007 1916 tudinem.

528 1946 623 1988 XL.
687 1939 819 1996 Quod
850 1944 908 1986 ait
934 1941 989 1985 de
1013 1941 1128 1985 Juda
1155 1960 1163 1984 z
1195 1940 1388 1985 Bonum
1414 1948 1519 1982 erat
1545 1936 1614 1982 illi
1631 1954 1728 1983 non

749 2013 901 2057 nasci.
1487 2034 1489 2036 ·

503 2088 621 2130 XLI.
686 2084 816 2137 Quod
840 2082 1013 2141 triginta
1038 2081 1250 2140 argenteis
1273 2079 1475 2123 venditus
1496 2088 1574 2122 est.

481 2158 622 2200 XLII.
689 2154 819 2208 Quod
849 2155 908 2197 ait
936 2172 943 2197 :
976 2151 1073 2197 Ubi
1093 2152 1258 2213 ficerit
1289 2166 1460 2209 corpus
1474 2186 1488 2205 ,
1513 2148 1594 2194 illo
1615 2164 1728 2194 con-

746 2221 1081 2287 gregabuntur
1101 2220 1292 2279 aquilae.

462 2298 626 2340 XLIII.
691 2294 822 2348 Quod
852 2294 911 2337 ait
938 2312 947 2337 :
984 2290 1101 2337 Non
1133 2290 1294 2335 bibam
1327 2288 1504 2335 amodo
1539 2288 1600 2334 de
1633 2287 1728 2334 lzac

748 2362 1060 2425 generatione
1080 2362 1206 2405 vitis.

464 2438 622 2479 XLIV.
686 2434 815 2487 Quod
847 2441 1060 2492 spuerunt
1090 2432 1135 2475 in
1158 2431 1313 2475 faciem
1333 2433 1441 2491 ejus,
1469 2440 1514 2475 et
1535 2428 1726 2489 colaphis

752 2519 852 2548 eum
876 2511 1195 2563 percusserunt.

489 2579 623 2620 XLV.
688 2579 751 2620 De
775 2575 887 2619 trina
910 2574 1025 2619 Petri
1047 2573 1293 2632 negatione.
