1819 3301
364 298 442 336 156
796 306 829 335 s.
868 307 1095 335 AUGUSTINI
1129 308 1309 334 Errscorr

357 387 530 433 prorsus
553 373 668 417 intro
691 372 745 416 ad
767 371 970 432 spiritalia
995 370 1192 429 refugere
1209 372 1427 429 cogimur,
1445 381 1495 416 ut
1514 373 1599 417 hoc
1620 372 1742 433 quod

357 442 522 486 dictum
547 451 609 486 est
632 443 723 486 sine
744 441 1012 485 absurditate
1030 441 1162 499 possit
1185 440 1383 500 intelligi.

416 515 601 556 XXVII.
619 513 764 555 Altare
777 512 922 571 itaque
939 510 1185 569 spiritaliter
1202 512 1244 555 in
1263 512 1465 555 interiore
1483 513 1559 555 Dei
1578 511 1741 571 templo

356 584 494 642 ipsam
517 582 646 625 fidem
672 581 864 640 accipere
886 596 1113 640 possumus
1130 616 1140 636 ,
1165 583 1288 641 cujus
1323 582 1496 640 signum
1525 590 1589 625 est
1610 581 1743 625 altare

355 651 537 697 visibile.
564 650 803 704 Quodlibet
825 651 940 695 enim
958 667 1117 695 munus
1139 652 1362 695 offerimus
1388 655 1476 695 Deo
1492 686 1503 705 ‚
1528 652 1616 694 sive
1638 666 1741 710 pro-

356 721 547 781 phetiam
562 755 572 775 ‚
595 721 683 765 sive
700 720 943 765 doctrinam
958 756 968 776 ,
995 721 1082 765 sive
1103 722 1342 765 orationem
1355 755 1366 775 ‚
1390 720 1481 764 sive
1499 720 1712 777 hymnum
1728 756 1739 775 ‚

357 793 445 836 sive
469 791 684 852 psalmum
704 827 715 845 ‚
752 792 830 836 etsi
852 791 958 852 quid
983 792 1067 836 tale
1090 791 1208 836 aliud
1244 791 1501 851 spiritalium
1525 791 1742 835 donorum

357 865 502 906 animo
525 862 712 906 occurrit
732 897 742 917 ,
769 872 994 921 acceptum
1017 877 1107 906 esse
1130 877 1218 906 non
1236 870 1377 921 potest
1402 864 1490 905 Deo
1507 896 1518 915 ‚
1544 861 1622 904 nisi
1644 860 1743 905 fidei

358 933 601 977 sinceritate
624 931 852 987 fulciatur,
871 941 914 976 et
935 933 973 975 ei
988 932 1069 975 fixe
1094 941 1224 991 atque,
1242 930 1521 975 immobiliter
1535 941 1743 990 tanquam

357 1003 632 1062 imponatur,
659 1012 707 1046 ut
728 1004 861 1062 possit
881 1003 1098 1060 integrum
1119 1011 1250 1062 atque
1266 1001 1483 1045 illibatum
1506 1016 1595 1045 esse
1624 999 1745 1060 quod

356 1072 593 1134 loquimur.
634 1076 741 1118 Nam
781 1073 907 1117 multi
928 1073 1119 1117 haeretici
1149 1088 1238 1116 non
1260 1073 1469 1116 habentes
1502 1070 1634 1116 altare
1654 1106 1665 1125 ‚
1699 1071 1745 1115 id

357 1153 437 1199 est,
457 1159 603 1188 veram
624 1144 757 1188 fidem
775 1179 785 1197 ,
809 1143 1096 1203 blasphemias
1123 1159 1201 1203 pro
1223 1142 1352 1186 laude
1370 1141 1586 1196 dixerunt,
1610 1151 1745 1185 terre-

357 1214 423 1258 nis
439 1213 640 1258 videlicet
654 1214 940 1274 opinionibus
963 1215 1197 1273 aggravati,
1216 1222 1367 1257 votum
1391 1228 1517 1256 suum
1536 1221 1745 1271 tanquam

358 1285 402 1328 in
428 1294 584 1328 terram
609 1285 893 1344 projicientes.
924 1284 1007 1329 Sed
1025 1283 1155 1328 debet
1176 1299 1266 1329 esse
1288 1300 1389 1327 sana
1412 1284 1541 1327 etiam
1557 1282 1746 1326 offeren-

358 1355 411 1398 tis
433 1354 632 1398 intentio.
654 1357 711 1398 Et
733 1364 959 1414 propterea
978 1369 1077 1398 cum
1103 1352 1188 1397 tale
1206 1352 1370 1414 aliquid
1384 1352 1575 1396 oblaturi
1597 1366 1746 1395 sumus

358 1424 402 1467 in
425 1425 556 1468 corde
583 1433 752 1479 nostro,
778 1423 823 1468 id
846 1434 930 1479 est,
950 1425 995 1467 in
1018 1424 1221 1468 interiore
1244 1424 1320 1467 Dei
1348 1422 1512 1481 templo
1536 1441 1544 1466 :
1572 1441 1591 1463 «
1618 1424 1746 1464 Tem-

361 1515 380 1537 »
418 1496 538 1554 plum
563 1496 678 1539 enim
697 1496 773 1540 Dei
791 1505 988 1540 sanetum
1007 1504 1092 1549 est,
1116 1495 1282 1555 inquit,
1309 1494 1427 1554 quod
1451 1494 1551 1538 estis
1575 1495 1672 1537 vos¹
1695 1512 1703 1536 :
1723 1510 1743 1534 n

360 1575 424 1620 et,
449 1585 468 1607 «
495 1569 546 1608 In
566 1566 769 1609 interiore
787 1566 962 1609 homine
982 1565 1178 1608 habitare
1196 1565 1416 1609 Christum
1441 1579 1517 1623 per
1546 1562 1687 1606 fidem>
1704 1562 1748 1605 in

363 1655 383 1677 ι)
420 1635 625 1679 cordibus
652 1636 801 1679 vestris
819 1638 835 1660 ‘²
857 1655 865 1680 ;
891 1654 909 1676 »
928 1637 961 1679 si
982 1636 1027 1679 in
1048 1645 1237 1679 mentem
1254 1635 1421 1679 venerit
1442 1633 1562 1693 quod
1585 1632 1749 1692 aliquid

361 1705 521 1749 habeat
543 1704 771 1749 adversum
794 1720 871 1749 nos
893 1705 1026 1748 frater
1042 1740 1052 1758 ‚
1073 1705 1118 1748 id
1136 1713 1199 1748 est
1215 1740 1225 1758 ,
1251 1705 1284 1748 si
1315 1719 1392 1748 nos
1416 1719 1517 1747 eum
1539 1703 1584 1745 in
1604 1701 1750 1761 aliquo

362 1775 580 1833 laesimus3
606 1786 711 1819 tunc
739 1776 853 1819 enim
876 1777 966 1835 ipse
988 1776 1121 1819 habet
1149 1776 1376 1819 adversum
1412 1790 1488 1818 nos
1515 1794 1523 1818 :
1550 1789 1649 1816 nam
1674 1788 1752 1816 nos

364 1846 567 1889 adversus
586 1845 710 1888 illum
734 1846 944 1889 babemus
966 1880 976 1900 ,
1001 1845 1034 1888 si
1056 1843 1128 1888 ille
1152 1860 1230 1888 nos
1251 1844 1358 1887 laesit
1385 1864 1394 1888 ε
1417 1844 1492 1887 ubi
1530 1859 1616 1887 non
1642 1858 1753 1901 opus

364 1926 427 1959 est
449 1931 625 1974 pergere
640 1915 693 1959 ad
717 1915 1134 1971 reconciliationem3
1160 1930 1248 1958 non
1272 1914 1385 1956 enim
1405 1914 1576 1956 veniam
1600 1921 1751 1971 postu·-

366 1986 473 2029 labis
492 1986 546 2028 ab
565 2002 616 2029 eo
638 1986 711 2045 qui
737 1986 814 2029 tibi
840 1985 940 2029 fecit
963 1985 1161 2044 injuriam
1176 2020 1186 2038 ,
1211 1984 1286 2028 sed
1325 1994 1493 2027 tantum
1529 1983 1719 2026 dimittes
1737 2016 1748 2035 ‚

364 2057 472 2099 sicut
491 2056 565 2099 tibi
581 2055 740 2099 dimitti
765 2072 786 2099 a
812 2056 996 2100 Domino
1030 2056 1173 2114 cupis,
1201 2055 1320 2114 quod
1350 2054 1440 2112 ipse
1470 2053 1749 2097 commiseris.

367 2126 638 2184 Pet-gendum
663 2136 838 2183 estergo
862 2126 916 2169 ad
939 2125 1351 2178 reconciliationem,
1373 2139 1470 2167 cum
1498 2124 1541 2163 in
1562 2131 1752 2164 mentem

366 2198 532 2241 venerit
552 2196 671 2256 quod
695 2213 771 2240 nos
790 2195 901 2240 forte
922 2196 1098 2239 fratrem
1112 2195 1154 2238 in
1170 2194 1315 2251 aliquo
1338 2190 1523 2234 hesimus
1540 2210 1548 2234 :
1566 2205 1752 2249 pergen-

367 2267 472 2311 dum
492 2277 635 2311 autern
661 2282 748 2310 non
771 2266 955 2324 pedibus
972 2263 1161 2322 corporis
1178 2296 1188 2312 ‚
1213 2260 1288 2304 sed
1305 2261 1499 2305 motibus
1522 2260 1674 2314 animi,
1703 2269 1753 2304 ut

369 2347 410 2381 te
436 2336 590 2379 humili
607 2336 766 2379 affectu
788 2342 1030 2393 prosternas
1048 2330 1194 2386 fratri,
1216 2332 1271 2374 acl
1293 2347 1423 2391 quem
1436 2332 1564 2375 chara
1587 2331 1751 2388 cogita-

368 2407 485 2450 tione
507 2405 747 2449 cucurreris
762 2439 772 2457 ,
794 2405 838 2446 in
861 2412 1094 2462 conspectu
1117 2403 1207 2461 ejus
1237 2402 1307 2445 cui
1340 2417 1498 2445 munus
1526 2401 1751 2445 oblaturus
1818 2443 1819 2452 ,

370 2492 428 2520 es.
457 2480 521 2520 lta
544 2476 658 2519 enim
682 2475 808 2518 etiam
831 2475 864 2517 si
894 2489 1080 2533 praesens
1108 2473 1182 2527 sit,
1204 2473 1361 2531 poteris
1385 2488 1484 2515 eum
1509 2487 1598 2515 non
1619 2471 1754 2514 simu-
1818 2500 1819 2531 l

373 2546 459 2590 lato
478 2547 621 2590 animo
644 2546 800 2600 lenire,
828 2554 956 2604 atque
974 2545 1018 2588 in
1043 2544 1225 2603 gratiam
1248 2557 1449 2587 revocare
1468 2543 1636 2587 veniam
1652 2556 1753 2600 pos-

422 2636 429 2651 ¹
451 2632 521 2660 Cor.
548 2641 592 2670 ιιι,
617 2641 663 2670 ¹7·
686 2647 726 2652 --
747 2637 758 2653 ²
777 2629 890 2670 pres.
908 2640 951 2667 ιιι,
974 2639 1022 2669 ¹7-
