1819 3301
305 228 387 267 450
730 240 762 267 s.
801 240 1032 266 AUGUSTINI
1068 240 1248 266 Emscom

301 306 466 360 bonus,
497 306 586 350 sive
618 306 856 364 baptizaret
886 306 931 347 in
962 305 1200 349 ministerio
1233 319 1382 348 servus
1410 304 1551 348 malus
1558 334 1573 359 >
1607 319 1699 349 non

300 377 427 421 sciret
443 391 488 420 se
508 375 581 419 ille
604 376 679 435 qui
702 375 996 433 baptizaretur
1017 375 1240 434 baptizari,
1261 375 1342 418 nisi
1355 374 1409 419 ab
1428 374 1503 419 illo
1525 375 1600 435 qui
1618 375 1698 419 sibi

299 447 442 492 tenuit
457 438 705 505 baptizandi
722 453 998 504 potestatem.
1018 448 1074 489 Et
1087 455 1136 490 ut
1150 445 1355 490 noveritis
1371 481 1382 500 ‚
1403 444 1555 490 fratres
1567 480 1578 500 ‚
1599 446 1701 506 quia

300 517 384 562 hoc
402 518 447 560 in
465 516 541 559 illo
563 531 654 559 non
677 524 857 559 noverat
873 518 1079 571 Joannes,
1099 525 1142 559 et
1156 517 1241 561 hoc
1263 515 1417 560 didicit
1438 531 1514 575 per
1535 515 1703 560 colum-

300 590 400 632 bam
426 603 435 628 :
463 586 701 630 Dominum
724 587 840 630 enim
862 595 1068 641 noverat,
1101 587 1178 631 sed
1210 602 1311 631 eum
1344 585 1594 646 baptizandi
1621 586 1703 630 sibi

299 667 556 718 potestatem
581 666 880 711 retenturum,
906 667 949 702 et
973 657 1084 701 nulli
1106 673 1229 702 servo
1252 672 1350 701 eam
1366 656 1575 702 daturum
1590 672 1704 701 non-

300 730 407 773 dum
430 736 611 773 noverat
636 746 645 772 z
671 728 915 772 secundum
945 728 1028 772 hoc
1051 727 1159 772 dixit
1186 746 1195 773 :
1225 746 1245 770 «
1261 729 1426 786 Et'ego
1458 727 1705 772 nesciebam

307 822 323 841 »
360 814 515 843 eum.»
544 802 600 843 Et
624 808 675 843 ut
696 799 900 843 noveritis
917 833 928 853 ,
954 799 1056 858 quia
1078 798 1142 842 ibi
1167 799 1253 842 hoc
1280 798 1460 853 didicit,
1492 797 1705 842 attendite

300 870 527 930 sequentia
548 889 556 914 :
581 888 601 911 «
618 870 703 915 Sed
719 870 796 929 qui
813 869 929 913 misit
950 885 1019 913 me
1037 869 1254 928 baptizare
1271 869 1317 912 in
1335 885 1471 929 aqua,
1493 869 1585 928 ipse
1598 868 1706 912 mihi

308 961 327 983 »
363 940 471 985 dixit
503 959 511 986 :
552 943 690 1000 Super
725 956 855 1001 quem
894 940 1054 984 videris
1088 941 1300 1000 Spiritum
1337 940 1705 995 descendentem,

306 1032 325 1054 »
361 1012 484 1073 quasi
521 1012 771 1056 columbam
786 1047 797 1067 ‚
826 1021 869 1055 et
892 1021 1144 1055 manentem
1161 1027 1290 1071 super
1314 1027 1413 1056 eum
1428 1046 1439 1066 ‚
1473 1012 1562 1070 ipse
1585 1020 1663 1054 est.
1686 1030 1703 1051 »

304 1084 421 1137 Quid
444 1085 535 1143 ipse
551 1085 643 1127 est?
665 1084 890 1128 Dominus.
915 1082 998 1128 Sed
1010 1084 1101 1143 jam
1117 1092 1298 1127 noverat
1315 1082 1567 1128 Dominum.
1591 1084 1709 1140 Ergo

306 1165 458 1215 putate
492 1156 579 1198 huc
612 1171 751 1214 usque
773 1154 927 1199 dixisse
950 1157 1163 1198 Joannem
1193 1173 1202 1199 ς
1232 1173 1249 1194 «
1273 1157 1366 1212 Ego
1390 1169 1479 1198 non
1502 1167 1709 1198 noveram

309 1246 328 1267 »
364 1241 491 1279 eum,
519 1224 595 1269 sed
629 1225 706 1284 qui
737 1240 805 1268 me
834 1224 948 1268 misit
987 1224 1205 1283 baptizare
1240 1225 1285 1267 in
1313 1240 1448 1283 aqua,
1485 1224 1577 1282 ipse
1603 1222 1710 1266 mihi

315 1317 330 1337 »
367 1295 527 1339 dixit.»
554 1295 797 1348 Quaerimus
815 1294 920 1353 quid
936 1294 1125 1338 dixerit?
1145 1294 1351 1354 Sequitur
1369 1310 1377 1335 :
1394 1296 1560 1353 «Super
1576 1308 1710 1353 quem

311 1387 330 1408 »
367 1367 525 1411 videris
555 1367 765 1425 Spiritum
797 1365 1157 1420 descendentem,
1195 1365 1317 1425 quasi
1351 1364 1601 1409 columbam
1622 1400 1633 1420 ‚
1666 1374 1710 1409 et

312 1458 331 1480 n
367 1447 618 1482 manentem
642 1452 771 1496 super
803 1452 920 1480 eum.
949 1457 965 1478 »
1002 1439 1100 1481 Non
1122 1437 1222 1480 dico
1245 1436 1496 1496 sequentia3
1532 1436 1709 1480 interim

309 1509 521 1554 attendite
547 1528 555 1553 :
586 1528 605 1550 «
626 1511 764 1568 Super
795 1523 927 1567 quem
959 1507 1117 1551 videris
1142 1507 1351 1566 Spiritum
1374 1506 1712 1551 descendentem

315 1599 332 1621 »
367 1590 575 1639 tanquam
611 1579 861 1623 columbam
881 1613 892 1633 ‚
927 1587 969 1621 et
1005 1586 1257 1621 manentem
1296 1592 1426 1636 super
1460 1593 1560 1621 eum
1576 1613 1587 1632 ‚
1621 1578 1712 1636 ipse

315 1670 334 1692 »
370 1660 484 1694 est.»
513 1649 596 1694 Sed
619 1648 729 1709 quid
751 1649 840 1708 ipse
863 1657 941 1692 est.
968 1647 1086 1701 Quid
1107 1663 1177 1691 me
1198 1648 1339 1692 voluit
1363 1663 1440 1707 per
1461 1647 1713 1691 columbam

312 1722 467 1766 <locere
490 1721 566 1781 qui
589 1736 658 1764 me
676 1720 820 1763 misit?
846 1719 956 1772 Quia
978 1719 1069 1778 ipse
1092 1727 1183 1762 erat
1202 1719 1439 1763 Dominus?
1456 1721 1553 1762 Jam
1575 1734 1713 1763 nove-

318 1809 405 1837 iam
428 1810 451 1837 a
474 1808 563 1853 quo
585 1792 737 1835 missus
760 1806 879 1834 eram
901 1810 909 1835 :
926 1792 1017 1850 jam
1038 1805 1242 1834 noveram
1263 1805 1363 1833 eum
1386 1790 1457 1833 cui
1473 1789 1558 1833 dixi
1582 1809 1590 1834 :
1621 1793 1714 1834 «Tu

320 1886 337 1906 »
374 1865 430 1909 ad
447 1879 515 1907 me
532 1863 648 1906 venis
668 1862 904 1921 baptizari?
928 1864 1021 1919 Ego
1036 1877 1058 1905 a
1073 1870 1115 1905 te
1128 1861 1269 1905 debeo
1288 1860 1522 1919 baptizari:
1538 1876 1712 1921 »usque

316 1935 425 1978 adeo
448 1949 550 1991 ergo
583 1948 789 1976 noveram
811 1932 1045 1975 Dominum
1062 1967 1072 1985 ,
1098 1940 1149 1975 ut
1171 1946 1252 1990 ego
1276 1930 1331 1974 ab
1355 1946 1406 1974 eo
1427 1930 1585 1974 vellem
1602 1931 1714 1990 bap-

319 2005 439 2050 tizari
456 2039 467 2057 ‚
493 2019 582 2047 non
604 2013 655 2046 ut
672 2019 695 2046 a
718 2017 786 2045 me
810 2002 898 2060 ipse
921 2001 1241 2060 baptizaretur:
1266 2010 1309 2044 et
1332 2010 1438 2044 tunc
1458 2000 1566 2044 mihi
1587 2000 1709 2044 dixit:

323 2097 342 2118 «
362 2076 462 2121 Sine
479 2063 639 2128 ⁷modo,
663 2072 895 2131 impleatur
923 2073 1063 2116 omnis
1078 2073 1245 2132 justitia
1262 2075 1293 2127 1,
1313 2091 1333 2113 »
1357 2072 1447 2131 pati
1468 2073 1583 2126 veni,
1604 2072 1715 2131 bap-

322 2148 442 2192 tizari
469 2162 558 2190 non
589 2146 744 2189 venio?
775 2143 1049 2203 «Impleatur
1076 2144 1217 2188 omnis
1233 2144 1399 2203 justitia
1427 2163 1435 2187 :
1468 2164 1484 2184 »
1511 2145 1571 2188 ait
1607 2144 1714 2188 mihi

324 2223 437 2264 Deus
460 2233 596 2272 meus,
621 2215 855 2275 impleatur
872 2216 1012 2258 omnis
1028 2214 1212 2274 justitia,
1238 2215 1418 2257 doceam
1437 2214 1610 2273 plenam
1627 2215 1715 2258 hu-

325 2290 553 2334 militatem
576 2307 584 2332 :
605 2287 707 2331 novi
730 2286 1027 2345 superbientes
1049 2285 1094 2327 in
1118 2284 1267 2328 futuro
1288 2283 1454 2343 populo
1468 2300 1587 2340 meo,
1615 2286 1716 2329 novi

325 2361 493 2421 aliquos
515 2362 559 2403 in
582 2359 727 2418 aliqua
750 2356 1042 2401 excellentiori
1065 2357 1199 2414 gratia
1225 2356 1393 2399 futums
1412 2356 1630 2411 homines,
1667 2365 1717 2400 ut

325 2447 425 2475 cum
446 2430 635 2475 viderint
656 2429 811 2472 idiotas
832 2427 999 2487 aliquos
1035 2426 1240 2485 baptizari
1261 2462 1271 2481 ,
1297 2427 1359 2469 illi
1388 2427 1489 2486 quia
1518 2426 1716 2470 meliores

327 2503 405 2545 sibi
426 2502 645 2553 videntur,
662 2500 749 2544 sive
766 2494 1032 2557 continentia
1051 2497 1163 2551 ‚sive
1176 2496 1461 2554 eleemosynis
1477 2532 1487 2551 ‚
1511 2499 1598 2541 sive
1611 2496 1715 2542 doc-

377 2585 580 2623 ¹Matth.111,
612 2583 663 2624 14,
690 2584 736 2615 ι5.
