1819 3301
343 288 427 326 326
775 298 808 326 s,
845 298 1076 326 incensum
1111 297 1292 325 Bmscot’l

342 364 450 407 ravit
466 364 667 423 jumento
699 362 820 422 quod
849 363 1030 405 solvitur
1058 370 1108 405 ut
1141 362 1195 404 ad
1224 376 1381 420 aquam
1405 361 1605 405 ducatur.
1634 365 1728 419 Hy-

340 434 522 494 dropcm
545 444 689 477 autem
706 443 819 476 recte
841 447 1144 491 comparamus
1161 431 1282 475 diviti
1306 448 1460 477 avaro:
1487 433 1728 476 sicutenim

340 504 414 548 ille
434 500 598 564 quanto
623 504 756 562 magis
775 504 974 547 abundat
996 504 1179 547 humore
1201 502 1449 547 inordinato
1464 539 1474 557 ‚
1500 512 1620 547 tanto
1643 518 1731 546 am-

340 575 454 634 plius
484 575 595 630 sitit3
625 574 684 617 sic
706 573 785 617 iste
822 583 989 634 quanto
1028 583 1091 617 est
1112 574 1323 632 copiosior
1346 572 1528 627 divitiis,
1571 573 1731 633 quibus

340 662 430 690 non
453 648 563 689 bene
585 645 747 700 utitur,
774 654 895 689 tanto
918 644 1140 689 ardentius
1163 643 1262 688 talia
1293 645 1576 704 concupiscit.
1606 643 1731 689 Illam

340 731 442 760 vero
470 715 529 759 ita
568 715 723 760 morbo
757 715 1051 770 incurvatam,
1090 724 1140 759 ut
1173 731 1217 758 se
1246 714 1408 772 erigere
1443 731 1531 759 non
1554 724 1728 774 posset,

339 786 497 829 animae
533 786 712 829 terrenis
749 785 1029 844 opinionibus
1052 784 1289 829 debilitatae
1324 794 1456 845 atque
1491 800 1728 846 oppressae,

341 855 401 899 ita
422 863 472 899 ut
494 855 640 900 divina
657 856 848 916 cogitare
866 872 956 900 non
978 855 1138 900 valeat.

847 1006 1085 1056 QUAEsrlo
1116 1007 1238 1045 XXX.

400 1140 526 1191 Quon
560 1137 615 1181 de
649 1138 822 1183 civitate
856 1134 1274 1183 adducit‘invitatos
1317 1138 1373 1182 ad
1402 1140 1633 1193 coenam‘,
1678 1136 1733 1181 de

339 1208 430 1268 ipsa
453 1218 582 1268 gente
605 1212 626 1253 J
636 1209 862 1254 udaeorum
885 1211 961 1269 qui
989 1209 1272 1254 crediderunt
1296 1210 1510 1269 significat
1530 1244 1541 1262 ‚
1567 1208 1733 1253 debiles

341 1280 551 1339 peccatis,
590 1296 677 1325 non
710 1281 920 1324 habentes
952 1280 1202 1339 superbiam
1236 1281 1358 1340 quasi
1383 1280 1590 1340 justitiae,
1635 1295 1734 1339 quae

341 1351 527 1393 mendax
548 1351 751 1409 primates
774 1366 925 1394 corum
944 1367 967 1394 a
983 1351 1119 1409 gratia
1134 1350 1411 1409 prohibebat.
1435 1350 1565 1403 Quod
1588 1359 1734 1394 autem

343 1420 397 1464 de
417 1420 590 1480 sepibus
613 1430 654 1464 et
678 1421 758 1465 viis
782 1420 886 1465 alios
919 1421 1078 1465 adduci
1113 1421 1264 1481 jussit,
1300 1437 1401 1464 cum
1436 1420 1579 1465 adhuc
1612 1420 1734 1465 locus

343 1500 477 1546 esset,
504 1500 648 1548 gentes
683 1491 915 1550 significat,
943 1500 1120 1551 propter
1142 1491 1330 1536 diversas
1350 1492 1437 1535 vias
1459 1501 1674 1536 sectarum
1693 1501 1735 1535 et

343 1562 486 1622 spinas
504 1570 799 1621 peccatorum.

830 1700 1067 1750 QUAEsTIO
1099 1701 1239 1740 XXXI.

409 1850 429 1873 «
454 1832 653 1876 SnMrTns
672 1829 727 1874 ad
740 1840 904 1875 turrem
922 1829 1242 1887 aedificandam,
1263 1849 1283 1872 »
1304 1830 1414 1875 vires
1430 1829 1485 1875 ad
1499 1830 1737 1890 discipula-

348 1909 443 1945 tum
463 1901 622 1945 Christi
652 1899 943 1945 obtinendum
980 1921 989 1946 :
1021 1922 1039 1943 «
1068 1904 1125 1945 Et
1154 1901 1307 1945 decem
1335 1900 1469 1945 millia
1501 1900 1739 1961 praeliaturi

352 1990 371 2013 »
407 1986 509 2015 cum
533 1986 633 2029 rege
669 1971 745 2031 qui
767 1971 958 2014 habebat
982 1971 1132 2030 viginti
1153 1970 1288 2015 millia
1306 1973 1344 2025 2,
1374 1990 1391 2011 »
1418 1971 1738 2030 simplicitatem

350 2042 581 2088 Christiani
597 2040 841 2085 dimicaturi
857 2058 954 2086 cum
976 2041 1231 2100 duplicitate
1245 2041 1423 2096 diaboli,
1441 2043 1524 2086 hoc
1537 2051 1616 2097 est,
1638 2058 1737 2086 cum

349 2112 459 2157 dolis
494 2122 536 2156 et
574 2111 753 2156 fallaciis
790 2113 909 2172 ejus,
935 2112 979 2154 in
998 2113 1160 2155 affectu
1185 2113 1409 2155 constituit
1445 2112 1739 2157 renuntiantis

348 2182 553 2228 omnibus
585 2198 684 2242 quae
719 2192 821 2226 sunt
844 2183 948 2242 ejus.
987 2185 1049 2226 Ita
1073 2182 1188 2225 enim
1222 2182 1471 2239 concludit3
1501 2203 1520 2224 «
1549 2183 1616 2227 Sic
1638 2198 1739 2241 ergo

353 2272 373 2295 »
409 2253 548 2298 omnis
571 2269 621 2296 ex
653 2252 776 2298 vobis
805 2252 880 2313 qui
916 2268 1004 2296 non
1032 2252 1251 2296 renuntiat
1285 2253 1490 2296 omnibus
1514 2269 1613 2313 quae
1637 2263 1740 2298 sunt

353 2344 373 2367 »
410 2326 518 2385 ejus,
537 2340 626 2369 non
649 2333 790 2384 potest
811 2340 932 2368 meus
954 2340 1043 2368 esse
1066 2323 1320 2383 Discipulus.
1351 2343 1370 2365 »
1391 2327 1510 2369 Inter
1528 2341 1625 2384 quae
1641 2341 1736 2370 om-

350 2395 421 2439 nia
449 2395 579 2439 etiam
610 2394 699 2454 ipsa
737 2393 983 2454 temporalis
1015 2394 1102 2438 vita
1140 2394 1407 2452 intelligatur
1439 2410 1612 2439 necesse
1643 2405 1735 2447 est,

347 2481 481 2525 quam
503 2474 675 2524 oportet
696 2465 755 2509 sic
777 2464 994 2524 possidere
1012 2464 1066 2509 ad
1085 2474 1271 2524 tempus,
1289 2476 1443 2510 utnon
1466 2475 1507 2509 te
1526 2466 1739 2526 impediat

346 2536 402 2579 ab
428 2544 614 2591 aeterna,
635 2536 711 2596 qui
734 2551 829 2580 eam
852 2534 982 2580 fuerit
1005 2536 1193 2581 minatus
1218 2536 1401 2581 auferre.
1434 2537 1554 2581 Sicut
1585 2546 1735 2581 autem

399 2637 409 2654 ¹
431 2633 509 2663 Luc.
528 2643 594 2673 nv,
613 2641 667 2665 21.
685 2649 725 2655 --
747 2639 758 2655 ²
778 2632 860 2664 lbid.
886 2632 1010 2666 28-33.
