1819 3301
345 249 400 289 68
776 261 810 290 s.
846 260 1074 291 Auens-nm
1108 263 1288 291 EPISCOPI

344 336 438 372 tum
456 346 467 384 3
489 327 591 386 quia
608 335 651 371 et
669 328 763 372 haec
784 328 896 371 inter
913 327 986 371 illa
1004 336 1087 382 est,
1105 343 1204 387 quae
1223 336 1327 371 tunc
1339 325 1591 370 mirabiliter
1613 326 1728 370 facta

342 406 479 440 erant.
498 401 753 457 Quanquam
775 397 853 441 etsi
869 397 1101 441 Matthaeus
1124 396 1235 440 illud
1262 412 1352 441 non
1375 395 1631 451 addidisset,
1657 396 1727 439 in-

342 466 627 525 telligendum
662 477 780 522 erat,
811 483 913 511 cum
942 466 1080 510 multa
1106 467 1303 510 miranda
1337 466 1450 511 facta
1473 466 1661 520 fuerint,
1686 475 1729 510 et

343 539 489 583 omnia
518 538 726 583 Centurio
749 547 792 582 et
822 538 898 599 qui
934 553 1033 582 cum
1058 553 1108 581 eo
1141 547 1289 592 erant,
1308 537 1452 581 mirari
1482 536 1725 595 potuerint,

345 608 533 653 liberum
561 609 694 652 fuisse
719 608 996 653 narrantibus
1017 608 1125 668 quid
1154 608 1337 668 quisque
1371 607 1496 650 illum
1523 606 1730 650 miratum

343 693 682 723 commemorare
699 678 905 723 voluisset
921 697 929 723 z
944 693 1024 722 nec
1038 693 1109 722 eos
1124 678 1206 723 sibi
1224 692 1484 736 repugnare,
1503 691 1603 720 cum
1622 675 1729 720 alius

341 747 453 792 illud
474 783 484 804 ,
522 748 629 794 alius
650 748 759 793 illud
783 749 946 793 diceret
968 748 1096 792 fuisse
1118 748 1325 793 miratum
1347 765 1358 792 .·
1385 747 1563 808 quando
1584 746 1731 791 omnia

341 816 485 862 fuerat
515 818 588 862 ille
616 819 808 863 miratus.
835 818 965 871 Quod
1002 826 1147 862 autem
1170 817 1276 861 alius
1299 818 1357 861 ait
1384 837 1392 861 z
1418 817 1730 861 Centurionem

343 887 526 933 dixisse:
553 907 572 930 «
587 891 698 932 Vere
712 888 848 932 Filius
865 888 942 932 Dei
965 897 1056 931 erat
1070 888 1171 941 iste,
1202 906 1220 928 t(
1236 887 1344 930 alius
1368 896 1513 931 autem
1539 905 1548 932 ε
1579 906 1599 928 «
1619 889 1730 930 Vere

348 976 365 997 »
401 958 533 1002 homo
561 959 631 1002 hic
654 959 789 1002 Filius
807 967 919 1015 erat3
949 976 968 998 »
991 973 1080 1002 non
1102 957 1294 1001 movebit
1316 972 1416 1000 eum
1438 958 1509 1001 cui
1541 972 1630 1000 non
1654 972 1729 1000 ex-

341 1026 542 1071 ciderunt
569 1037 658 1071 tam
692 1027 829 1071 multa
852 1027 1046 1087 superius
1070 1027 1264 1071 similiter
1297 1026 1412 1071 dicta
1435 1036 1478 1070 et
1505 1027 1693 1086 exposita
1717 1043 1725 1069 :

341 1097 396 1140 ad
419 1112 550 1141 unam
586 1098 749 1157 quippe
771 1097 1029 1142 sententiam
1053 1107 1238 1157 utraque
1274 1098 1404 1141 verba
1429 1105 1697 1141 concurrunt
1718 1117 1728 1154 3

341 1181 421 1210 nec
437 1168 558 1227 quod
580 1167 687 1211 alius
710 1168 845 1211 tacuit
868 1187 876 1211 ι
912 1186 930 1208 «
952 1170 1117 1222 Homo,
1141 1187 1160 1208 »
1191 1167 1297 1210 alius
1321 1167 1456 1222 dixit,
1482 1167 1573 1211 ulio
1597 1165 1729 1211 modo

341 1239 607 1282 contrarium
628 1248 705 1282 est.
731 1239 869 1298 Magis
886 1239 1006 1298 quod
1028 1242 1165 1283 Lucas
1185 1254 1274 1282 non
1303 1239 1362 1283 ait
1387 1258 1394 1282 :
1417 1238 1730 1283 Centurionem

1816 1285 1819 1300 ι

342 1307 497 1352 dixisse
517 1324 526 1349 t
548 1328 566 1350 «
587 1309 720 1353 Filius
735 1309 811 1352 Dei
825 1318 930 1363 erat,
952 1308 1060 1352 »sed
1075 1343 1085 1363 ,
1115 1329 1132 1350 «
1154 1311 1302 1352 Justus
1316 1318 1406 1353 erat
1425 1328 1467 1353 z»
1493 1318 1636 1368 potest
1654 1324 1730 1367 pu·
1789 1310 1792 1316 “
1817 1301 1819 1347 ἶ

342 1378 424 1422 tari
435 1379 650 1423 diversum
667 1378 765 1424 :sed
776 1378 846 1423 vel
859 1388 1095 1438 utrumque
1105 1378 1270 1423 dictum
1286 1395 1307 1422 a
1322 1379 1588 1423 Centurione
1601 1379 1730 1423 intel-

341 1447 474 1506 ligere
488 1449 714 1504 debemus,
730 1458 773 1492 et
785 1448 904 1492 aliud
926 1447 1037 1503 illos,
1056 1447 1315 1492 aliudistum
1339 1464 1699 1493 commemorasse
1716 1469 1727 1506 3

342 1519 413 1563 vel
434 1519 612 1563 fortasse
634 1523 798 1564 Lucam
821 1519 1059 1578 exprimere
1078 1518 1265 1563 voluisse
1283 1520 1538 1563 sententiam
1561 1522 1728 1564 Centu-

342 1589 490 1644 rionis,
508 1589 730 1649 quomodo
745 1589 901 1633 dixerit
915 1592 938 1632 J
942 1605 1061 1633 esum
1079 1589 1239 1632 Filium
1254 1590 1345 1633 Dei.
1367 1592 1497 1633 Forte
1510 1590 1625 1633 enim
1640 1605 1730 1634 non

345 1673 446 1702 eum
465 1661 749 1718 Unigenitum
764 1658 977 1718 aequalem
994 1659 1110 1702 Patri
1123 1660 1332 1703 Centurio
1345 1659 1630 1714 intellexerat,
1655 1658 1731 1703 sed

342 1729 441 1774 ideo
455 1729 613 1774 Filium
627 1730 704 1774 Dei
718 1730 897 1783 dixerat,
914 1729 1014 1788 quia
1027 1731 1192 1788 justum
1207 1730 1465 1786 crediderat,
1481 1731 1590 1775 sicut
1605 1730 1730 1774 multi

337 1801 444 1858 justi
478 1800 581 1843 dicti
615 1808 717 1843 sunt
738 1800 814 1842 filii
849 1799 941 1842 Dei.
968 1799 1095 1851 Quod
1127 1809 1272 1844 autem
1306 1802 1436 1845 etiam
1469 1802 1558 1860 ipsc
1594 1805 1729 1845 Lucas

343 1869 479 1913 dixit:
507 1889 527 1911 «
553 1869 715 1913 Videns
743 1877 888 1912 autem
911 1869 1119 1913 Centurio
1141 1870 1262 1929 quod
1293 1871 1456 1914 factum
1487 1881 1603 1925 erat,
1634 1890 1653 1912 »
1683 1871 1730 1916 in

342 1956 395 1984 eo
417 1939 757 1997 genereinclusit
776 1939 934 1993 omnia,
952 1955 1050 1998 quae
1067 1940 1112 1981 in
1130 1939 1202 1982 illa
1218 1941 1322 1983 hora
1341 1940 1594 1985 mirabiliter
1613 1941 1729 1986 facta

344 2019 483 2064 erant,
504 2019 712 2069 tanquam
730 2023 866 2052 unum
883 2007 1080 2051 mirabile
1099 2008 1262 2052 factum
1281 2025 1638 2066 commemoranS,
1655 2028 1726 2055 cu«

337 2080 408 2140 jus
425 2079 546 2139 quasi
563 2079 757 2123 membra
770 2087 813 2120 et
827 2087 967 2136 partes
982 2087 1103 2122 erant
1119 2079 1263 2122 omnia
1278 2078 1350 2123 iila
1364 2080 1587 2125 miracula.
1607 2085 1726 2125 Jam-

341 2164 445 2194 vero
466 2147 587 2208 quod
605 2147 836 2192 Matthaeus
860 2146 1027 2190 addidit
1053 2166 1062 2192 z
1091 2166 1109 2189 «
1134 2151 1219 2192 Eos
1238 2150 1313 2208 qui
1336 2165 1436 2194 cum
1458 2151 1726 2195 Centurione

345 2238 365 2262 »
401 2228 523 2263 erant
548 2253 559 2273 ,
588 2236 607 2259 »
633 2217 704 2261 alii
739 2225 885 2260 autem
917 2217 1000 2261 hoc
1033 2226 1294 2275 tacuerunt3
1335 2220 1405 2262 cui
1426 2235 1515 2264 non
1547 2230 1726 2280 apparet

342 2306 394 2335 ex
416 2289 635 2333 notissima
656 2286 801 2344 regula
817 2302 906 2330 non
930 2302 1017 2331 esse
1036 2289 1300 2331 contrarium
1317 2324 1327 2344 ,
1353 2305 1452 2334 cum
1482 2290 1591 2334 alius
1619 2291 1726 2336 dicit

343 2359 462 2420 quod
480 2358 587 2403 alius
613 2358 757 2401 tacet?
783 2359 838 2400 Et
862 2356 982 2415 quod
1004 2358 1237 2402 Matthaeus
1260 2358 1365 2402 dixit
1393 2379 1400 2403 :
1427 2378 1446 2401 «
1468 2361 1725 2405 Timuerunt

344 2449 365 2471 »
401 2429 527 2474 valde
539 2450 550 2486 3
564 2432 728 2472 »Lucas
741 2436 885 2470 autem
899 2443 987 2471 non
999 2427 1118 2482 dixit,
1128 2430 1303 2484 Timuit,
1319 2430 1408 2485 sed,
1425 2450 1444 2473 «
1457 2431 1725 2477 Glorificavit

346 2517 367 2540 »
403 2502 539 2543 Deum
558 2519 569 2556 3
595 2516 616 2540 n
641 2498 738 2557 quis
760 2512 850 2542 non
871 2512 971 2541 eum
989 2497 1203 2557 intelligat
1224 2500 1418 2545 timendo
1441 2501 1724 2559 glorificasse?
