1819 3301
354 233 371 268 1
381 229 436 269 94
793 244 826 269 s.
863 241 1093 270 Aucus‘nm
1127 242 1310 269 Episcom

348 325 366 348 »
402 305 516 349 tuari
532 320 554 349 a
575 314 641 361 te,
662 321 717 349 ne
734 314 950 350 aversatus
973 305 1103 349 fueris
1119 307 1148 348 1.
1168 304 1302 349 Omni
1325 305 1512 364 petenti,
1535 323 1555 347 »
1577 306 1735 367 inquit,

343 391 433 420 non
449 411 459 431 ‚
485 375 629 420 omnia
653 376 843 435 petenti:
863 384 910 418 ut
927 374 972 418 id
996 372 1071 418 des
1095 374 1217 434 quod
1239 374 1341 418 dare
1364 375 1545 419 honeste
1567 377 1739 436 etjuste

342 455 479 505 potes.
506 446 619 499 Quid
648 447 681 490 si
700 446 816 490 enim
839 445 1069 504 pecuniam
1093 454 1234 505 petat,
1255 460 1344 505 qua
1365 444 1645 490 innocentem
1662 462 1739 491 co-

345 527 474 562 netur
507 517 780 576 opprimere?
802 515 914 568 Quid
936 515 971 559 si
993 525 1216 575 postremo
1245 526 1446 575 stuprum
1481 518 1630 575 petat?
1657 516 1742 561 Sed

347 604 403 632 ne
425 585 562 632 multa
586 603 819 647 persequar
840 603 940 647 quae
962 596 1064 631 sunt
1089 586 1427 631 innumerabilia
1445 621 1456 642 ,
1482 585 1527 631 id
1546 587 1741 647 profecto

346 658 542 702 dandum
565 667 655 712 est,
690 656 811 718 quod
834 673 913 701 nec
943 657 1020 702 tibi
1046 674 1126 702 nec
1153 657 1277 702 alteri
1308 666 1489 711 noceat,
1525 667 1741 718 quantum

345 728 441 772 sciri
462 737 538 771 aut
570 727 688 771 credi
717 727 772 771 ab
793 728 968 772 homine
1004 737 1146 787 potest
1172 747 1181 772 ε
1214 737 1257 771 et
1285 727 1357 771 cui
1385 729 1500 788 juste
1522 728 1741 786 negaveris

342 798 464 859 quod
486 799 615 858 petit,
642 798 875 843 indicanda
899 808 962 842 est
990 799 1080 858 ipsa
1098 799 1289 858 justitia,
1318 807 1366 842 ut
1392 815 1481 844 non
1507 815 1608 843 eum
1645 799 1744 844 ina—

346 884 442 913 nem
485 869 692 913 dimittas.
735 871 800 912 Ita
822 869 941 912 omni
968 868 1133 928 petenti
1173 877 1213 912 te
1237 867 1360 912 dabis
1379 903 1390 924 ‚
1431 869 1629 930 quamvis
1652 885 1741 914 non

343 955 513 1000 semper
548 939 594 983 id
616 938 736 1000 quod
756 939 863 998 petit
886 938 1007 983 dabis
1026 960 1038 997 3
1063 948 1106 983 et
1129 937 1365 999 aliquando
1395 938 1551 984 melius
1574 938 1742 1001 aliquid

348 1010 492 1065 dabis,
513 1025 614 1054 cum
638 1019 857 1069 petentem
875 1009 1035 1069 injusta
1053 1010 1305 1054 correxeris.

407 1083 609 1125 LXVIII.
631 1079 758 1134 Quod
779 1089 924 1124 autem
947 1080 1032 1124 ait:
1063 1099 1082 1122 «
1108 1080 1188 1134 Qui
1210 1079 1398 1124 voluerit
1421 1096 1443 1123 a
1467 1089 1509 1124 te
1531 1079 1741 1136 mutuari,

353 1171 372 1192 »
407 1168 462 1195 ne
481 1162 698 1197 aversatus
730 1150 857 1195 fueris
879 1171 887 1195 1
918 1170 935 1192 υ
963 1151 1017 1195 ad
1035 1151 1229 1195 animum
1253 1150 1533 1195 referendum
1556 1161 1634 1196 cst.
1664 1151 1744 1196 Hi-

348 1222 482 1266 larem
501 1223 617 1266 enim
643 1222 838 1266 datorem
871 1221 1013 1280 diligit
1032 1224 1160 1265 Deus.
1187 1224 1416 1266 Mutuatur
1436 1231 1582 1266 autem
1606 1222 1746 1266 omnis

350 1295 425 1354 qui
449 1294 633 1353 accipit,
670 1295 800 1337 etiam
833 1293 866 1337 si
895 1309 984 1337 non
1006 1293 1098 1352 ipse
1122 1293 1344 1337 soluturus
1373 1303 1437 1337 est
1464 1314 1471 1337 :
1505 1309 1604 1338 cum
1628 1294 1754 1337 enim.

353 1364 702 1409 misericordibus
738 1368 849 1408 Deus
884 1364 1008 1423 plura
1041 1365 1265 1419 restituat5
1305 1364 1444 1408 omnis
1469 1365 1547 1424 qui
1579 1365 1747 1408 benefi-

351 1435 466 1479 cium
487 1444 682 1494 praestat‚
704 1434 962 1478 foeneratur.
985 1438 1074 1478 Aut
1099 1435 1130 1478 si
1155 1450 1242 1478 non
1269 1433 1412 1493 placet
1434 1435 1626 1494 accipere
1650 1451 1748 1479 mu-

357 1516 552 1550 tuantem
576 1507 654 1550 nisi
682 1522 783 1549 eum
816 1506 892 1566 qui
926 1505 1083 1565 accipit
1115 1504 1362 1549 redditurus
1380 1540 1391 1560 ‚
1417 1506 1748 1564 intelligendum

356 1586 419 1620 est
439 1577 670 1621 Dominum
693 1577 782 1620 duo
805 1577 894 1635 ipsa
914 1592 1070 1635 genera
1086 1574 1322 1636 praestandi
1345 1591 1433 1619 esse
1454 1576 1745 1636 complexum.

357 1649 554 1706 Namque
579 1656 654 1690 aut
676 1647 889 1690 donamus
912 1646 1032 1706 quod
1054 1644 1207 1690 damus
1239 1645 1450 1690 benevole
1467 1682 1478 1702 ,
1512 1656 1586 1691 aut
1608 1646 1751 1691 reddi-

362 1727 458 1761 turo
480 1716 821 1761 commodamus.
842 1719 897 1760 Et
921 1715 1179 1776 plerumque
1198 1715 1413 1771 homines,
1435 1718 1511 1776 qui
1530 1717 1750 1776 proposito

357 1788 504 1833 divino
525 1787 701 1847 praemio
724 1787 886 1831 donare
912 1787 1050 1847 parati
1073 1797 1189 1841 sunt,
1215 1787 1270 1830 ad
1297 1785 1496 1831 dandum
1518 1786 1635 1848 quod
1659 1803 1751 1832 mu-

359 1870 483 1904 tuum
508 1859 670 1918 petitur
692 1859 799 1917 pigri
823 1859 954 1911 fiunt‚
976 1858 1097 1918 quasi
1115 1857 1222 1901 nihil
1249 1860 1466 1917 recepturi
1482 1874 1504 1902 a
1525 1862 1629 1913 Deo,
1649 1875 1748 1903 cum

360 1945 449 1973 rem
473 1946 571 1990 quae
594 1928 723 1973 datur
738 1964 748 1982 ‚
779 1928 852 1972 ille
883 1929 958 1988 qui
981 1928 1137 1987 accipit
1158 1927 1346 1971 exolvat.
1374 1931 1507 1971 Recte
1524 1929 1671 1989 itaque
1695 1928 1751 1973 ad

358 2001 442 2044 hoc
466 2000 664 2043 beneficii
689 1999 907 2043 tribuendi
937 2014 1072 2057 genus
1101 2014 1178 2042 nos
1201 1997 1348 2041 divina
1372 1998 1572 2043 hortatur
1595 2008 1750 2043 aucto-

360 2071 461 2114 ritas
483 2069 629 2114 dicens
654 2089 661 2113 :
694 2089 713 2111 «
739 2073 795 2113 Et
817 2069 893 2129 qui
917 2068 1103 2113 volucrit
1126 2084 1149 2111 a
1172 2078 1214 2111 te
1248 2069 1461 2122 mutuari,
1500 2085 1552 2112 ne
1587 2085 1752 2114 aversa-

365 2160 384 2183 »
421 2151 490 2185 tus
522 2140 681 2184 fueris:
712 2159 730 2180 n
763 2140 805 2183 id
828 2149 912 2193 est,
946 2155 999 2183 ne
1030 2148 1256 2197 propterea
1290 2137 1562 2182 voluntatem
1593 2138 1752 2183 alienes

362 2213 416 2257 ab
439 2229 489 2257 eo
509 2212 586 2273 qui
610 2212 741 2271 petit,
767 2212 868 2271 quia
888 2220 931 2254 et
953 2210 1136 2269 pecunia
1161 2219 1232 2253 tua
1253 2209 1446 2264 vacabit,
1470 2220 1513 2253 et
1536 2213 1649 2254 Deus
1672 2211 1752 2254 tibi

364 2300 451 2328 non
471 2282 718 2327 redditurus
741 2291 831 2335 est,
852 2296 951 2324 cum
974 2280 1105 2324 homo
1128 2278 1366 2323 reddiderit
1391 2298 1399 2323 z
1424 2280 1496 2324 sed
1517 2296 1616 2324 cum
1639 2279 1682 2324 id
1701 2297 1752 2324 ex

361 2363 580 2414 praecepto
603 2353 679 2397 Dei
701 2351 804 2396 facis
819 2387 830 2406 ‚
855 2350 972 2412 apud
993 2350 1118 2396 illum
1140 2350 1216 2411 qui
1240 2351 1334 2395 haec
1351 2351 1478 2411 jubet
1498 2349 1750 2396 infructuo-

361 2440 457 2469 sum
476 2440 564 2469 esse
581 2439 671 2469 non
690 2431 849 2483 potest.

412 2527 420 2543 ¹
448 2520 561 2552 Matth2
581 2530 614 2559 v,
635 2517 689 2560 42.
