1819 3301
315 252 397 290 378
744 262 776 288 s.
813 258 1039 286 Auous'rim
1072 257 1254 289 nuscum

314 327 530 381 bitretur,
567 325 713 370 sinon
751 325 808 367 ita
845 321 1074 380 contigisse
1096 320 1140 364 in
1176 318 1358 364 Actibus
1393 319 1701 379 Apostolorum

314 397 657 443 manifestissime
699 395 851 453 legerit
879 395 907 436 ¹.
941 395 1037 437 Non
1078 407 1182 450 ergo
1229 391 1434 436 abhorret
1477 390 1597 451 quod
1645 391 1705 436 ait

316 473 526 523 Joannes,
570 487 588 508 «
617 471 847 524 Propterea
872 479 960 507 non
992 471 1195 522 poterant
1223 461 1420 517 credere,
1445 463 1548 522 quia
1571 477 1704 506 excae·

319 560 338 582 »
375 541 487 585 cavit
508 538 657 582 oculos
679 552 829 582 eorum
854 545 902 584 ut
925 550 1011 579 non
1035 533 1238 588 videant,
1277 552 1296 576 »
1323 534 1378 577 ab
1396 549 1445 578 ea
1468 534 1701 588 sententia,

316 628 402 672 qua
432 609 709 666 intelligimus
737 606 835 651 ideo
865 615 1098 650 excaecatos
1126 613 1175 648 ut
1203 614 1588 658 converterentur,
1622 605 1706 649 hoe

317 692 378 726 cst
393 718 404 736 ‚
426 681 522 724 ideo
545 681 603 723 eis
628 695 705 738 per
726 678 1008 723 obscuritates
1023 675 1327 736 parabolarum
1354 676 1590 720 occultatas
1609 691 1704 719 sen-

316 753 471 798 tentias
500 751 700 805 Domini,
739 760 789 794 ut
818 759 915 809 post
953 750 1044 809 ejus
1077 749 1438 792 resurrectionem
1468 747 1706 791 salubriore

316 823 573 883 poenitentia
598 821 894 879 resipiscerent
914 820 1041 879 :quia
1064 834 1141 878 per
1169 818 1477 863 obscuritatem
1500 818 1707 861 sermonis

316 893 546 945 excaecati,
571 891 685 936 dicta
709 891 880 935 Domini
906 906 995 934 non
1019 889 1325 933 intellexerunt
1341 924 1352 943 ,
1378 897 1421 932 et
1445 903 1494 931 ea
1524 903 1613 932 non
1642 888 1709 931 in-

318 964 578 1022 telligendo,
610 978 699 1006 non
721 962 765 1005 in
791 977 891 1005 cum
915 960 1220 1014 crediderunt,
1253 975 1342 1004 non
1364 957 1583 1003 credendo
1605 973 1708 1002 cru-

318 1036 547 1080 cifixerunt
571 1049 693 1088 eum,
719 1042 850 1093 atque
873 1033 931 1076 ita
955 1041 1052 1091 post
1075 1033 1165 1091 ejus
1188 1030 1549 1075 resurrectionem
1576 1029 1708 1073 mira-

318 1105 454 1160 culis,
493 1121 592 1164 quae
625 1105 669 1148 in
703 1105 795 1163 ejus
831 1103 1006 1147 nomine
1044 1103 1209 1146 fiebant
1233 1137 1244 1155 ,
1284 1100 1502 1155 exterriti,
1548 1100 1710 1159 majore

320 1176 510 1220 criminis
527 1184 650 1218 reatu
665 1174 917 1233 compuncti
930 1182 1032 1218 sunt
1045 1182 1087 1216 et
1099 1171 1300 1231 prostrati
1315 1170 1370 1215 ad
1386 1170 1707 1229 poenitentiam,

320 1247 480 1290 deinde
503 1255 681 1305 accepta
702 1244 973 1303 indulgentia
996 1243 1050 1288 ad
1072 1242 1365 1288 obedientiam
1384 1240 1710 1299 flagrantissima

321 1316 554 1360 dilectione
576 1316 785 1360 conversi.

382 1389 461 1430 ΙΙΙ.
498 1389 606 1431 Nam
627 1386 783 1445 quibus
806 1401 896 1431 non
919 1383 1084 1443 profuit
1107 1384 1179 1427 illa
1197 1384 1366 1427 caecitas
1389 1383 1443 1426 ad
1461 1381 1711 1426 conversio-

322 1472 445 1511 nem,
472 1472 570 1516 quae
597 1472 673 1515 per
698 1455 893 1514 linguam
927 1454 1233 1514 parabolarum
1268 1453 1426 1507 fiebat,
1461 1452 1521 1496 ita
1554 1450 1608 1495 de
1629 1448 1712 1495 iilis

324 1527 538 1584 Propheta
568 1526 651 1570 alio
674 1525 771 1570 loco
803 1525 934 1579 dicit,
960 1523 1081 1585 quod
1112 1524 1241 1567 etiam
1269 1522 1500 1582 Apostolus
1521 1535 1714 1565 comme-

322 1597 508 1640 moravit
531 1612 631 1640 cum
654 1597 708 1640 de
736 1597 1001 1641 obscuritate
1028 1595 1276 1652 linguarum
1297 1603 1443 1652 ageret
1465 1611 1475 1639 ι
1500 1611 1519 1634 ι(
1546 1595 1597 1636 In
1621 1591 1712 1635 aliis

328 1685 346 1707 »
382 1666 561 1723 linguis,
588 1676 630 1709 et
651 1666 695 1708 in
719 1667 810 1709 aliis
831 1666 956 1711 labiis
978 1665 1132 1724 loquar
1154 1663 1319 1724 populo
1342 1664 1444 1707 huic
1460 1698 1470 1717 ,
1487 1671 1530 1706 et
1551 1676 1631 1705 nec
1653 1662 1712 1705 sic

327 1756 346 1778 »
382 1752 451 1780 me
471 1737 704 1780 exaudient
722 1771 731 1789 ,
758 1736 864 1780 dicit
885 1736 1096 1780 Dominus
1110 1739 1141 1778 ¹².
1172 1737 1311 1779 »Non
1333 1734 1450 1778 enim
1471 1732 1710 1786 diceretur,

327 1827 346 1849 «
362 1810 449 1851 Nec
463 1808 521 1851 sic
536 1822 604 1850 me
622 1806 900 1859 exaudient,»
917 1806 998 1849 nisi
1014 1806 1069 1848 ad
1086 1806 1170 1850 hoc
1192 1806 1329 1857 fieret,
1346 1814 1396 1847 ut
1416 1803 1484 1848 vel
1501 1803 1562 1847 sic
1583 1817 1713 1846 exau-

323 1878 468 1921 dirent
487 1897 494 1921 :
514 1879 556 1921 id
587 1887 680 1931 est,
702 1887 751 1921 ut
772 1878 830 1920 eis
865 1876 920 1920 ad
951 1875 1161 1920 humilem
1193 1875 1508 1920 confessionem
1536 1883 1580 1918 et
1599 1873 1716 1918 solli-

324 1948 454 1991 citam
478 1947 801 2006 inquisitionem
824 1956 867 1990 et
900 1946 1177 1990 obedientem
1211 1946 1537 1990 conversionem
1560 1954 1602 1988 et
1629 1943 1714 1987 fer-

323 2028 497 2064 ventem
532 2017 810 2061 dilectionem
849 2017 1024 2060 valeret.
1072 2020 1149 2060 Est
1189 2032 1292 2060 vero
1329 2016 1456 2059 etiam
1491 2016 1571 2058 ista
1604 2015 1713 2057 ratio

322 2090 546 2134 medicinae
563 2088 811 2146 corporalis.
838 2091 943 2133 Nam
964 2097 1007 2131 et
1025 2087 1231 2147 pleraque
1254 2088 1569 2131 medicamenta
1593 2084 1711 2143 prius

320 2161 518 2217 affligunt
549 2168 598 2202 ut
620 2169 794 2213 sanent,
821 2167 864 2201 et
886 2158 976 2216 ipsa
998 2157 1179 2214 collyria
1201 2172 1299 2216 quae
1323 2156 1378 2199 ad
1400 2155 1550 2198 oculos
1575 2155 1709 2213 perti-

319 2239 446 2284 nent,
477 2231 509 2273 si
532 2245 580 2274 ea
604 2245 713 2288 opus
741 2238 804 2273 cst
835 2229 1094 2272 intrinsecus
1126 2226 1322 2281 infundi,
1349 2226 1430 2269 nisi
1452 2240 1625 2269 sensum
1646 2225 1711 2270 vi-

320 2299 451 2344 dendi
469 2300 585 2359 prius
600 2299 806 2346 claudant
824 2307 866 2341 et
884 2297 1163 2357 perturbent,
1181 2297 1385 2355 prodesse
1398 2310 1487 2340 non
1506 2304 1703 2355 possunt.

382 2373 457 2414 IV.
493 2373 581 2415 Nec
599 2378 771 2415 moveat
792 2368 914 2428 quod
930 2368 1046 2411 idem
1071 2367 1285 2425 Propheta
1308 2366 1414 2411 dicit
1435 2385 1443 2410 :
1462 2384 1483 2408 «
1504 2365 1594 2411 Nisi
1610 2380 1709 2410 cre-

326 2459 345 2482 »
380 2441 590 2495 dideritis,
617 2457 706 2485 non
726 2439 1003 2498 intelligetis:
1030 2456 1049 2479 »
1075 2439 1197 2498 quasi
1228 2438 1494 2482 contrarium
1512 2437 1566 2481 sit
1587 2435 1709 2496 quod

320 2513 508 2556 Joannes
547 2513 605 2556 ait
643 2530 652 2557 ι
694 2514 973 2568 «Propterea
1009 2524 1098 2552 non
1132 2517 1334 2567 poterant
1369 2506 1568 2562 credere,
1601 2506 1705 2566 quia

371 2604 380 2621 ¹
402 2598 473 2629 Aet
491 2608 526 2637 u,
542 2597 595 2638 37.
616 2614 658 2620 —
676 2603 689 2620 ²
710 2608 721 2629 1
739 2599 811 2630 Cor.
832 2606 901 2636 xiv,
923 2603 978 2636 21,
998 2599 1032 2627 et
1049 2594 1119 2626 lsai.
1135 2603 1244 2633 xxviii,
1268 2603 1319 2626 u.
