<?xml version="1.0" encoding="UTF-8"?>
<!DOCTYPE html PUBLIC "-//W3C//DTD XHTML 1.0 Transitional//EN"
    "http://www.w3.org/TR/xhtml1/DTD/xhtml1-transitional.dtd">
<html xmlns="http://www.w3.org/1999/xhtml" xml:lang="en" lang="en">
 <head>
  <title>
</title>
<meta http-equiv="Content-Type" content="text/html;charset=utf-8" />
  <meta name='ocr-system' content='tesseract 3.04.00' />
  <meta name='ocr-capabilities' content='ocr_page ocr_carea ocr_par ocr_line ocrx_word'/>
</head>
<body>
  <div class='ocr_page' id='page_1' title='image "./operaomniaaccura14auguuoft_0066.png"; bbox 0 0 1819 3301; ppageno 0'>
   <div class='ocr_carea' id='block_1_1' title="bbox 350 282 1302 319">
    <p class='ocr_par' dir='ltr' id='par_1_1' title="bbox 350 282 1302 319">
     <span class='ocr_line' id='line_1_1' title="bbox 350 282 1302 319; baseline -0.003 0"><span class='ocrx_word' id='word_1_1' title='bbox 350 282 404 319; x_wconf 77' lang='lat'>56</span> <span class='ocrx_word' id='word_1_2' title='bbox 790 292 822 319; x_wconf 90' lang='lat' dir='ltr'>s.</span> <span class='ocrx_word' id='word_1_3' title='bbox 863 293 1090 319; x_wconf 60' lang='lat' dir='ltr'>Avensa-affl</span> <span class='ocrx_word' id='word_1_4' title='bbox 1125 292 1302 318; x_wconf 62' lang='lat' dir='ltr'>eviscovi</span> 
     </span>
    </p>
   </div>
   <div class='ocr_carea' id='block_1_2' title="bbox 334 355 1760 2662">
    <p class='ocr_par' dir='ltr' id='par_1_2' title="bbox 335 355 1760 1756">
     <span class='ocr_line' id='line_1_2' title="bbox 347 355 1735 414; baseline -0.001 -13"><span class='ocrx_word' id='word_1_5' title='bbox 347 357 457 402; x_wconf 88' lang='lat' dir='ltr'>viter</span> <span class='ocrx_word' id='word_1_6' title='bbox 491 356 630 401; x_wconf 87' lang='lat' dir='ltr'>voluit</span> <span class='ocrx_word' id='word_1_7' title='bbox 659 357 860 400; x_wconf 87' lang='lat' dir='ltr'>intimare</span> <span class='ocrx_word' id='word_1_8' title='bbox 895 355 1017 400; x_wconf 80' lang='lat' dir='ltr'>Pilati</span> <span class='ocrx_word' id='word_1_9' title='bbox 1050 356 1320 399; x_wconf 84' lang='lat' dir='ltr'>voluntatem</span> <span class='ocrx_word' id='word_1_10' title='bbox 1349 364 1392 399; x_wconf 90' lang='lat' dir='ltr'>et</span> <span class='ocrx_word' id='word_1_11' title='bbox 1428 363 1632 398; x_wconf 89' lang='lat' dir='ltr'>conatum</span> <span class='ocrx_word' id='word_1_12' title='bbox 1657 369 1735 414; x_wconf 89' lang='lat' dir='ltr'>pro</span> 
     </span>
     <span class='ocr_line' id='line_1_3' title="bbox 344 423 1734 473; baseline -0.003 0"><span class='ocrx_word' id='word_1_13' title='bbox 344 427 519 473; x_wconf 90' lang='lat' dir='ltr'>Domini</span> <span class='ocrx_word' id='word_1_14' title='bbox 539 428 641 471; x_wconf 90' lang='lat' dir='ltr'>vita.</span> <span class='ocrx_word' id='word_1_15' title='bbox 668 429 780 472; x_wconf 89' lang='lat' dir='ltr'>Cum</span> <span class='ocrx_word' id='word_1_16' title='bbox 804 427 918 470; x_wconf 92' lang='lat' dir='ltr'>enim</span> <span class='ocrx_word' id='word_1_17' title='bbox 943 425 1116 470; x_wconf 79' lang='lat' dir='ltr'><strong>dixisset</strong></span> <span class='ocrx_word' id='word_1_18' title='bbox 1138 445 1146 470; x_wconf 88' lang='lat'><strong>:</strong></span> <span class='ocrx_word' id='word_1_19' title='bbox 1178 444 1197 467; x_wconf 90' lang='lat'>«</span> <span class='ocrx_word' id='word_1_20' title='bbox 1218 428 1274 469; x_wconf 87' lang='lat' dir='ltr'>At</span> <span class='ocrx_word' id='word_1_21' title='bbox 1294 424 1357 468; x_wconf 88' lang='lat' dir='ltr'>illi</span> <span class='ocrx_word' id='word_1_22' title='bbox 1379 425 1539 468; x_wconf 86' lang='lat' dir='ltr'>iterum</span> <span class='ocrx_word' id='word_1_23' title='bbox 1571 423 1734 470; x_wconf 85' lang='lat' dir='ltr'>clama—</span> 
     </span>
     <span class='ocr_line' id='line_1_4' title="bbox 346 495 1734 556; baseline -0.001 -15"><span class='ocrx_word' id='word_1_24' title='bbox 346 518 367 541; x_wconf 87' lang='lat'>»</span> <span class='ocrx_word' id='word_1_25' title='bbox 400 507 559 544; x_wconf 87' lang='lat' dir='ltr'>verunt</span> <span class='ocrx_word' id='word_1_26' title='bbox 589 518 597 542; x_wconf 89' lang='grc'>;</span> <span class='ocrx_word' id='word_1_27' title='bbox 623 498 840 556; x_wconf 85' lang='lat' dir='ltr'>Crucifige</span> <span class='ocrx_word' id='word_1_28' title='bbox 858 513 959 541; x_wconf 91' lang='lat' dir='ltr'>eum</span> <span class='ocrx_word' id='word_1_29' title='bbox 987 516 994 541; x_wconf 94' lang='lat'>:</span> <span class='ocrx_word' id='word_1_30' title='bbox 1024 516 1044 538; x_wconf 91' lang='lat'>»</span> <span class='ocrx_word' id='word_1_31' title='bbox 1073 497 1148 541; x_wconf 90' lang='lat' dir='ltr'>ubi</span> <span class='ocrx_word' id='word_1_32' title='bbox 1173 497 1363 541; x_wconf 85' lang='lat' dir='ltr'>ostendit</span> <span class='ocrx_word' id='word_1_33' title='bbox 1389 496 1511 555; x_wconf 92' lang='lat' dir='ltr'>quod</span> <span class='ocrx_word' id='word_1_34' title='bbox 1528 497 1619 556; x_wconf 85' lang='lat' dir='ltr'>jam</span> <span class='ocrx_word' id='word_1_35' title='bbox 1641 495 1734 540; x_wconf 89' lang='lat' dir='ltr'>cla-</span> 
     </span>
     <span class='ocr_line' id='line_1_5' title="bbox 339 566 1732 626; baseline -0.001 -12"><span class='ocrx_word' id='word_1_36' title='bbox 339 578 585 623; x_wconf 88' lang='lat' dir='ltr'>maverant,</span> <span class='ocrx_word' id='word_1_37' title='bbox 611 584 713 612; x_wconf 91' lang='lat' dir='ltr'>cum</span> <span class='ocrx_word' id='word_1_38' title='bbox 734 568 897 612; x_wconf 87' lang='lat' dir='ltr'>vellent</span> <span class='ocrx_word' id='word_1_39' title='bbox 917 568 997 612; x_wconf 88' lang='lat' dir='ltr'>sibi</span> <span class='ocrx_word' id='word_1_40' title='bbox 1024 566 1183 611; x_wconf 89' lang='lat' dir='ltr'>dimitti</span> <span class='ocrx_word' id='word_1_41' title='bbox 1206 567 1447 611; x_wconf 89' lang='lat' dir='ltr'>Barabbam</span> <span class='ocrx_word' id='word_1_42' title='bbox 1469 585 1478 611; x_wconf 72' lang='grc' dir='ltr'>ε</span> <span class='ocrx_word' id='word_1_43' title='bbox 1497 566 1695 626; x_wconf 87' lang='lat' dir='ltr'>adjunxit</span> <span class='ocrx_word' id='word_1_44' title='bbox 1720 585 1732 612; x_wconf 68' lang='grc' dir='ltr'>ε</span> 
     </span>
     <span class='ocr_line' id='line_1_6' title="bbox 345 636 1733 692; baseline 0 -10"><span class='ocrx_word' id='word_1_45' title='bbox 345 661 366 683; x_wconf 85' lang='lat'>«</span> <span class='ocrx_word' id='word_1_46' title='bbox 402 640 566 685; x_wconf 87' lang='lat' dir='ltr'>Pilatus</span> <span class='ocrx_word' id='word_1_47' title='bbox 588 655 689 683; x_wconf 86' lang='lat' dir='ltr'>vero</span> <span class='ocrx_word' id='word_1_48' title='bbox 707 639 882 683; x_wconf 91' lang='lat' dir='ltr'>dicebat</span> <span class='ocrx_word' id='word_1_49' title='bbox 903 639 962 683; x_wconf 93' lang='lat' dir='ltr'>eis</span> <span class='ocrx_word' id='word_1_50' title='bbox 984 658 992 683; x_wconf 92' lang='lat'><strong>:</strong></span> <span class='ocrx_word' id='word_1_51' title='bbox 1019 637 1136 692; x_wconf 89' lang='lat' dir='ltr'>Quid</span> <span class='ocrx_word' id='word_1_52' title='bbox 1150 638 1266 681; x_wconf 92' lang='lat' dir='ltr'>enim</span> <span class='ocrx_word' id='word_1_53' title='bbox 1289 636 1392 680; x_wconf 82' lang='lat' dir='ltr'>mali</span> <span class='ocrx_word' id='word_1_54' title='bbox 1413 636 1543 682; x_wconf 86' lang='lat' dir='ltr'>fecit¹</span> <span class='ocrx_word' id='word_1_55' title='bbox 1563 638 1580 681; x_wconf 79' lang='lat' dir='ltr'>P</span> <span class='ocrx_word' id='word_1_56' title='bbox 1601 655 1620 678; x_wconf 70' lang='grc' dir='ltr'><strong>η</strong></span> <span class='ocrx_word' id='word_1_57' title='bbox 1639 639 1733 682; x_wconf 89' lang='lat' dir='ltr'>Hoc</span> 
     </span>
     <span class='ocr_line' id='line_1_7' title="bbox 343 700 1733 768; baseline -0.002 -13"><span class='ocrx_word' id='word_1_58' title='bbox 343 710 474 755; x_wconf 93' lang='lat' dir='ltr'>modo</span> <span class='ocrx_word' id='word_1_59' title='bbox 495 710 685 754; x_wconf 89' lang='lat' dir='ltr'>breviter</span> <span class='ocrx_word' id='word_1_60' title='bbox 706 709 942 753; x_wconf 86' lang='lat' dir='ltr'>insinuavit</span> <span class='ocrx_word' id='word_1_61' title='bbox 962 708 1068 768; x_wconf 91' lang='lat' dir='ltr'>quid</span> <span class='ocrx_word' id='word_1_62' title='bbox 1089 700 1165 751; x_wconf 87' lang='lat' dir='ltr'>diu</span> <span class='ocrx_word' id='word_1_63' title='bbox 1189 717 1357 767; x_wconf 89' lang='lat' dir='ltr'>gestum</span> <span class='ocrx_word' id='word_1_64' title='bbox 1381 716 1458 751; x_wconf 91' lang='lat' dir='ltr'>est.</span> <span class='ocrx_word' id='word_1_65' title='bbox 1480 710 1650 751; x_wconf 85' lang='lat' dir='ltr'>Memor</span> <span class='ocrx_word' id='word_1_66' title='bbox 1672 717 1733 752; x_wconf 89' lang='lat' dir='ltr'>ta—</span> 
     </span>
     <span class='ocr_line' id='line_1_8' title="bbox 340 777 1732 840; baseline -0.001 -15"><span class='ocrx_word' id='word_1_67' title='bbox 340 797 443 825; x_wconf 86' lang='lat' dir='ltr'>men</span> <span class='ocrx_word' id='word_1_68' title='bbox 467 781 595 825; x_wconf 87' lang='lat' dir='ltr'>etiam</span> <span class='ocrx_word' id='word_1_69' title='bbox 614 781 704 839; x_wconf 89' lang='lat' dir='ltr'>ipse</span> <span class='ocrx_word' id='word_1_70' title='bbox 721 779 828 840; x_wconf 92' lang='lat' dir='ltr'>quid</span> <span class='ocrx_word' id='word_1_71' title='bbox 850 778 981 823; x_wconf 88' lang='lat' dir='ltr'>vellet</span> <span class='ocrx_word' id='word_1_72' title='bbox 998 777 1199 837; x_wconf 78' lang='lat' dir='ltr'>intelligi,</span> <span class='ocrx_word' id='word_1_73' title='bbox 1215 794 1303 823; x_wconf 91' lang='lat' dir='ltr'>non</span> <span class='ocrx_word' id='word_1_74' title='bbox 1326 778 1387 822; x_wconf 89' lang='lat' dir='ltr'>ait</span> <span class='ocrx_word' id='word_1_75' title='bbox 1409 797 1417 823; x_wconf 90' lang='lat'>:</span> <span class='ocrx_word' id='word_1_76' title='bbox 1444 777 1607 822; x_wconf 86' lang='lat' dir='ltr'>Pilatus</span> <span class='ocrx_word' id='word_1_77' title='bbox 1629 794 1732 824; x_wconf 89' lang='lat' dir='ltr'>vero</span> 
     </span>
     <span class='ocr_line' id='line_1_9' title="bbox 342 849 1732 911; baseline -0.002 -15"><span class='ocrx_word' id='word_1_78' title='bbox 342 852 450 896; x_wconf 82' lang='lat' dir='ltr'>dixit</span> <span class='ocrx_word' id='word_1_79' title='bbox 476 852 560 909; x_wconf 66' lang='lat' dir='ltr'>eis,</span> <span class='ocrx_word' id='word_1_80' title='bbox 586 851 661 895; x_wconf 92' lang='lat' dir='ltr'>sed</span> <span class='ocrx_word' id='word_1_81' title='bbox 683 852 742 895; x_wconf 86' lang='lat' dir='ltr'>ait</span> <span class='ocrx_word' id='word_1_82' title='bbox 766 870 775 895; x_wconf 72' lang='grc' dir='ltr'>ε</span> <span class='ocrx_word' id='word_1_83' title='bbox 801 870 832 911; x_wconf 44' lang='grc' dir='ltr'>,α</span> <span class='ocrx_word' id='word_1_84' title='bbox 859 850 1020 894; x_wconf 81' lang='lat' dir='ltr'>Pilatus</span> <span class='ocrx_word' id='word_1_85' title='bbox 1042 865 1144 894; x_wconf 87' lang='lat' dir='ltr'>vero</span> <span class='ocrx_word' id='word_1_86' title='bbox 1167 850 1339 893; x_wconf 90' lang='lat' dir='ltr'>dicebat</span> <span class='ocrx_word' id='word_1_87' title='bbox 1359 850 1418 893; x_wconf 91' lang='lat' dir='ltr'>eis</span> <span class='ocrx_word' id='word_1_88' title='bbox 1438 868 1447 894; x_wconf 89' lang='lat'>:</span> <span class='ocrx_word' id='word_1_89' title='bbox 1478 849 1594 902; x_wconf 87' lang='lat' dir='ltr'>Quid</span> <span class='ocrx_word' id='word_1_90' title='bbox 1616 851 1732 894; x_wconf 88' lang='lat' dir='ltr'>enim</span> 
     </span>
     <span class='ocr_line' id='line_1_10' title="bbox 342 919 1730 980; baseline -0.001 -15"><span class='ocrx_word' id='word_1_91' title='bbox 342 942 362 965; x_wconf 90' lang='lat'>»</span> <span class='ocrx_word' id='word_1_92' title='bbox 399 923 500 967; x_wconf 87' lang='lat' dir='ltr'>mali</span> <span class='ocrx_word' id='word_1_93' title='bbox 516 922 651 967; x_wconf 78' lang='lat' dir='ltr'>fecit?</span> <span class='ocrx_word' id='word_1_94' title='bbox 677 940 696 962; x_wconf 90' lang='lat'>»</span> <span class='ocrx_word' id='word_1_95' title='bbox 719 921 829 974; x_wconf 84' lang='lat' dir='ltr'>Quia</span> <span class='ocrx_word' id='word_1_96' title='bbox 847 922 880 964; x_wconf 91' lang='lat' dir='ltr'>si</span> <span class='ocrx_word' id='word_1_97' title='bbox 904 919 1066 964; x_wconf 88' lang='lat' dir='ltr'>diceret</span> <span class='ocrx_word' id='word_1_98' title='bbox 1082 955 1093 975; x_wconf 85' lang='lat'>‚</span> <span class='ocrx_word' id='word_1_99' title='bbox 1116 920 1249 978; x_wconf 76' lang='lat' dir='ltr'>dixit3</span> <span class='ocrx_word' id='word_1_100' title='bbox 1270 920 1392 980; x_wconf 86' lang='lat' dir='ltr'>quasi</span> <span class='ocrx_word' id='word_1_101' title='bbox 1413 919 1545 964; x_wconf 88' lang='lat' dir='ltr'>semel</span> <span class='ocrx_word' id='word_1_102' title='bbox 1563 919 1730 965; x_wconf 90' lang='lat' dir='ltr'>dictum</span> 
     </span>
     <span class='ocr_line' id='line_1_11' title="bbox 337 989 1760 1051; baseline -0.004 -15"><span class='ocrx_word' id='word_1_103' title='bbox 337 991 677 1051; x_wconf 84' lang='lat' dir='ltr'>intelligeremus</span> <span class='ocrx_word' id='word_1_104' title='bbox 701 1010 709 1035; x_wconf 88' lang='lat'>:</span> <span class='ocrx_word' id='word_1_105' title='bbox 731 991 833 1050; x_wconf 88' lang='lat' dir='ltr'>quia</span> <span class='ocrx_word' id='word_1_106' title='bbox 854 1005 957 1034; x_wconf 88' lang='lat' dir='ltr'>vero</span> <span class='ocrx_word' id='word_1_107' title='bbox 980 989 1040 1033; x_wconf 81' lang='lat' dir='ltr'>ait</span> <span class='ocrx_word' id='word_1_108' title='bbox 1063 1009 1071 1034; x_wconf 91' lang='lat'><strong>:</strong></span> <span class='ocrx_word' id='word_1_109' title='bbox 1100 1008 1120 1031; x_wconf 89' lang='lat'>«</span> <span class='ocrx_word' id='word_1_110' title='bbox 1147 990 1353 1046; x_wconf 77' lang='lat' dir='ltr'>Dicebat3</span> <span class='ocrx_word' id='word_1_111' title='bbox 1383 1008 1402 1031; x_wconf 94' lang='lat'>»</span> <span class='ocrx_word' id='word_1_112' title='bbox 1434 989 1535 1034; x_wconf 86' lang='lat' dir='ltr'>satis</span> <span class='ocrx_word' id='word_1_113' title='bbox 1552 990 1730 1034; x_wconf 89' lang='lat' dir='ltr'>intima-</span> <span class='ocrx_word' id='word_1_114' title='bbox 1755 1026 1760 1031; x_wconf 89' lang='lat'><strong>.</strong></span> 
     </span>
     <span class='ocr_line' id='line_1_12' title="bbox 337 1059 1727 1120; baseline -0.003 -12"><span class='ocrx_word' id='word_1_115' title='bbox 337 1063 400 1108; x_wconf 91' lang='lat' dir='ltr'>vit</span> <span class='ocrx_word' id='word_1_116' title='bbox 435 1061 811 1120; x_wconf 82' lang='lat' dir='ltr'>intelligentibus,</span> <span class='ocrx_word' id='word_1_117' title='bbox 850 1059 998 1104; x_wconf 90' lang='lat' dir='ltr'>multis</span> <span class='ocrx_word' id='word_1_118' title='bbox 1030 1060 1170 1104; x_wconf 89' lang='lat' dir='ltr'>modis</span> <span class='ocrx_word' id='word_1_119' title='bbox 1202 1069 1246 1104; x_wconf 92' lang='lat' dir='ltr'>et</span> <span class='ocrx_word' id='word_1_120' title='bbox 1273 1075 1387 1120; x_wconf 86' lang='lat' dir='ltr'>saepe</span> <span class='ocrx_word' id='word_1_121' title='bbox 1409 1060 1577 1105; x_wconf 91' lang='lat' dir='ltr'>dictum</span> <span class='ocrx_word' id='word_1_122' title='bbox 1614 1076 1727 1115; x_wconf 89' lang='lat' dir='ltr'>esse,</span> 
     </span>
     <span class='ocr_line' id='line_1_13' title="bbox 336 1131 1731 1194; baseline -0.002 -17"><span class='ocrx_word' id='word_1_123' title='bbox 336 1148 567 1194; x_wconf 88' lang='lat' dir='ltr'>quousque</span> <span class='ocrx_word' id='word_1_124' title='bbox 585 1132 797 1191; x_wconf 86' lang='lat' dir='ltr'>inciperet</span> <span class='ocrx_word' id='word_1_125' title='bbox 814 1132 920 1175; x_wconf 85' lang='lat' dir='ltr'>hora</span> <span class='ocrx_word' id='word_1_126' title='bbox 937 1139 1070 1175; x_wconf 80' lang='lat' dir='ltr'>sexta.</span> <span class='ocrx_word' id='word_1_127' title='bbox 1083 1131 1334 1189; x_wconf 85' lang='lat' dir='ltr'>Cogitemus</span> <span class='ocrx_word' id='word_1_128' title='bbox 1356 1145 1458 1189; x_wconf 85' lang='lat' dir='ltr'>ergo</span> <span class='ocrx_word' id='word_1_129' title='bbox 1475 1146 1609 1191; x_wconf 89' lang='lat' dir='ltr'>quam</span> <span class='ocrx_word' id='word_1_130' title='bbox 1631 1131 1731 1174; x_wconf 89' lang='lat' dir='ltr'>bre-</span> 
     </span>
     <span class='ocr_line' id='line_1_14' title="bbox 335 1202 1729 1262; baseline -0.002 -14"><span class='ocrx_word' id='word_1_131' title='bbox 335 1204 446 1249; x_wconf 88' lang='lat' dir='ltr'>viter</span> <span class='ocrx_word' id='word_1_132' title='bbox 468 1204 552 1247; x_wconf 86' lang='lat' dir='ltr'>hoc</span> <span class='ocrx_word' id='word_1_133' title='bbox 573 1202 728 1246; x_wconf 85' lang='lat' dir='ltr'>dixerit</span> <span class='ocrx_word' id='word_1_134' title='bbox 745 1204 916 1246; x_wconf 88' lang='lat' dir='ltr'>Marcus</span> <span class='ocrx_word' id='word_1_135' title='bbox 937 1202 981 1244; x_wconf 91' lang='lat' dir='ltr'>in</span> <span class='ocrx_word' id='word_1_136' title='bbox 999 1202 1325 1260; x_wconf 82' lang='lat' dir='ltr'>comparatione</span> <span class='ocrx_word' id='word_1_137' title='bbox 1348 1202 1575 1256; x_wconf 78' lang='lat' dir='ltr'>Matthaei,</span> <span class='ocrx_word' id='word_1_138' title='bbox 1596 1217 1729 1262; x_wconf 89' lang='lat' dir='ltr'>quam</span> 
     </span>
     <span class='ocr_line' id='line_1_15' title="bbox 335 1272 1730 1332; baseline -0.001 -14"><span class='ocrx_word' id='word_1_139' title='bbox 335 1274 526 1318; x_wconf 90' lang='lat' dir='ltr'>breviter</span> <span class='ocrx_word' id='word_1_140' title='bbox 539 1273 773 1317; x_wconf 80' lang='lat' dir='ltr'>Matthaeus</span> <span class='ocrx_word' id='word_1_141' title='bbox 795 1272 840 1315; x_wconf 85' lang='lat' dir='ltr'>in</span> <span class='ocrx_word' id='word_1_142' title='bbox 863 1272 1185 1331; x_wconf 86' lang='lat' dir='ltr'>comparatione</span> <span class='ocrx_word' id='word_1_143' title='bbox 1208 1275 1354 1327; x_wconf 87' lang='lat' dir='ltr'>Lucae,</span> <span class='ocrx_word' id='word_1_144' title='bbox 1382 1288 1515 1332; x_wconf 89' lang='lat' dir='ltr'>quam</span> <span class='ocrx_word' id='word_1_145' title='bbox 1542 1272 1730 1317; x_wconf 88' lang='lat' dir='ltr'>breviter</span> 
     </span>
     <span class='ocr_line' id='line_1_16' title="bbox 338 1342 1729 1402; baseline -0.001 -14"><span class='ocrx_word' id='word_1_146' title='bbox 338 1348 475 1388; x_wconf 92' lang='lat' dir='ltr'>Lucas</span> <span class='ocrx_word' id='word_1_147' title='bbox 502 1344 548 1387; x_wconf 86' lang='lat' dir='ltr'>in</span> <span class='ocrx_word' id='word_1_148' title='bbox 577 1343 900 1402; x_wconf 87' lang='lat' dir='ltr'>comparatione</span> <span class='ocrx_word' id='word_1_149' title='bbox 929 1343 1107 1387; x_wconf 89' lang='lat' dir='ltr'>Joannis</span> <span class='ocrx_word' id='word_1_150' title='bbox 1125 1378 1135 1397; x_wconf 92' lang='lat'>,</span> <span class='ocrx_word' id='word_1_151' title='bbox 1174 1358 1276 1386; x_wconf 90' lang='lat' dir='ltr'>cum</span> <span class='ocrx_word' id='word_1_152' title='bbox 1305 1352 1451 1386; x_wconf 90' lang='lat' dir='ltr'>tamen</span> <span class='ocrx_word' id='word_1_153' title='bbox 1479 1342 1562 1387; x_wconf 88' lang='lat' dir='ltr'>alia</span> <span class='ocrx_word' id='word_1_154' title='bbox 1597 1352 1729 1402; x_wconf 88' lang='lat' dir='ltr'>atque</span> 
     </span>
     <span class='ocr_line' id='line_1_17' title="bbox 336 1412 1729 1474; baseline -0.001 -16"><span class='ocrx_word' id='word_1_155' title='bbox 336 1414 419 1458; x_wconf 89' lang='lat' dir='ltr'>alia</span> <span class='ocrx_word' id='word_1_156' title='bbox 446 1413 631 1474; x_wconf 86' lang='lat' dir='ltr'>quisque</span> <span class='ocrx_word' id='word_1_157' title='bbox 654 1422 1040 1470; x_wconf 68' lang='lat' dir='ltr'>commemoraret,</span> <span class='ocrx_word' id='word_1_158' title='bbox 1065 1428 1197 1472; x_wconf 89' lang='lat' dir='ltr'>quam</span> <span class='ocrx_word' id='word_1_159' title='bbox 1221 1412 1411 1473; x_wconf 90' lang='lat' dir='ltr'>denique</span> <span class='ocrx_word' id='word_1_160' title='bbox 1430 1413 1619 1457; x_wconf 88' lang='lat' dir='ltr'>breviter</span> <span class='ocrx_word' id='word_1_161' title='bbox 1640 1414 1729 1473; x_wconf 89' lang='lat' dir='ltr'>ipse</span> 
     </span>
     <span class='ocr_line' id='line_1_18' title="bbox 337 1483 1729 1543; baseline 0 -15"><span class='ocrx_word' id='word_1_162' title='bbox 337 1487 526 1529; x_wconf 87' lang='lat' dir='ltr'>Joannes</span> <span class='ocrx_word' id='word_1_163' title='bbox 547 1484 591 1527; x_wconf 92' lang='lat' dir='ltr'>in</span> <span class='ocrx_word' id='word_1_164' title='bbox 614 1483 936 1542; x_wconf 89' lang='lat' dir='ltr'>comparatione</span> <span class='ocrx_word' id='word_1_165' title='bbox 959 1499 1103 1527; x_wconf 90' lang='lat' dir='ltr'>rerum</span> <span class='ocrx_word' id='word_1_166' title='bbox 1130 1499 1229 1543; x_wconf 85' lang='lat' dir='ltr'>quae</span> <span class='ocrx_word' id='word_1_167' title='bbox 1260 1492 1390 1542; x_wconf 82' lang='lat' dir='ltr'>gestae</span> <span class='ocrx_word' id='word_1_168' title='bbox 1412 1493 1536 1539; x_wconf 86' lang='lat' dir='ltr'>sunt,</span> <span class='ocrx_word' id='word_1_169' title='bbox 1567 1492 1611 1527; x_wconf 90' lang='lat' dir='ltr'>et</span> <span class='ocrx_word' id='word_1_170' title='bbox 1631 1500 1729 1528; x_wconf 91' lang='lat' dir='ltr'>mo-</span> 
     </span>
     <span class='ocr_line' id='line_1_19' title="bbox 336 1553 1730 1611; baseline 0.001 -13"><span class='ocrx_word' id='word_1_171' title='bbox 336 1570 481 1599; x_wconf 87' lang='lat' dir='ltr'>rarum</span> <span class='ocrx_word' id='word_1_172' title='bbox 503 1570 604 1599; x_wconf 91' lang='lat' dir='ltr'>cum</span> <span class='ocrx_word' id='word_1_173' title='bbox 626 1553 699 1597; x_wconf 89' lang='lat' dir='ltr'>illa</span> <span class='ocrx_word' id='word_1_174' title='bbox 715 1563 967 1611; x_wconf 85' lang='lat' dir='ltr'>gererentur</span> <span class='ocrx_word' id='word_1_175' title='bbox 987 1573 995 1598; x_wconf 91' lang='lat'><strong>:</strong></span> <span class='ocrx_word' id='word_1_176' title='bbox 1021 1563 1064 1597; x_wconf 85' lang='lat' dir='ltr'>et</span> <span class='ocrx_word' id='word_1_177' title='bbox 1085 1554 1175 1599; x_wconf 91' lang='lat' dir='ltr'>sine</span> <span class='ocrx_word' id='word_1_178' title='bbox 1196 1554 1363 1598; x_wconf 89' lang='lat' dir='ltr'>insania</span> <span class='ocrx_word' id='word_1_179' title='bbox 1385 1553 1612 1598; x_wconf 85' lang='lat' dir='ltr'>resistendi</span> <span class='ocrx_word' id='word_1_180' title='bbox 1633 1570 1730 1599; x_wconf 87' lang='lat' dir='ltr'>cre-</span> 
     </span>
     <span class='ocr_line' id='line_1_20' title="bbox 335 1623 1729 1683; baseline 0 -14"><span class='ocrx_word' id='word_1_181' title='bbox 335 1626 488 1669; x_wconf 86' lang='lat' dir='ltr'>damus</span> <span class='ocrx_word' id='word_1_182' title='bbox 519 1623 627 1668; x_wconf 89' lang='lat' dir='ltr'>duas</span> <span class='ocrx_word' id='word_1_183' title='bbox 648 1624 775 1668; x_wconf 91' lang='lat' dir='ltr'>horas</span> <span class='ocrx_word' id='word_1_184' title='bbox 791 1658 803 1678; x_wconf 92' lang='lat'>,</span> <span class='ocrx_word' id='word_1_185' title='bbox 828 1633 871 1668; x_wconf 88' lang='lat' dir='ltr'>et</span> <span class='ocrx_word' id='word_1_186' title='bbox 889 1623 1099 1683; x_wconf 89' lang='lat' dir='ltr'>quiddam</span> <span class='ocrx_word' id='word_1_187' title='bbox 1121 1624 1167 1668; x_wconf 92' lang='lat' dir='ltr'>in</span> <span class='ocrx_word' id='word_1_188' title='bbox 1194 1624 1270 1669; x_wconf 87' lang='lat' dir='ltr'>illo</span> <span class='ocrx_word' id='word_1_189' title='bbox 1293 1624 1524 1670; x_wconf 90' lang='lat' dir='ltr'>intervallo</span> <span class='ocrx_word' id='word_1_190' title='bbox 1548 1626 1729 1669; x_wconf 90' lang='lat' dir='ltr'>transire</span> 
     </span>
     <span class='ocr_line' id='line_1_21' title="bbox 336 1696 544 1756; baseline -0.01 -15"><span class='ocrx_word' id='word_1_191' title='bbox 336 1696 544 1756; x_wconf 87' lang='lat' dir='ltr'>potuisse.</span> 
     </span>
    </p>

    <p class='ocr_par' dir='ltr' id='par_1_3' title="bbox 334 1764 1729 2596">
     <span class='ocr_line' id='line_1_22' title="bbox 391 1764 1729 1825; baseline 0 -15"><span class='ocrx_word' id='word_1_192' title='bbox 391 1768 596 1811; x_wconf 87' lang='lat' dir='ltr'>XLVIII.</span> <span class='ocrx_word' id='word_1_193' title='bbox 626 1765 829 1825; x_wconf 86' lang='lat' dir='ltr'>Quisquis</span> <span class='ocrx_word' id='word_1_194' title='bbox 852 1774 997 1809; x_wconf 90' lang='lat' dir='ltr'>autem</span> <span class='ocrx_word' id='word_1_195' title='bbox 1020 1764 1195 1820; x_wconf 79' lang='lat' dir='ltr'>dixerit,</span> <span class='ocrx_word' id='word_1_196' title='bbox 1228 1766 1419 1825; x_wconf 86' lang='lat' dir='ltr'>potuisse</span> <span class='ocrx_word' id='word_1_197' title='bbox 1450 1769 1670 1822; x_wconf 88' lang='lat' dir='ltr'>Marcum,</span> <span class='ocrx_word' id='word_1_198' title='bbox 1695 1767 1729 1811; x_wconf 92' lang='lat' dir='ltr'>si</span> 
     </span>
     <span class='ocr_line' id='line_1_23' title="bbox 334 1834 1728 1896; baseline 0.001 -15"><span class='ocrx_word' id='word_1_199' title='bbox 334 1838 394 1881; x_wconf 90' lang='lat' dir='ltr'>ita</span> <span class='ocrx_word' id='word_1_200' title='bbox 424 1845 530 1880; x_wconf 87' lang='lat' dir='ltr'>esset</span> <span class='ocrx_word' id='word_1_201' title='bbox 547 1870 558 1890; x_wconf 91' lang='lat'>,</span> <span class='ocrx_word' id='word_1_202' title='bbox 594 1850 646 1879; x_wconf 86' lang='lat' dir='ltr'>eo</span> <span class='ocrx_word' id='word_1_203' title='bbox 668 1845 862 1894; x_wconf 89' lang='lat' dir='ltr'>tempore</span> <span class='ocrx_word' id='word_1_204' title='bbox 899 1834 1043 1879; x_wconf 85' lang='lat' dir='ltr'>dicere</span> <span class='ocrx_word' id='word_1_205' title='bbox 1078 1834 1210 1879; x_wconf 88' lang='lat' dir='ltr'>fuisse</span> <span class='ocrx_word' id='word_1_206' title='bbox 1239 1837 1392 1880; x_wconf 88' lang='lat' dir='ltr'>horam</span> <span class='ocrx_word' id='word_1_207' title='bbox 1414 1836 1612 1890; x_wconf 86' lang='lat' dir='ltr'>tertiam,</span> <span class='ocrx_word' id='word_1_208' title='bbox 1638 1852 1728 1896; x_wconf 93' lang='lat' dir='ltr'>quo</span> 
     </span>
     <span class='ocr_line' id='line_1_24' title="bbox 335 1904 1726 1963; baseline 0.001 -13"><span class='ocrx_word' id='word_1_209' title='bbox 335 1915 427 1950; x_wconf 88' lang='lat' dir='ltr'>erat</span> <span class='ocrx_word' id='word_1_210' title='bbox 444 1907 550 1950; x_wconf 88' lang='lat' dir='ltr'>hora</span> <span class='ocrx_word' id='word_1_211' title='bbox 572 1906 697 1949; x_wconf 89' lang='lat' dir='ltr'>tertia</span> <span class='ocrx_word' id='word_1_212' title='bbox 714 1940 724 1960; x_wconf 94' lang='lat'>,</span> <span class='ocrx_word' id='word_1_213' title='bbox 741 1921 843 1949; x_wconf 88' lang='lat' dir='ltr'>cum</span> <span class='ocrx_word' id='word_1_214' title='bbox 859 1921 943 1950; x_wconf 83' lang='lat' dir='ltr'>vox</span> <span class='ocrx_word' id='word_1_215' title='bbox 961 1908 986 1949; x_wconf 88' lang='lat' dir='ltr'><strong>J</strong></span> <span class='ocrx_word' id='word_1_216' title='bbox 992 1904 1219 1948; x_wconf 82' lang='lat' dir='ltr'>u‘daeorum</span> <span class='ocrx_word' id='word_1_217' title='bbox 1240 1906 1296 1947; x_wconf 90' lang='lat' dir='ltr'>de</span> <span class='ocrx_word' id='word_1_218' title='bbox 1314 1905 1612 1963; x_wconf 82' lang='lat' dir='ltr'>crucifigendo</span> <span class='ocrx_word' id='word_1_219' title='bbox 1636 1909 1726 1951; x_wconf 95' lang='lat' dir='ltr'>Do-</span> 
     </span>
     <span class='ocr_line' id='line_1_25' title="bbox 335 1973 1727 2034; baseline 0.002 -16"><span class='ocrx_word' id='word_1_220' title='bbox 335 1976 456 2020; x_wconf 91' lang='lat' dir='ltr'>mino</span> <span class='ocrx_word' id='word_1_221' title='bbox 483 1975 715 2029; x_wconf 86' lang='lat' dir='ltr'>sonuisset,</span> <span class='ocrx_word' id='word_1_222' title='bbox 745 1974 887 2019; x_wconf 90' lang='lat' dir='ltr'>dicere</span> <span class='ocrx_word' id='word_1_223' title='bbox 910 1974 1038 2026; x_wconf 83' lang='lat' dir='ltr'>etiam</span> <span class='ocrx_word' id='word_1_224' title='bbox 1062 1973 1182 2033; x_wconf 87' lang='lat' dir='ltr'>quod</span> <span class='ocrx_word' id='word_1_225' title='bbox 1205 1988 1306 2017; x_wconf 89' lang='lat' dir='ltr'>eum</span> <span class='ocrx_word' id='word_1_226' title='bbox 1330 1983 1435 2018; x_wconf 87' lang='lat' dir='ltr'>tunc</span> <span class='ocrx_word' id='word_1_227' title='bbox 1457 1975 1537 2034; x_wconf 88' lang='lat' dir='ltr'>ipsi</span> <span class='ocrx_word' id='word_1_228' title='bbox 1554 1977 1727 2020; x_wconf 87' lang='lat' dir='ltr'>crucifi-</span> 
     </span>
     <span class='ocr_line' id='line_1_26' title="bbox 336 2043 1726 2106; baseline 0.001 -16"><span class='ocrx_word' id='word_1_229' title='bbox 336 2047 477 2091; x_wconf 74' lang='lat' dir='ltr'>xerint</span> <span class='ocrx_word' id='word_1_230' title='bbox 495 2045 659 2106; x_wconf 41' lang='lat' dir='ltr'>guimis</span> <span class='ocrx_word' id='word_1_231' title='bbox 687 2043 874 2103; x_wconf 86' lang='lat' dir='ltr'>superbe</span> <span class='ocrx_word' id='word_1_232' title='bbox 906 2043 1022 2101; x_wconf 88' lang='lat' dir='ltr'>leges</span> <span class='ocrx_word' id='word_1_233' title='bbox 1046 2044 1341 2088; x_wconf 85' lang='lat' dir='ltr'>narratoribus</span> <span class='ocrx_word' id='word_1_234' title='bbox 1364 2044 1553 2090; x_wconf 82' lang='lat' dir='ltr'>veritatis</span> <span class='ocrx_word' id='word_1_235' title='bbox 1580 2046 1726 2106; x_wconf 91' lang='lat' dir='ltr'>impo-</span> 
     </span>
     <span class='ocr_line' id='line_1_27' title="bbox 335 2113 1724 2174; baseline 0.001 -14"><span class='ocrx_word' id='word_1_236' title='bbox 335 2117 414 2160; x_wconf 90' lang='lat' dir='ltr'>nit.</span> <span class='ocrx_word' id='word_1_237' title='bbox 439 2116 507 2160; x_wconf 85' lang='lat' dir='ltr'>Sic</span> <span class='ocrx_word' id='word_1_238' title='bbox 526 2114 642 2158; x_wconf 89' lang='lat' dir='ltr'>enim</span> <span class='ocrx_word' id='word_1_239' title='bbox 659 2123 800 2173; x_wconf 90' lang='lat' dir='ltr'>potest</span> <span class='ocrx_word' id='word_1_240' title='bbox 818 2113 962 2158; x_wconf 91' lang='lat' dir='ltr'>dicere</span> <span class='ocrx_word' id='word_1_241' title='bbox 975 2149 986 2168; x_wconf 88' lang='lat'>,</span> <span class='ocrx_word' id='word_1_242' title='bbox 1007 2114 1042 2157; x_wconf 89' lang='lat' dir='ltr'>si</span> <span class='ocrx_word' id='word_1_243' title='bbox 1064 2114 1157 2158; x_wconf 83' lang='lat' dir='ltr'>haec</span> <span class='ocrx_word' id='word_1_244' title='bbox 1174 2115 1264 2174; x_wconf 90' lang='lat' dir='ltr'>ipse</span> <span class='ocrx_word' id='word_1_245' title='bbox 1282 2124 1494 2171; x_wconf 88' lang='lat' dir='ltr'>narraret,</span> <span class='ocrx_word' id='word_1_246' title='bbox 1515 2131 1567 2161; x_wconf 90' lang='lat' dir='ltr'>eo</span> <span class='ocrx_word' id='word_1_247' title='bbox 1591 2117 1724 2162; x_wconf 89' lang='lat' dir='ltr'>modo</span> 
     </span>
     <span class='ocr_line' id='line_1_28' title="bbox 335 2183 1726 2247; baseline 0.001 -17"><span class='ocrx_word' id='word_1_248' title='bbox 335 2186 578 2244; x_wconf 87' lang='lat' dir='ltr'>eodemque</span> <span class='ocrx_word' id='word_1_249' title='bbox 600 2184 751 2228; x_wconf 89' lang='lat' dir='ltr'>ordine</span> <span class='ocrx_word' id='word_1_250' title='bbox 782 2183 837 2228; x_wconf 89' lang='lat' dir='ltr'>ab</span> <span class='ocrx_word' id='word_1_251' title='bbox 860 2184 1062 2230; x_wconf 87' lang='lat' dir='ltr'>omnibus</span> <span class='ocrx_word' id='word_1_252' title='bbox 1090 2183 1291 2229; x_wconf 89' lang='lat' dir='ltr'>debuisse</span> <span class='ocrx_word' id='word_1_253' title='bbox 1315 2186 1503 2242; x_wconf 87' lang='lat' dir='ltr'>narrari,</span> <span class='ocrx_word' id='word_1_254' title='bbox 1527 2202 1616 2247; x_wconf 88' lang='lat' dir='ltr'>quo</span> <span class='ocrx_word' id='word_1_255' title='bbox 1634 2188 1726 2247; x_wconf 88' lang='lat' dir='ltr'>ipse</span> 
     </span>
     <span class='ocr_line' id='line_1_29' title="bbox 335 2255 1726 2318; baseline 0.001 -17"><span class='ocrx_word' id='word_1_256' title='bbox 335 2255 540 2301; x_wconf 89' lang='lat' dir='ltr'>narravit.</span> <span class='ocrx_word' id='word_1_257' title='bbox 567 2255 779 2313; x_wconf 87' lang='lat' dir='ltr'>Dignetur</span> <span class='ocrx_word' id='word_1_258' title='bbox 806 2270 909 2313; x_wconf 88' lang='lat' dir='ltr'>ergo</span> <span class='ocrx_word' id='word_1_259' title='bbox 930 2255 1109 2299; x_wconf 90' lang='lat' dir='ltr'>consilio</span> <span class='ocrx_word' id='word_1_260' title='bbox 1124 2256 1260 2300; x_wconf 87' lang='lat' dir='ltr'>Marci</span> <span class='ocrx_word' id='word_1_261' title='bbox 1282 2256 1574 2315; x_wconf 86' lang='lat' dir='ltr'>Evangelistae</span> <span class='ocrx_word' id='word_1_262' title='bbox 1596 2273 1726 2318; x_wconf 83' lang='lat' dir='ltr'>supe-</span> 
     </span>
     <span class='ocr_line' id='line_1_30' title="bbox 336 2324 1722 2387; baseline 0.002 -16"><span class='ocrx_word' id='word_1_263' title='bbox 336 2327 420 2371; x_wconf 83' lang='lat' dir='ltr'>rari</span> <span class='ocrx_word' id='word_1_264' title='bbox 445 2325 674 2370; x_wconf 86' lang='lat' dir='ltr'>consilium</span> <span class='ocrx_word' id='word_1_265' title='bbox 696 2341 823 2369; x_wconf 91' lang='lat' dir='ltr'>suum</span> <span class='ocrx_word' id='word_1_266' title='bbox 839 2360 850 2379; x_wconf 89' lang='lat'>,</span> <span class='ocrx_word' id='word_1_267' title='bbox 881 2325 958 2384; x_wconf 89' lang='lat' dir='ltr'>qui</span> <span class='ocrx_word' id='word_1_268' title='bbox 980 2340 1031 2369; x_wconf 91' lang='lat' dir='ltr'>eo</span> <span class='ocrx_word' id='word_1_269' title='bbox 1052 2324 1149 2370; x_wconf 84' lang='lat' dir='ltr'>loco</span> <span class='ocrx_word' id='word_1_270' title='bbox 1181 2324 1226 2369; x_wconf 94' lang='lat' dir='ltr'>id</span> <span class='ocrx_word' id='word_1_271' title='bbox 1256 2327 1461 2385; x_wconf 87' lang='lat' dir='ltr'>ponendo</span> <span class='ocrx_word' id='word_1_272' title='bbox 1482 2328 1722 2387; x_wconf 88' lang='lat' dir='ltr'>judicavit,</span> 
     </span>
     <span class='ocr_line' id='line_1_31' title="bbox 335 2395 1725 2457; baseline 0.003 -17"><span class='ocrx_word' id='word_1_273' title='bbox 335 2412 424 2457; x_wconf 86' lang='lat' dir='ltr'>quo</span> <span class='ocrx_word' id='word_1_274' title='bbox 447 2396 544 2440; x_wconf 92' lang='lat' dir='ltr'>loco</span> <span class='ocrx_word' id='word_1_275' title='bbox 567 2395 712 2440; x_wconf 87' lang='lat' dir='ltr'>divina</span> <span class='ocrx_word' id='word_1_276' title='bbox 728 2395 1008 2454; x_wconf 84' lang='lat' dir='ltr'>inspiratione</span> <span class='ocrx_word' id='word_1_277' title='bbox 1024 2404 1271 2453; x_wconf 82' lang='lat' dir='ltr'>suggestum</span> <span class='ocrx_word' id='word_1_278' title='bbox 1294 2405 1371 2440; x_wconf 91' lang='lat' dir='ltr'>est.</span> <span class='ocrx_word' id='word_1_279' title='bbox 1386 2398 1725 2444; x_wconf 84' lang='lat' dir='ltr'>Recordationes</span> 
     </span>
     <span class='ocr_line' id='line_1_32' title="bbox 338 2466 1722 2527; baseline 0.003 -17"><span class='ocrx_word' id='word_1_280' title='bbox 338 2467 454 2510; x_wconf 88' lang='lat' dir='ltr'>enim</span> <span class='ocrx_word' id='word_1_281' title='bbox 493 2481 641 2510; x_wconf 88' lang='lat' dir='ltr'>corum</span> <span class='ocrx_word' id='word_1_282' title='bbox 678 2467 769 2526; x_wconf 89' lang='lat' dir='ltr'>ejus</span> <span class='ocrx_word' id='word_1_283' title='bbox 804 2481 937 2510; x_wconf 87' lang='lat' dir='ltr'>manu</span> <span class='ocrx_word' id='word_1_284' title='bbox 970 2466 1222 2525; x_wconf 67' lang='lat' dir='ltr'>gubernatae</span> <span class='ocrx_word' id='word_1_285' title='bbox 1251 2475 1373 2522; x_wconf 88' lang='lat' dir='ltr'>sunt,</span> <span class='ocrx_word' id='word_1_286' title='bbox 1405 2467 1480 2527; x_wconf 87' lang='lat' dir='ltr'>qui</span> <span class='ocrx_word' id='word_1_287' title='bbox 1509 2469 1722 2526; x_wconf 86' lang='lat' dir='ltr'>gubernat</span> 
     </span>
     <span class='ocr_line' id='line_1_33' title="bbox 337 2536 1717 2596; baseline 0.004 -16"><span class='ocrx_word' id='word_1_288' title='bbox 337 2551 520 2596; x_wconf 78' lang='lat' dir='ltr'>aquam,</span> <span class='ocrx_word' id='word_1_289' title='bbox 541 2538 650 2580; x_wconf 89' lang='lat' dir='ltr'>sicut</span> <span class='ocrx_word' id='word_1_290' title='bbox 680 2537 889 2596; x_wconf 86' lang='lat' dir='ltr'>scriptum</span> <span class='ocrx_word' id='word_1_291' title='bbox 907 2545 991 2593; x_wconf 85' lang='lat' dir='ltr'>est,</span> <span class='ocrx_word' id='word_1_292' title='bbox 1012 2536 1198 2596; x_wconf 84' lang='lat' dir='ltr'>qualiter</span> <span class='ocrx_word' id='word_1_293' title='bbox 1220 2536 1281 2580; x_wconf 79' lang='lat' dir='ltr'>illi</span> <span class='ocrx_word' id='word_1_294' title='bbox 1300 2536 1524 2596; x_wconf 82' lang='lat' dir='ltr'>placuerit.</span> <span class='ocrx_word' id='word_1_295' title='bbox 1551 2542 1584 2584; x_wconf 91' lang='lat' dir='ltr'><strong>F</strong></span> <span class='ocrx_word' id='word_1_296' title='bbox 1588 2539 1717 2585; x_wconf 87' lang='lat' dir='ltr'>luitat</span> 
     </span>
    </p>

    <p class='ocr_par' dir='ltr' id='par_1_4' title="bbox 386 2619 737 2662">
     <span class='ocr_line' id='line_1_34' title="bbox 386 2619 737 2662; baseline 0.011 -11"><span class='ocrx_word' id='word_1_297' title='bbox 386 2622 399 2643; x_wconf 69' lang='grc' dir='ltr'><strong><em>Ἰ</em></strong></span> <span class='ocrx_word' id='word_1_298' title='bbox 422 2622 519 2653; x_wconf 75' lang='lat' dir='ltr'>Marc.</span> <span class='ocrx_word' id='word_1_299' title='bbox 538 2631 592 2662; x_wconf 70' lang='grc' dir='ltr'>Π,</span> <span class='ocrx_word' id='word_1_300' title='bbox 633 2621 665 2662; x_wconf 85' lang='lat'>3,</span> <span class='ocrx_word' id='word_1_301' title='bbox 688 2619 737 2659; x_wconf 63' lang='lat'>14..</span> 
     </span>
    </p>
   </div>
  </div>
 </body>
</html>
