1819 3301
387 303 525 329 Annivm
557 302 713 329 nomm
745 302 790 328 m
822 301 997 338 MONTE,
1033 302 1115 327 LIB.
1152 302 1181 328 1.
1385 293 1463 330 201

91 383 186 412 mus
203 387 210 413 :
227 383 281 412 ne
302 383 380 428 per
397 367 653 427 imperitiam
676 376 863 411 nostram
887 366 1032 410 divina
1059 366 1301 426 Scriptura,
1321 368 1468 426 (quod

90 441 180 484 fieri
204 455 293 484 non
314 449 388 499 pot
416 448 467 493 st,
485 441 501 496 )
516 455 538 482 a
556 454 599 482 se
623 438 846 482 dissentire
864 437 1075 483 videatur.
1092 437 1174 483 Sed
1193 447 1341 482 utrum
1358 438 1470 483 sicut

87 525 166 569 pro
186 508 446 569 quibusdam
471 524 558 552 non
577 517 640 551 est
657 508 886 563 orandum,
904 508 960 551 ita
979 509 1106 552 etiam
1130 517 1279 552 contra
1302 508 1469 568 aliquos

87 580 299 625 orandum
334 580 413 634 sit,
453 578 650 623 nondum
677 579 777 623 satis
802 579 1016 639 apparuit.
1056 579 1321 624 Generaliter
1353 580 1469 623 enim

89 651 253 696 dictum
271 660 334 695 est
363 669 371 695 :
400 669 418 692 «
445 650 715 706 Benedicite,
741 658 783 694 et
805 650 939 694 nolite
961 650 1245 695 maledicere1
1274 669 1285 696 z
1311 671 1329 692 »
1351 660 1394 696 et
1413 649 1468 695 il·-

90 721 195 776 lud,
226 739 245 762 «
275 721 447 766 Nemini
477 721 639 765 malum
662 736 742 781 pro
777 719 891 765 malo
919 720 1192 765 reddentes2.
1221 739 1241 763 »
1273 725 1357 767 Pro
1380 738 1468 783 quo

85 801 229 836 autem
250 807 338 836 non
361 807 469 847 oras,
495 807 584 836 non
601 792 731 836 etiam
746 800 897 836 contra
913 790 1036 835 illum
1054 806 1148 835 oras
1163 793 1177 817 3
1191 810 1199 836 :
1213 800 1336 851 potes
1353 793 1467 836 enim

83 861 227 906 videre
257 871 417 906 certam
446 862 535 922 ejus
568 877 744 921 poenam
760 896 771 917 ,
796 870 840 906 et
861 862 1034 921 penitus
1058 860 1326 921 desperatam
1349 862 1466 906 salu-

85 941 197 988 tem,
219 941 261 976 et
278 948 364 977 non
391 933 493 992 quia
520 933 647 977 odisti
673 948 773 977 eum
790 931 918 990 ,ideo
942 948 1021 992 pro
1043 932 1118 977 illo
1142 949 1232 978 non
1254 949 1347 978 oras
1364 954 1375 991 3
1393 934 1467 978 sed

83 1004 183 1063 quia
217 1004 345 1047 sentis
380 1002 487 1046 nihil
517 1013 558 1047 te
582 1019 703 1063 posse
742 1004 977 1063 proficere,
1013 1012 1056 1047 et
1083 1004 1321 1049 orationem
1346 1013 1466 1049 tuam

83 1090 172 1118 non
193 1075 256 1119 vis
290 1074 440 1133 rep-elli
473 1091 494 1118 a
518 1075 752 1134 justissimo
776 1075 938 1134 judice.
980 1074 1063 1120 Sed
1085 1075 1191 1135 quid
1216 1076 1382 1134 agimus
1412 1076 1467 1120 de

82 1145 148 1189 his
163 1180 173 1199 ,
199 1154 347 1189 contra
367 1160 477 1204 quos
499 1155 669 1190 oratum
688 1162 710 1189 a
729 1147 883 1190 sanctis
907 1146 1174 1204 accepimus,
1199 1162 1287 1190 non
1311 1156 1359 1190 ut
1377 1162 1466 1191 cor-

82 1216 325 1274 rigerentur
343 1251 353 1268 ,
380 1231 480 1259 nam
510 1217 593 1260 hoc
617 1216 746 1260 modo
768 1216 910 1274 potius
941 1231 1018 1275 pro
1045 1216 1144 1274 ipsis
1176 1226 1346 1260 oratum
1369 1226 1464 1274 est,

81 1286 158 1330 sed
184 1285 239 1330 ad
270 1285 389 1329 illam
418 1285 617 1329 ultimam
653 1286 974 1330 damnationem
1002 1305 1010 1330 2
1048 1302 1134 1330 non
1172 1286 1283 1331 sicut
1316 1296 1466 1332 contra

23 1361 25 1364 ⁴
82 1356 256 1400 Domini
286 1356 534 1400 traditorem
561 1372 638 1414 per
663 1357 949 1415 Prophetam,
974 1371 1073 1399 nam
1098 1356 1169 1400 illa
1186 1391 1196 1411 ,
1229 1366 1278 1400 ut
1300 1356 1466 1401 dictum

82 1435 166 1481 est,
191 1425 415 1484 praedictio
432 1425 704 1481 futurorum,
730 1442 818 1470 non
842 1426 1006 1486 optatio
1024 1427 1223 1486 supplicii
1246 1426 1330 1471 fuit
1357 1447 1365 1472 :
1386 1444 1466 1472 nec

80 1497 189 1540 sicut
220 1497 274 1540 ab
298 1497 505 1556 Apostolo
534 1507 684 1541 contra
713 1496 1034 1552 Alexandrum,
1068 1514 1166 1541 nam
1195 1507 1238 1542 et
1258 1498 1361 1542 inde
1378 1500 1466 1558 jam

81 1569 179 1611 satis
197 1567 362 1611 dictum
391 1577 454 1611 est
473 1586 480 1612 :
507 1567 581 1611 sed
604 1568 715 1612 sicut
736 1569 779 1611 in
804 1568 1065 1628 Apocalypsi
1085 1570 1262 1613 Joannis
1284 1570 1466 1628 legimus

80 1641 292 1696 Martyres
315 1654 436 1683 orare
465 1648 513 1682 ut
544 1638 820 1683 vindicentur
835 1640 848 1664 ⁴
867 1675 877 1694 ,
903 1655 1004 1684 cum
1022 1639 1095 1683 ille
1118 1640 1283 1699 primus
1301 1644 1467 1699 Martyr

80 1718 130 1752 ut
150 1708 463 1768 lapidatoribus
485 1709 571 1753 suis
589 1710 906 1768 ignosceretur,
933 1711 1117 1754 oraverit
1132 1713 1162 1754 ⁵.

141 1782 361 1823 LXXVII.
388 1779 470 1824 Sed
495 1780 595 1823 hinc
618 1795 706 1823 non
729 1788 900 1839 oportet
922 1781 1099 1824 moveri.
1123 1781 1227 1834 Quis
1249 1781 1364 1825 enirn
1388 1797 1465 1825 au-

81 1848 181 1893 deat
203 1850 417 1893 affirmare
433 1885 443 1904 ,
467 1865 566 1893 cum
598 1849 660 1893 illi
690 1850 826 1894 sancti
848 1849 1066 1895 candidati
1093 1866 1136 1894 se
1156 1851 1366 1895 vindicari
1390 1867 1466 1911 pe-

81 1919 229 1963 tierint
246 1954 256 1972 ,
281 1929 428 1963 utrum
463 1929 612 1963 contra
641 1920 754 1978 ipsos
787 1920 1006 1974 homines,
1033 1936 1086 1964 an
1110 1930 1260 1965 contra
1283 1936 1465 1979 regnum

80 1990 244 2049 peccati
262 1991 493 2049 petierint?
511 1993 617 2035 Nam
639 1990 730 2049 ipsa
753 2000 816 2034 est
832 1991 997 2034 sincera
1020 2001 1062 2035 et
1084 1991 1210 2051 plena
1226 1993 1403 2052 justitiae
1423 2002 1466 2037 et

81 2060 386 2104 misericordiae
418 2059 607 2104 vindicta
643 2064 916 2118 Martyrum,
948 2070 996 2104 ut
1029 2071 1247 2106 evertatur
1282 2078 1465 2121 regnum

80 2130 263 2190 peccati,
275 2145 363 2189 quo
379 2139 586 2187 regnante
599 2138 718 2173 tanta
733 2131 918 2189 perpessi
933 2140 1049 2175 sunt.
1063 2131 1131 2175 Ad
1142 2134 1210 2192 cuj
1217 2148 1265 2176 us
1276 2133 1464 2177 eversio-

81 2215 183 2244 nem
198 2200 350 2243 nititur
364 2199 613 2258 Apostolus,
626 2199 772 2244 dicens
787 2219 795 2246 :
812 2219 832 2242 «
842 2203 941 2246 Non
955 2216 1057 2260 ergo
1071 2212 1222 2260 regnet
1237 2211 1465 2262 peccatum

84 2289 104 2312 ι)
140 2271 185 2314 in
205 2279 345 2314 vestro
364 2269 535 2314 mortali
550 2285 729 2330 corpore
744 2272 776 2315 ⁶.
801 2289 821 2312 »
847 2272 1092 2316 Destruitur
1113 2282 1260 2316 autem
1282 2282 1325 2317 et
1347 2288 1464 2318 ever-

81 2341 187 2385 titur
208 2342 375 2400 peccati
403 2356 605 2398 regnum,
637 2342 794 2401 partim
828 2343 1095 2387 correctione
1127 2344 1378 2400 hominum,
1417 2353 1468 2389 ut

82 2426 182 2456 caro
213 2411 381 2470 spiritui
402 2411 683 2470 subjiciatur,
708 2413 866 2472 partim
889 2413 1167 2458 damnatione
1189 2429 1469 2473 perseveran-

83 2483 194 2527 tium
216 2482 260 2525 in
282 2491 483 2541 peccato,
510 2491 560 2527 ut
588 2483 645 2527 ita
665 2474 832 2544 justitia
862 2484 1145 2541 ordinentur,
1164 2494 1214 2529 ut
1229 2486 1354 2545 justis
1371 2501 1469 2531 cum

135 2585 145 2599 ¹
165 2580 256 2609 Rom.
280 2588 338 2619 xit,
360 2577 411 2619 14.
433 2595 475 2602 —-
495 2585 508 2602 ²
526 2579 596 2611 lbid
633 2591 682 2621 17.
707 2598 747 2604 -
770 2578 782 2603 3
801 2592 812 2612 ι
836 2584 918 2614 Petr.
946 2592 990 2624 ιιι,
1012 2593 1046 2624 9.
1070 2598 1110 2605 ·--
1132 2581 1148 2611 4
1165 2586 1264 2624 Apoc.
1290 2594 1336 2624 vi,
1354 2594 1403 2616 ιο.
1424 2600 1465 2606 -

85 2631 99 2654 5
114 2634 186 2665 Act.
204 2643 264 2674 vn,
286 2632 338 2674 59.
361 2650 398 2657 --
421 2632 436 2656 6
456 2636 545 2667 Rom
565 2646 609 2675 vi,
637 2644 687 2667 ι’).
