1819 3301
383 273 462 313 164
819 283 850 308 s.
889 281 1118 309 Aucusrim
1155 281 1336 308 Episeom

377 350 517 403 nitur,
541 348 831 407 suggestione,
859 347 1149 391 delectatione
1167 380 1178 400 ,
1205 344 1488 389 consensione
1516 362 1524 387 :
1549 343 1608 386 ita
1636 341 1769 401 ipsius

376 419 544 480 peccati
564 429 648 463 tres
669 427 771 462 sunt
793 417 1051 461 differentiae
1067 451 1078 471 ,
1103 416 1149 459 in
1169 416 1299 460 corde
1315 451 1325 470 ,
1361 415 1407 458 in
1430 412 1567 468 facto,
1598 413 1643 456 in
1665 427 1771 458 con-

375 490 607 535 suetudine
623 524 634 544 ,
660 498 870 548 tanquam
894 496 978 531 tres
1000 496 1160 531 mortes
1180 506 1187 531 :
1215 503 1302 530 una
1324 486 1448 547 quasi
1477 485 1523 528 in
1547 484 1678 528 domo
1695 517 1705 537 ‚
1726 481 1772 525 id

377 571 442 607 est
463 576 564 606 cum
580 561 626 603 in
649 559 780 604 corde
807 560 1079 603 consentitur
1108 557 1308 615 libidini3
1334 557 1468 601 altera
1493 557 1581 616 jam
1604 553 1773 614 prolata

378 633 501 693 quasi
523 640 642 675 extra
663 639 851 690 portam,
877 645 977 674 cum
1000 630 1043 673 in
1065 629 1231 673 factum
1250 626 1448 687 procedit
1469 626 1676 682 assensio,
1692 633 1776 668 ter-

376 704 457 758 tia,
482 717 583 747 cum
608 702 652 747 vi
683 700 1011 747 consuetudinis
1047 699 1175 744 malae
1209 708 1420 759 tanquam
1454 696 1568 742 mole
1603 705 1775 740 terrena

376 775 580 835 primitur
603 774 772 818 animus
788 809 798 829 ,
825 774 949 833 quasi
978 773 1023 816 in
1045 770 1245 831 sepulcro
1261 771 1352 830 jam
1375 778 1548 829 putens.
1570 770 1679 821 Quae
1694 768 1777 811 tria

378 860 537 904 genera
558 853 835 889 mortuorum
851 842 1087 887 Dominum
1102 841 1391 895 resuscitasse,
1410 838 1606 900 quisquis
1628 841 1776 882 Evan—

379 915 541 975 gelium
557 915 686 974 legit,
712 914 920 973 agnoscit.
946 915 1003 956 Et
1022 911 1204 956 fortasse
1226 909 1472 956 considerat
1509 924 1616 969 quas
1645 907 1776 952 diffe-

378 986 537 1030 rentias
574 986 733 1029 habeat
770 985 901 1028 etiam
941 984 1033 1043 ipsa
1062 998 1147 1028 vox
1180 982 1475 1026 resuscitantis
1492 1016 1506 1036 ,
1542 995 1642 1024 cum
1676 979 1780 1023 alibi

380 1056 487 1100 dicit
504 1075 513 1100 ε
529 1074 549 1097 «
566 1055 732 1111 Puella,
750 1069 878 1113 surge
895 1073 904 1098 :
924 1072 944 1095 »
961 1052 1064 1097 alibi
1083 1073 1091 1098 :
1113 1073 1132 1095 «
1150 1053 1343 1107 Juvenis,
1359 1052 1439 1096 tibi
1453 1051 1566 1106 dico,
1587 1065 1736 1109 surge:
1754 1068 1774 1090 »

381 1126 486 1171 alibi
512 1145 521 1171 ε
552 1145 572 1168 «
593 1124 827 1170 Infremuit
841 1124 995 1184 spiritu
1010 1158 1020 1178 ,
1047 1133 1091 1167 et
1112 1124 1255 1178 flevit,
1292 1131 1335 1166 et
1358 1137 1506 1167 rursus
1528 1119 1728 1175 fremuit,
1755 1137 1775 1160 »
1794 1124 1797 1129 '

380 1205 424 1240 et
456 1205 554 1256 post
595 1196 754 1240 deinde
795 1210 900 1240 voce
942 1208 1099 1252 magna
1138 1193 1341 1238 clamavit
1377 1211 1386 1237 ε
1425 1212 1444 1234 ι(
1485 1195 1660 1246 Lazare,
1680 1190 1781 1235 veni

385 1284 405 1308 »
443 1265 606 1310 foras¹.
637 1284 656 1307 »

441 1338 649 1381 XXXVI.
674 1340 947 1395 Quapropter
965 1335 1143 1379 nomine
1161 1334 1475 1378 moechantium
1499 1332 1575 1393 qui
1604 1332 1688 1376 hoc
1709 1345 1782 1375 ca·-

382 1406 523 1467 pitulo
544 1415 967 1461 commemorantur,
995 1420 1171 1450 omnem
1194 1404 1412 1449 carnalem
1433 1413 1476 1448 et
1503 1401 1784 1447 libidinosam

384 1479 784 1538 concupiscentiam
802 1486 976 1537 oportet
1000 1476 1201 1535 intelligi.
1228 1479 1338 1521 Cum
1363 1476 1479 1519 enim
1503 1484 1590 1518 tam
1614 1472 1785 1518 assidue

385 1549 677 1595 idololatriam
694 1549 914 1608 Scriptura
932 1547 1263 1592 fornicationem
1276 1547 1392 1591 dicat
1407 1565 1416 1591 ι
1431 1565 1450 1588 «
1464 1546 1624 1590 Paulus
1636 1554 1783 1589 autem

390 1637 412 1661 »
447 1618 668 1679 apostolus
687 1618 912 1663 avaritiam
925 1617 1184 1662 idololatriae
1201 1617 1378 1661 nomine
1393 1614 1584 1676 appellet
1596 1618 1629 1670 ²,
1651 1633 1671 1656 »
1689 1614 1785 1674 quis

387 1689 564 1734 dubitet
586 1704 761 1734 omnem
784 1688 943 1733 malam
966 1687 1365 1747 concupiscentiam
1388 1695 1505 1731 recte
1530 1684 1785 1730 fornicatio-

388 1775 492 1804 nem
509 1759 680 1814 vocari,
706 1758 884 1818 quando
913 1759 1057 1802 anima
1089 1757 1289 1817 neglecta
1323 1757 1542 1816 superiore
1573 1757 1668 1814 lege
1700 1771 1787 1816 qua

389 1831 554 1888 regitur
568 1865 579 1885 ,
624 1828 883 1873 inferiorum
914 1837 1170 1873 naturarum
1209 1828 1327 1887 turpi
1370 1827 1618 1887 voluptate,
1663 1826 1787 1887 quasi

389 1900 616 1954 mercede,
659 1899 892 1958 prostituta
917 1898 1240 1958 corrumpitur?
1263 1901 1320 1942 Et
1351 1898 1450 1941 ideo
1473 1897 1667 1957 quisquis
1689 1911 1785 1940 car-

391 1970 537 2014 nalem
559 1968 895 2013 delectationem
924 1969 1127 2013 adversus
1162 1977 1325 2012 rectam
1362 1967 1628 2012 voluntatem
1666 1982 1789 2011 suam
1818 1945 1819 2035 l

390 2040 603 2085 rebellare
638 2040 769 2084 sentit
799 2055 878 2098 per
915 2038 1276 2084 consuetudinem
1312 2047 1593 2098 peccatorum
1613 2073 1624 2094 ,
1666 2039 1788 2098 cujus
1818 2038 1819 2043 ’

392 2110 618 2155 indomitae
644 2108 853 2153 violentia
870 2109 1057 2153 trahitur
1071 2109 1117 2152 in
1139 2108 1452 2169 captivitatem,
1475 2107 1636 2152 recolat
1652 2123 1790 2168 quan-

394 2190 489 2225 tum
511 2188 655 2240 potest
669 2179 845 2239 qualem
867 2194 1018 2238 pacem
1030 2178 1255 2238 peccando
1278 2178 1483 2234 amiserit,
1500 2187 1543 2222 et
1557 2178 1784 2233 exclamet,

397 2270 417 2294 «
452 2250 609 2295 Infelix
630 2266 711 2309 ego
732 2251 890 2305 homo,
912 2250 1006 2310 quis
1027 2264 1097 2293 me
1118 2248 1325 2293 liberabit
1346 2248 1401 2293 de
1436 2264 1616 2308 corpore
1637 2249 1788 2294 mortis

398 2342 419 2364 »
452 2324 610 2382 hujus?
633 2323 779 2366 Gratia
799 2323 872 2366 Dei
887 2338 964 2381 per
982 2321 1405 2365 JesumChristum³.
1430 2339 1450 2361 n
1472 2325 1537 2366 Ita
1550 2322 1666 2366 enim
1687 2336 1787 2366 cum

395 2408 438 2437 se
451 2392 671 2436 infelicem
686 2391 912 2446 exclamat,
934 2390 1129 2449 lugendo
1147 2391 1351 2449 implorat
1364 2391 1646 2436 consolatoris
1665 2391 1787 2435 auxi-

397 2463 520 2506 lium.
542 2465 629 2507 Nee
662 2477 819 2521 parvus
841 2461 973 2505 estad
1006 2461 1321 2505 beatitudinem
1351 2477 1566 2517 accessus,
1596 2462 1787 2520 cognitio

444 2564 452 2580 ¹
476 2558 596 2590 Matth.
613 2569 660 2598 ικ,
678 2557 733 2598 25,
748 2545 827 2589 Luc..
846 2567 905 2598 vu,
928 2555 980 2598 14,
1003 2560 1036 2589 et
1052 2558 1145 2590 Joan.
1173 2567 1217 2597 xi,
1239 2557 1291 2589 33.
1313 2573 1354 2580 —
1375 2564 1387 2580 ²
1407 2557 1474 2590 Col.
1492 2569 1539 2599 ιιι,
1567 2557 1599 2600 5,
1620 2562 1653 2591 et
1668 2558 1783 2601 Ephes.

397 2623 429 2654 v,
449 2613 479 2645 5.
503 2628 544 2636 -—-
567 2612 579 2636 ³
597 2615 689 2646 Rom.
710 2624 768 2654 vu,
788 2611 842 2654 24.
