<?xml version="1.0" encoding="UTF-8"?>
<!DOCTYPE html PUBLIC "-//W3C//DTD XHTML 1.0 Transitional//EN"
    "http://www.w3.org/TR/xhtml1/DTD/xhtml1-transitional.dtd">
<html xmlns="http://www.w3.org/1999/xhtml" xml:lang="en" lang="en">
 <head>
  <title>
</title>
<meta http-equiv="Content-Type" content="text/html;charset=utf-8" />
  <meta name='ocr-system' content='tesseract 3.04.00' />
  <meta name='ocr-capabilities' content='ocr_page ocr_carea ocr_par ocr_line ocrx_word'/>
</head>
<body>
  <div class='ocr_page' id='page_1' title='image "./operaomniaaccura14auguuoft_0428.png"; bbox 0 0 1819 3301; ppageno 0'>
   <div class='ocr_carea' id='block_1_1' title="bbox 354 285 1303 326">
    <p class='ocr_par' dir='ltr' id='par_1_1' title="bbox 354 285 1303 326">
     <span class='ocr_line' id='line_1_1' title="bbox 354 285 1303 326; baseline -0.004 0"><span class='ocrx_word' id='word_1_1' title='bbox 354 285 438 326; x_wconf 83' lang='lat'>394</span> <span class='ocrx_word' id='word_1_2' title='bbox 787 294 819 323; x_wconf 88' lang='lat' dir='ltr'>s.</span> <span class='ocrx_word' id='word_1_3' title='bbox 857 294 1088 324; x_wconf 74' lang='lat' dir='ltr'>Aucus’nm</span> <span class='ocrx_word' id='word_1_4' title='bbox 1121 295 1303 323; x_wconf 69' lang='lat' dir='ltr'>Emscom</span> 
     </span>
    </p>
   </div>
   <div class='ocr_carea' id='block_1_2' title="bbox 350 358 1750 2604">
    <p class='ocr_par' dir='ltr' id='par_1_2' title="bbox 350 358 1739 494">
     <span class='ocr_line' id='line_1_2' title="bbox 350 358 1739 420; baseline -0.001 -13"><span class='ocrx_word' id='word_1_5' title='bbox 350 363 457 407; x_wconf 89' lang='lat' dir='ltr'>bum</span> <span class='ocrx_word' id='word_1_6' title='bbox 472 361 739 406; x_wconf 86' lang='lat' dir='ltr'>incommuta</span> <span class='ocrx_word' id='word_1_7' title='bbox 747 360 831 405; x_wconf 88' lang='lat' dir='ltr'>bile</span> <span class='ocrx_word' id='word_1_8' title='bbox 847 379 855 404; x_wconf 73' lang='grc' dir='ltr'>ε</span> <span class='ocrx_word' id='word_1_9' title='bbox 873 359 1071 420; x_wconf 88' lang='lat' dir='ltr'>quamvis</span> <span class='ocrx_word' id='word_1_10' title='bbox 1086 358 1311 404; x_wconf 86' lang='lat' dir='ltr'><strong>mutabilia</strong></span> <span class='ocrx_word' id='word_1_11' title='bbox 1323 374 1401 420; x_wconf 89' lang='lat' dir='ltr'>per</span> <span class='ocrx_word' id='word_1_12' title='bbox 1408 359 1603 406; x_wconf 87' lang='lat' dir='ltr'><strong>Verbum</strong></span> <span class='ocrx_word' id='word_1_13' title='bbox 1616 361 1739 416; x_wconf 88' lang='lat' dir='ltr'>fiant,</span> 
     </span>
     <span class='ocr_line' id='line_1_3' title="bbox 350 430 971 494; baseline -0.008 -16"><span class='ocrx_word' id='word_1_14' title='bbox 350 435 490 494; x_wconf 88' lang='lat' dir='ltr'>ipsum</span> <span class='ocrx_word' id='word_1_15' title='bbox 512 430 871 477; x_wconf 84' lang='lat' dir='ltr'>incommutabile</span> <span class='ocrx_word' id='word_1_16' title='bbox 893 440 971 474; x_wconf 80' lang='lat' dir='ltr'>est.</span> 
     </span>
    </p>

    <p class='ocr_par' dir='ltr' id='par_1_3' title="bbox 350 501 1749 1899">
     <span class='ocr_line' id='line_1_4' title="bbox 409 501 1745 562; baseline -0.001 -13"><span class='ocrx_word' id='word_1_17' title='bbox 409 508 512 549; x_wconf 80' lang='lat' dir='ltr'><strong>XII.</strong></span> <span class='ocrx_word' id='word_1_18' title='bbox 540 503 636 548; x_wconf 81' lang='lat' dir='ltr'>Noli</span> <span class='ocrx_word' id='word_1_19' title='bbox 670 518 770 559; x_wconf 82' lang='lat' dir='ltr'>ergo</span> <span class='ocrx_word' id='word_1_20' title='bbox 803 501 979 546; x_wconf 85' lang='lat' dir='ltr'>credere</span> <span class='ocrx_word' id='word_1_21' title='bbox 1008 501 1174 547; x_wconf 85' lang='lat' dir='ltr'>factum</span> <span class='ocrx_word' id='word_1_22' title='bbox 1197 538 1208 557; x_wconf 88' lang='lat'>,</span> <span class='ocrx_word' id='word_1_23' title='bbox 1235 518 1313 562; x_wconf 88' lang='lat' dir='ltr'>per</span> <span class='ocrx_word' id='word_1_24' title='bbox 1343 501 1465 562; x_wconf 87' lang='lat' dir='ltr'>quod</span> <span class='ocrx_word' id='word_1_25' title='bbox 1498 501 1614 547; x_wconf 86' lang='lat' dir='ltr'>facta</span> <span class='ocrx_word' id='word_1_26' title='bbox 1642 511 1745 547; x_wconf 86' lang='lat' dir='ltr'>sunt</span> 
     </span>
     <span class='ocr_line' id='line_1_5' title="bbox 352 573 1744 632; baseline -0.002 -12"><span class='ocrx_word' id='word_1_27' title='bbox 352 576 494 620; x_wconf 86' lang='lat' dir='ltr'>omnia</span> <span class='ocrx_word' id='word_1_28' title='bbox 517 594 524 618; x_wconf 88' lang='lat'>:</span> <span class='ocrx_word' id='word_1_29' title='bbox 544 590 598 617; x_wconf 86' lang='lat' dir='ltr'>ne</span> <span class='ocrx_word' id='word_1_30' title='bbox 620 589 708 617; x_wconf 87' lang='lat' dir='ltr'>uon</span> <span class='ocrx_word' id='word_1_31' title='bbox 730 573 931 616; x_wconf 82' lang='lat' dir='ltr'>reficiaris</span> <span class='ocrx_word' id='word_1_32' title='bbox 953 588 1029 632; x_wconf 87' lang='lat' dir='ltr'>per</span> <span class='ocrx_word' id='word_1_33' title='bbox 1052 573 1246 617; x_wconf 83' lang='lat' dir='ltr'>Verbum</span> <span class='ocrx_word' id='word_1_34' title='bbox 1260 608 1271 628; x_wconf 82' lang='lat'>‚</span> <span class='ocrx_word' id='word_1_35' title='bbox 1296 588 1374 632; x_wconf 85' lang='lat' dir='ltr'>per</span> <span class='ocrx_word' id='word_1_36' title='bbox 1397 573 1518 632; x_wconf 87' lang='lat' dir='ltr'>quod</span> <span class='ocrx_word' id='word_1_37' title='bbox 1540 573 1744 617; x_wconf 87' lang='lat' dir='ltr'>reficiun-</span> 
     </span>
     <span class='ocr_line' id='line_1_6' title="bbox 351 642 1745 702; baseline -0.002 -13"><span class='ocrx_word' id='word_1_38' title='bbox 351 655 422 689; x_wconf 89' lang='lat' dir='ltr'>tur</span> <span class='ocrx_word' id='word_1_39' title='bbox 443 645 601 688; x_wconf 80' lang='lat' dir='ltr'>omnia.</span> <span class='ocrx_word' id='word_1_40' title='bbox 628 646 725 687; x_wconf 67' lang='lat' dir='ltr'>,Iam</span> <span class='ocrx_word' id='word_1_41' title='bbox 746 643 861 686; x_wconf 89' lang='lat' dir='ltr'>enim</span> <span class='ocrx_word' id='word_1_42' title='bbox 884 642 1025 687; x_wconf 80' lang='lat' dir='ltr'>factus</span> <span class='ocrx_word' id='word_1_43' title='bbox 1043 658 1086 686; x_wconf 89' lang='lat' dir='ltr'>es</span> <span class='ocrx_word' id='word_1_44' title='bbox 1109 658 1185 702; x_wconf 86' lang='lat' dir='ltr'>per</span> <span class='ocrx_word' id='word_1_45' title='bbox 1208 643 1404 687; x_wconf 81' lang='lat' dir='ltr'>Verbum</span> <span class='ocrx_word' id='word_1_46' title='bbox 1421 678 1432 697; x_wconf 90' lang='lat'>,</span> <span class='ocrx_word' id='word_1_47' title='bbox 1467 642 1544 687; x_wconf 89' lang='lat' dir='ltr'>sed</span> <span class='ocrx_word' id='word_1_48' title='bbox 1573 652 1745 702; x_wconf 86' lang='lat' dir='ltr'>oportet</span> 
     </span>
     <span class='ocr_line' id='line_1_7' title="bbox 351 713 1745 773; baseline -0.001 -14"><span class='ocrx_word' id='word_1_49' title='bbox 351 726 393 759; x_wconf 88' lang='grc' dir='ltr'>ιε</span> <span class='ocrx_word' id='word_1_50' title='bbox 410 715 531 768; x_wconf 83' lang='lat' dir='ltr'>refici</span> <span class='ocrx_word' id='word_1_51' title='bbox 555 730 631 773; x_wconf 83' lang='lat' dir='ltr'>per</span> <span class='ocrx_word' id='word_1_52' title='bbox 653 715 848 758; x_wconf 80' lang='lat' dir='ltr'>Verbum</span> <span class='ocrx_word' id='word_1_53' title='bbox 881 733 889 758; x_wconf 73' lang='grc' dir='ltr'>ε</span> <span class='ocrx_word' id='word_1_54' title='bbox 921 714 954 757; x_wconf 87' lang='lat' dir='ltr'>si</span> <span class='ocrx_word' id='word_1_55' title='bbox 989 723 1133 757; x_wconf 81' lang='lat' dir='ltr'>autem</span> <span class='ocrx_word' id='word_1_56' title='bbox 1156 713 1269 758; x_wconf 81' lang='lat' dir='ltr'>mala</span> <span class='ocrx_word' id='word_1_57' title='bbox 1293 713 1425 758; x_wconf 88' lang='lat' dir='ltr'>fuerit</span> <span class='ocrx_word' id='word_1_58' title='bbox 1443 713 1550 761; x_wconf 84' lang='lat' dir='ltr'>fides</span> <span class='ocrx_word' id='word_1_59' title='bbox 1579 723 1654 758; x_wconf 88' lang='lat' dir='ltr'>tua</span> <span class='ocrx_word' id='word_1_60' title='bbox 1690 714 1745 758; x_wconf 85' lang='lat' dir='ltr'>de</span> 
     </span>
     <span class='ocr_line' id='line_1_8' title="bbox 351 783 1746 843; baseline 0 -15"><span class='ocrx_word' id='word_1_61' title='bbox 351 786 513 838; x_wconf 79' lang='lat' dir='ltr'>Verbo,</span> <span class='ocrx_word' id='word_1_62' title='bbox 540 801 628 828; x_wconf 90' lang='lat' dir='ltr'>non</span> <span class='ocrx_word' id='word_1_63' title='bbox 647 785 806 843; x_wconf 84' lang='lat' dir='ltr'>poteris</span> <span class='ocrx_word' id='word_1_64' title='bbox 831 785 947 827; x_wconf 87' lang='lat' dir='ltr'>refici</span> <span class='ocrx_word' id='word_1_65' title='bbox 970 800 1047 843; x_wconf 86' lang='lat' dir='ltr'>per</span> <span class='ocrx_word' id='word_1_66' title='bbox 1068 785 1278 827; x_wconf 85' lang='lat' dir='ltr'>Verbum.</span> <span class='ocrx_word' id='word_1_67' title='bbox 1320 787 1376 828; x_wconf 85' lang='lat' dir='ltr'>Et</span> <span class='ocrx_word' id='word_1_68' title='bbox 1398 785 1431 827; x_wconf 89' lang='lat' dir='ltr'>si</span> <span class='ocrx_word' id='word_1_69' title='bbox 1455 783 1533 827; x_wconf 87' lang='lat' dir='ltr'>tibi</span> <span class='ocrx_word' id='word_1_70' title='bbox 1561 784 1746 842; x_wconf 83' lang='lat' dir='ltr'>contigit</span> 
     </span>
     <span class='ocr_line' id='line_1_9' title="bbox 351 854 1744 914; baseline -0.001 -15"><span class='ocrx_word' id='word_1_71' title='bbox 351 856 442 899; x_wconf 89' lang='lat' dir='ltr'>fieri</span> <span class='ocrx_word' id='word_1_72' title='bbox 465 871 540 914; x_wconf 83' lang='lat' dir='ltr'>per</span> <span class='ocrx_word' id='word_1_73' title='bbox 560 855 772 909; x_wconf 79' lang='lat' dir='ltr'>Verbum,</span> <span class='ocrx_word' id='word_1_74' title='bbox 798 865 848 899; x_wconf 89' lang='lat' dir='ltr'>ut</span> <span class='ocrx_word' id='word_1_75' title='bbox 870 871 946 914; x_wconf 84' lang='lat' dir='ltr'>per</span> <span class='ocrx_word' id='word_1_76' title='bbox 969 854 1079 899; x_wconf 83' lang='lat' dir='ltr'>illud</span> <span class='ocrx_word' id='word_1_77' title='bbox 1102 854 1242 900; x_wconf 79' lang='lat' dir='ltr'>factus</span> <span class='ocrx_word' id='word_1_78' title='bbox 1264 856 1334 910; x_wconf 85' lang='lat' dir='ltr'>sis,</span> <span class='ocrx_word' id='word_1_79' title='bbox 1356 871 1432 914; x_wconf 88' lang='lat' dir='ltr'>per</span> <span class='ocrx_word' id='word_1_80' title='bbox 1454 864 1496 899; x_wconf 87' lang='lat' dir='ltr'>te</span> <span class='ocrx_word' id='word_1_81' title='bbox 1517 854 1690 900; x_wconf 85' lang='lat' dir='ltr'>deficis:</span> <span class='ocrx_word' id='word_1_82' title='bbox 1711 854 1744 898; x_wconf 86' lang='lat' dir='ltr'>si</span> 
     </span>
     <span class='ocr_line' id='line_1_10' title="bbox 350 925 1745 987; baseline -0.001 -17"><span class='ocrx_word' id='word_1_83' title='bbox 350 943 427 986; x_wconf 88' lang='lat' dir='ltr'>per</span> <span class='ocrx_word' id='word_1_84' title='bbox 445 937 486 970; x_wconf 89' lang='lat' dir='ltr'>te</span> <span class='ocrx_word' id='word_1_85' title='bbox 509 926 655 971; x_wconf 85' lang='lat' dir='ltr'>deficis</span> <span class='ocrx_word' id='word_1_86' title='bbox 669 962 679 980; x_wconf 84' lang='lat'><strong>‚</strong></span> <span class='ocrx_word' id='word_1_87' title='bbox 700 927 772 971; x_wconf 89' lang='lat' dir='ltr'>ille</span> <span class='ocrx_word' id='word_1_88' title='bbox 795 936 837 970; x_wconf 88' lang='lat' dir='ltr'>te</span> <span class='ocrx_word' id='word_1_89' title='bbox 856 927 1020 970; x_wconf 84' lang='lat' dir='ltr'>reficiat</span> <span class='ocrx_word' id='word_1_90' title='bbox 1037 927 1169 987; x_wconf 89' lang='lat' dir='ltr'>quite</span> <span class='ocrx_word' id='word_1_91' title='bbox 1191 926 1294 972; x_wconf 86' lang='lat' dir='ltr'>fecit</span> <span class='ocrx_word' id='word_1_92' title='bbox 1316 946 1324 971; x_wconf 74' lang='grc' dir='ltr'>ι</span> <span class='ocrx_word' id='word_1_93' title='bbox 1351 927 1478 985; x_wconf 87' lang='lat' dir='ltr'>siper</span> <span class='ocrx_word' id='word_1_94' title='bbox 1498 935 1540 970; x_wconf 88' lang='lat' dir='ltr'>te</span> <span class='ocrx_word' id='word_1_95' title='bbox 1557 925 1745 970; x_wconf 86' lang='lat' dir='ltr'>deterior</span> 
     </span>
     <span class='ocr_line' id='line_1_11' title="bbox 351 995 1745 1057; baseline -0.001 -17"><span class='ocrx_word' id='word_1_96' title='bbox 351 998 553 1051; x_wconf 80' lang='lat' dir='ltr'>efficeris,</span> <span class='ocrx_word' id='word_1_97' title='bbox 576 996 647 1041; x_wconf 92' lang='lat' dir='ltr'>ille</span> <span class='ocrx_word' id='word_1_98' title='bbox 668 1007 709 1041; x_wconf 88' lang='lat' dir='ltr'>te</span> <span class='ocrx_word' id='word_1_99' title='bbox 728 1007 892 1041; x_wconf 88' lang='lat' dir='ltr'>recreet</span> <span class='ocrx_word' id='word_1_100' title='bbox 913 998 987 1057; x_wconf 88' lang='lat' dir='ltr'>qui</span> <span class='ocrx_word' id='word_1_101' title='bbox 1015 1006 1057 1040; x_wconf 92' lang='lat' dir='ltr'>te</span> <span class='ocrx_word' id='word_1_102' title='bbox 1082 998 1256 1041; x_wconf 82' lang='lat' dir='ltr'>creavit.</span> <span class='ocrx_word' id='word_1_103' title='bbox 1281 995 1514 1050; x_wconf 88' lang='lat' dir='ltr'>Quomodo</span> <span class='ocrx_word' id='word_1_104' title='bbox 1535 1005 1579 1041; x_wconf 89' lang='lat' dir='ltr'>te</span> <span class='ocrx_word' id='word_1_105' title='bbox 1599 1005 1745 1040; x_wconf 84' lang='lat' dir='ltr'>autem</span> 
     </span>
     <span class='ocr_line' id='line_1_12' title="bbox 350 1066 1746 1127; baseline -0.001 -16"><span class='ocrx_word' id='word_1_106' title='bbox 350 1076 514 1111; x_wconf 85' lang='lat' dir='ltr'>recreet</span> <span class='ocrx_word' id='word_1_107' title='bbox 545 1083 620 1126; x_wconf 80' lang='lat' dir='ltr'>per</span> <span class='ocrx_word' id='word_1_108' title='bbox 649 1068 874 1121; x_wconf 70' lang='lat' dir='ltr'>Verbum,</span> <span class='ocrx_word' id='word_1_109' title='bbox 904 1068 937 1111; x_wconf 89' lang='lat' dir='ltr'>si</span> <span class='ocrx_word' id='word_1_110' title='bbox 962 1067 1074 1111; x_wconf 84' lang='lat' dir='ltr'>male</span> <span class='ocrx_word' id='word_1_111' title='bbox 1113 1066 1279 1127; x_wconf 86' lang='lat' dir='ltr'>aliquid</span> <span class='ocrx_word' id='word_1_112' title='bbox 1303 1067 1463 1111; x_wconf 87' lang='lat' dir='ltr'>sentias</span> <span class='ocrx_word' id='word_1_113' title='bbox 1492 1067 1547 1110; x_wconf 92' lang='lat' dir='ltr'>de</span> <span class='ocrx_word' id='word_1_114' title='bbox 1569 1066 1746 1116; x_wconf 75' lang='lat' dir='ltr'>Verbo?</span> 
     </span>
     <span class='ocr_line' id='line_1_13' title="bbox 350 1137 1745 1197; baseline -0.001 -16"><span class='ocrx_word' id='word_1_115' title='bbox 350 1137 625 1196; x_wconf 81' lang='lat' dir='ltr'>Evangelista</span> <span class='ocrx_word' id='word_1_116' title='bbox 655 1137 762 1182; x_wconf 87' lang='lat' dir='ltr'>dicit</span> <span class='ocrx_word' id='word_1_117' title='bbox 790 1158 798 1183; x_wconf 88' lang='grc'>;</span> <span class='ocrx_word' id='word_1_118' title='bbox 830 1157 848 1179; x_wconf 88' lang='lat'>«</span> <span class='ocrx_word' id='word_1_119' title='bbox 872 1141 924 1182; x_wconf 90' lang='lat' dir='ltr'>In</span> <span class='ocrx_word' id='word_1_120' title='bbox 956 1137 1172 1197; x_wconf 88' lang='lat' dir='ltr'>principio</span> <span class='ocrx_word' id='word_1_121' title='bbox 1196 1147 1288 1181; x_wconf 87' lang='lat' dir='ltr'>erat</span> <span class='ocrx_word' id='word_1_122' title='bbox 1311 1137 1506 1181; x_wconf 85' lang='lat' dir='ltr'>Verbum</span> <span class='ocrx_word' id='word_1_123' title='bbox 1534 1155 1543 1181; x_wconf 93' lang='lat'>:</span> <span class='ocrx_word' id='word_1_124' title='bbox 1578 1145 1667 1179; x_wconf 87' lang='lat' dir='ltr'>»et</span> <span class='ocrx_word' id='word_1_125' title='bbox 1697 1145 1745 1180; x_wconf 87' lang='lat' dir='ltr'>tu</span> 
     </span>
     <span class='ocr_line' id='line_1_14' title="bbox 351 1206 1746 1267; baseline -0.001 -17"><span class='ocrx_word' id='word_1_126' title='bbox 351 1208 455 1252; x_wconf 88' lang='lat' dir='ltr'>dicis</span> <span class='ocrx_word' id='word_1_127' title='bbox 482 1229 491 1252; x_wconf 86' lang='grc'>;</span> <span class='ocrx_word' id='word_1_128' title='bbox 519 1211 568 1251; x_wconf 92' lang='lat' dir='ltr'>In</span> <span class='ocrx_word' id='word_1_129' title='bbox 587 1208 802 1267; x_wconf 84' lang='lat' dir='ltr'>principio</span> <span class='ocrx_word' id='word_1_130' title='bbox 819 1208 985 1251; x_wconf 83' lang='lat' dir='ltr'>factum</span> <span class='ocrx_word' id='word_1_131' title='bbox 1001 1217 1065 1252; x_wconf 89' lang='lat' dir='ltr'>est</span> <span class='ocrx_word' id='word_1_132' title='bbox 1083 1208 1296 1252; x_wconf 88' lang='lat' dir='ltr'>Verbum.</span> <span class='ocrx_word' id='word_1_133' title='bbox 1322 1207 1400 1251; x_wconf 94' lang='lat' dir='ltr'>Ille</span> <span class='ocrx_word' id='word_1_134' title='bbox 1415 1242 1426 1261; x_wconf 90' lang='lat'>‚</span> <span class='ocrx_word' id='word_1_135' title='bbox 1455 1226 1475 1249; x_wconf 91' lang='lat'>«</span> <span class='ocrx_word' id='word_1_136' title='bbox 1494 1206 1651 1251; x_wconf 84' lang='lat' dir='ltr'>Omnia</span> <span class='ocrx_word' id='word_1_137' title='bbox 1668 1221 1746 1265; x_wconf 91' lang='lat' dir='ltr'>per</span> 
     </span>
     <span class='ocr_line' id='line_1_15' title="bbox 354 1276 1744 1336; baseline -0.001 -15"><span class='ocrx_word' id='word_1_138' title='bbox 354 1296 374 1318; x_wconf 91' lang='lat'>»</span> <span class='ocrx_word' id='word_1_139' title='bbox 410 1278 549 1336; x_wconf 86' lang='lat' dir='ltr'>ipsum</span> <span class='ocrx_word' id='word_1_140' title='bbox 584 1276 695 1322; x_wconf 80' lang='lat' dir='ltr'>facta</span> <span class='ocrx_word' id='word_1_141' title='bbox 730 1287 858 1332; x_wconf 84' lang='lat' dir='ltr'>sunt,</span> <span class='ocrx_word' id='word_1_142' title='bbox 883 1297 902 1318; x_wconf 84' lang='lat'>»</span> <span class='ocrx_word' id='word_1_143' title='bbox 929 1278 1035 1322; x_wconf 91' lang='lat' dir='ltr'>dicit</span> <span class='ocrx_word' id='word_1_144' title='bbox 1062 1297 1070 1322; x_wconf 89' lang='lat'>:</span> <span class='ocrx_word' id='word_1_145' title='bbox 1097 1287 1140 1321; x_wconf 91' lang='lat' dir='ltr'>et</span> <span class='ocrx_word' id='word_1_146' title='bbox 1173 1287 1221 1321; x_wconf 87' lang='lat' dir='ltr'>tu</span> <span class='ocrx_word' id='word_1_147' title='bbox 1243 1278 1374 1332; x_wconf 86' lang='lat' dir='ltr'>dicis,</span> <span class='ocrx_word' id='word_1_148' title='bbox 1396 1277 1509 1331; x_wconf 87' lang='lat' dir='ltr'>Quia</span> <span class='ocrx_word' id='word_1_149' title='bbox 1539 1286 1583 1321; x_wconf 91' lang='lat' dir='ltr'>et</span> <span class='ocrx_word' id='word_1_150' title='bbox 1604 1277 1744 1336; x_wconf 90' lang='lat' dir='ltr'>ipsum</span> 
     </span>
     <span class='ocr_line' id='line_1_16' title="bbox 351 1347 1746 1407; baseline 0 -16"><span class='ocrx_word' id='word_1_151' title='bbox 351 1348 547 1391; x_wconf 87' lang='lat' dir='ltr'>Verbum</span> <span class='ocrx_word' id='word_1_152' title='bbox 566 1347 731 1393; x_wconf 83' lang='lat' dir='ltr'>factum</span> <span class='ocrx_word' id='word_1_153' title='bbox 749 1358 827 1393; x_wconf 87' lang='lat' dir='ltr'>est.</span> <span class='ocrx_word' id='word_1_154' title='bbox 850 1352 1026 1392; x_wconf 86' lang='lat' dir='ltr'>Poterat</span> <span class='ocrx_word' id='word_1_155' title='bbox 1048 1348 1190 1393; x_wconf 85' lang='lat' dir='ltr'>dicere</span> <span class='ocrx_word' id='word_1_156' title='bbox 1215 1348 1493 1407; x_wconf 84' lang='lat' dir='ltr'>Evangelista</span> <span class='ocrx_word' id='word_1_157' title='bbox 1519 1367 1527 1393; x_wconf 91' lang='lat'><strong>:</strong></span> <span class='ocrx_word' id='word_1_158' title='bbox 1553 1350 1604 1391; x_wconf 91' lang='lat' dir='ltr'>In</span> <span class='ocrx_word' id='word_1_159' title='bbox 1625 1347 1746 1407; x_wconf 91' lang='lat' dir='ltr'>prin-</span> 
     </span>
     <span class='ocr_line' id='line_1_17' title="bbox 351 1417 1747 1478; baseline -0.001 -16"><span class='ocrx_word' id='word_1_160' title='bbox 351 1419 463 1477; x_wconf 90' lang='lat' dir='ltr'>cipio</span> <span class='ocrx_word' id='word_1_161' title='bbox 482 1417 645 1462; x_wconf 84' lang='lat' dir='ltr'>factum</span> <span class='ocrx_word' id='word_1_162' title='bbox 664 1427 727 1461; x_wconf 83' lang='grc' dir='ltr'>εει</span> <span class='ocrx_word' id='word_1_163' title='bbox 743 1418 935 1461; x_wconf 84' lang='lat' dir='ltr'>Verbum</span> <span class='ocrx_word' id='word_1_164' title='bbox 957 1439 964 1462; x_wconf 89' lang='lat'>:</span> <span class='ocrx_word' id='word_1_165' title='bbox 987 1418 1063 1462; x_wconf 89' lang='lat' dir='ltr'>sed</span> <span class='ocrx_word' id='word_1_166' title='bbox 1081 1418 1186 1478; x_wconf 85' lang='lat' dir='ltr'>quid</span> <span class='ocrx_word' id='word_1_167' title='bbox 1206 1420 1294 1462; x_wconf 77' lang='lat' dir='ltr'>ait?</span> <span class='ocrx_word' id='word_1_168' title='bbox 1314 1421 1398 1462; x_wconf 87' lang='lat' dir='ltr'>«In</span> <span class='ocrx_word' id='word_1_169' title='bbox 1420 1419 1633 1477; x_wconf 87' lang='lat' dir='ltr'>principio</span> <span class='ocrx_word' id='word_1_170' title='bbox 1654 1426 1747 1461; x_wconf 86' lang='lat' dir='ltr'>erat</span> 
     </span>
     <span class='ocr_line' id='line_1_18' title="bbox 354 1487 1747 1547; baseline 0.001 -19"><span class='ocrx_word' id='word_1_171' title='bbox 354 1506 374 1529; x_wconf 90' lang='lat'>»</span> <span class='ocrx_word' id='word_1_172' title='bbox 410 1489 620 1531; x_wconf 89' lang='lat' dir='ltr'>Verbum.</span> <span class='ocrx_word' id='word_1_173' title='bbox 646 1507 665 1530; x_wconf 72' lang='lat'>)›</span> <span class='ocrx_word' id='word_1_174' title='bbox 691 1489 733 1533; x_wconf 90' lang='lat' dir='ltr'>Si</span> <span class='ocrx_word' id='word_1_175' title='bbox 750 1498 863 1543; x_wconf 82' lang='lat' dir='ltr'>erat,</span> <span class='ocrx_word' id='word_1_176' title='bbox 893 1504 982 1532; x_wconf 91' lang='lat' dir='ltr'>non</span> <span class='ocrx_word' id='word_1_177' title='bbox 1008 1498 1071 1532; x_wconf 89' lang='lat' dir='ltr'>est</span> <span class='ocrx_word' id='word_1_178' title='bbox 1101 1487 1267 1532; x_wconf 83' lang='lat' dir='ltr'>factum</span> <span class='ocrx_word' id='word_1_179' title='bbox 1285 1524 1295 1542; x_wconf 83' lang='lat'>‚</span> <span class='ocrx_word' id='word_1_180' title='bbox 1322 1498 1371 1533; x_wconf 82' lang='lat' dir='ltr'>ut</span> <span class='ocrx_word' id='word_1_181' title='bbox 1399 1489 1480 1532; x_wconf 84' lang='lat' dir='ltr'>ista</span> <span class='ocrx_word' id='word_1_182' title='bbox 1500 1488 1646 1532; x_wconf 87' lang='lat' dir='ltr'>omnia</span> <span class='ocrx_word' id='word_1_183' title='bbox 1668 1502 1747 1547; x_wconf 90' lang='lat' dir='ltr'>per</span> 
     </span>
     <span class='ocr_line' id='line_1_19' title="bbox 351 1558 1749 1618; baseline 0 -17"><span class='ocrx_word' id='word_1_184' title='bbox 351 1558 493 1616; x_wconf 87' lang='lat' dir='ltr'>ipsum</span> <span class='ocrx_word' id='word_1_185' title='bbox 521 1559 677 1602; x_wconf 86' lang='lat' dir='ltr'>fierent</span> <span class='ocrx_word' id='word_1_186' title='bbox 695 1594 704 1612; x_wconf 87' lang='lat'>,</span> <span class='ocrx_word' id='word_1_187' title='bbox 732 1568 775 1602; x_wconf 89' lang='lat' dir='ltr'>et</span> <span class='ocrx_word' id='word_1_188' title='bbox 797 1560 887 1602; x_wconf 86' lang='lat' dir='ltr'>sine</span> <span class='ocrx_word' id='word_1_189' title='bbox 909 1559 1002 1618; x_wconf 84' lang='lat' dir='ltr'>ipso</span> <span class='ocrx_word' id='word_1_190' title='bbox 1025 1558 1151 1602; x_wconf 87' lang='lat' dir='ltr'>nihil.</span> <span class='ocrx_word' id='word_1_191' title='bbox 1176 1558 1218 1602; x_wconf 89' lang='lat' dir='ltr'>Si</span> <span class='ocrx_word' id='word_1_192' title='bbox 1241 1573 1343 1617; x_wconf 83' lang='lat' dir='ltr'>ergo</span> <span class='ocrx_word' id='word_1_193' title='bbox 1361 1593 1372 1613; x_wconf 82' lang='lat'><strong>‚</strong></span> <span class='ocrx_word' id='word_1_194' title='bbox 1394 1578 1414 1600; x_wconf 88' lang='lat'>«</span> <span class='ocrx_word' id='word_1_195' title='bbox 1439 1561 1544 1603; x_wconf 83' lang='lat' dir='ltr'>Erat</span> <span class='ocrx_word' id='word_1_196' title='bbox 1564 1558 1608 1602; x_wconf 91' lang='lat' dir='ltr'>in</span> <span class='ocrx_word' id='word_1_197' title='bbox 1627 1558 1749 1617; x_wconf 89' lang='lat' dir='ltr'>prin-</span> 
     </span>
     <span class='ocr_line' id='line_1_20' title="bbox 355 1628 1747 1688; baseline 0.001 -18"><span class='ocrx_word' id='word_1_198' title='bbox 355 1647 374 1670; x_wconf 92' lang='lat'>»</span> <span class='ocrx_word' id='word_1_199' title='bbox 411 1628 523 1688; x_wconf 87' lang='lat' dir='ltr'>cipio</span> <span class='ocrx_word' id='word_1_200' title='bbox 548 1629 739 1672; x_wconf 89' lang='lat' dir='ltr'>Verbum</span> <span class='ocrx_word' id='word_1_201' title='bbox 757 1664 768 1684; x_wconf 86' lang='lat'>‚</span> <span class='ocrx_word' id='word_1_202' title='bbox 807 1638 850 1673; x_wconf 86' lang='lat' dir='ltr'>et</span> <span class='ocrx_word' id='word_1_203' title='bbox 884 1629 1080 1672; x_wconf 84' lang='lat' dir='ltr'>Verbum</span> <span class='ocrx_word' id='word_1_204' title='bbox 1110 1638 1202 1672; x_wconf 85' lang='lat' dir='ltr'>erat</span> <span class='ocrx_word' id='word_1_205' title='bbox 1225 1628 1342 1687; x_wconf 85' lang='lat' dir='ltr'>apud</span> <span class='ocrx_word' id='word_1_206' title='bbox 1368 1631 1528 1684; x_wconf 83' lang='lat' dir='ltr'>Deum,</span> <span class='ocrx_word' id='word_1_207' title='bbox 1554 1638 1597 1672; x_wconf 87' lang='lat' dir='ltr'>et</span> <span class='ocrx_word' id='word_1_208' title='bbox 1634 1632 1747 1673; x_wconf 90' lang='lat' dir='ltr'>Deus</span> 
     </span>
     <span class='ocr_line' id='line_1_21' title="bbox 355 1698 1747 1760; baseline 0.002 -20"><span class='ocrx_word' id='word_1_209' title='bbox 355 1717 375 1740; x_wconf 69' lang='lat' dir='ltr'>n</span> <span class='ocrx_word' id='word_1_210' title='bbox 412 1708 503 1742; x_wconf 86' lang='lat' dir='ltr'>erat</span> <span class='ocrx_word' id='word_1_211' title='bbox 538 1700 729 1743; x_wconf 86' lang='lat' dir='ltr'>Verbum</span> <span class='ocrx_word' id='word_1_212' title='bbox 757 1718 765 1745; x_wconf 80' lang='lat' dir='ltr'>z</span> <span class='ocrx_word' id='word_1_213' title='bbox 798 1718 817 1741; x_wconf 91' lang='lat'>»</span> <span class='ocrx_word' id='word_1_214' title='bbox 843 1700 876 1743; x_wconf 86' lang='lat' dir='ltr'>si</span> <span class='ocrx_word' id='word_1_215' title='bbox 902 1715 990 1743; x_wconf 90' lang='lat' dir='ltr'>non</span> <span class='ocrx_word' id='word_1_216' title='bbox 1013 1709 1135 1758; x_wconf 88' lang='lat' dir='ltr'>potes</span> <span class='ocrx_word' id='word_1_217' title='bbox 1164 1700 1354 1758; x_wconf 83' lang='lat' dir='ltr'>cogitare</span> <span class='ocrx_word' id='word_1_218' title='bbox 1377 1698 1485 1760; x_wconf 89' lang='lat' dir='ltr'>quid</span> <span class='ocrx_word' id='word_1_219' title='bbox 1508 1698 1587 1753; x_wconf 85' lang='lat' dir='ltr'>sit,</span> <span class='ocrx_word' id='word_1_220' title='bbox 1618 1698 1747 1743; x_wconf 82' lang='lat' dir='ltr'>differ</span> 
     </span>
     <span class='ocr_line' id='line_1_22' title="bbox 353 1769 1747 1830; baseline 0.001 -16"><span class='ocrx_word' id='word_1_221' title='bbox 353 1779 403 1814; x_wconf 88' lang='lat' dir='ltr'>ut</span> <span class='ocrx_word' id='word_1_222' title='bbox 420 1785 597 1814; x_wconf 74' lang='lat' dir='ltr'>crescas,</span> <span class='ocrx_word' id='word_1_223' title='bbox 624 1769 702 1813; x_wconf 88' lang='lat' dir='ltr'>Ille</span> <span class='ocrx_word' id='word_1_224' title='bbox 720 1771 841 1813; x_wconf 81' lang='lat' dir='ltr'>cibus</span> <span class='ocrx_word' id='word_1_225' title='bbox 862 1780 950 1824; x_wconf 88' lang='grc' dir='ltr'>εει,</span> <span class='ocrx_word' id='word_1_226' title='bbox 973 1771 1119 1830; x_wconf 84' lang='lat' dir='ltr'>accipe</span> <span class='ocrx_word' id='word_1_227' title='bbox 1134 1770 1200 1815; x_wconf 81' lang='lat' dir='ltr'>lac</span> <span class='ocrx_word' id='word_1_228' title='bbox 1216 1780 1265 1815; x_wconf 89' lang='lat' dir='ltr'>ut</span> <span class='ocrx_word' id='word_1_229' title='bbox 1287 1771 1489 1816; x_wconf 88' lang='lat' dir='ltr'>nutriaris</span> <span class='ocrx_word' id='word_1_230' title='bbox 1507 1805 1518 1826; x_wconf 90' lang='lat'>,</span> <span class='ocrx_word' id='word_1_231' title='bbox 1537 1779 1587 1815; x_wconf 92' lang='lat' dir='ltr'>ut</span> <span class='ocrx_word' id='word_1_232' title='bbox 1608 1771 1662 1814; x_wconf 82' lang='lat' dir='ltr'>sis</span> <span class='ocrx_word' id='word_1_233' title='bbox 1676 1786 1747 1815; x_wconf 87' lang='lat' dir='ltr'>va-</span> 
     </span>
     <span class='ocr_line' id='line_1_23' title="bbox 352 1839 1011 1899; baseline -0.002 -15"><span class='ocrx_word' id='word_1_234' title='bbox 352 1839 467 1884; x_wconf 82' lang='lat' dir='ltr'>lidus</span> <span class='ocrx_word' id='word_1_235' title='bbox 486 1840 540 1883; x_wconf 82' lang='lat' dir='ltr'>ad</span> <span class='ocrx_word' id='word_1_236' title='bbox 558 1840 821 1899; x_wconf 81' lang='lat' dir='ltr'>capiendum</span> <span class='ocrx_word' id='word_1_237' title='bbox 845 1841 1011 1884; x_wconf 91' lang='lat' dir='ltr'>cibum.</span> 
     </span>
    </p>

    <p class='ocr_par' dir='ltr' id='par_1_4' title="bbox 356 1909 1750 2604">
     <span class='ocr_line' id='line_1_24' title="bbox 411 1909 1745 1971; baseline 0.002 -17"><span class='ocrx_word' id='word_1_238' title='bbox 411 1913 538 1954; x_wconf 83' lang='lat' dir='ltr'><strong>XIII.</strong></span> <span class='ocrx_word' id='word_1_239' title='bbox 567 1913 701 1965; x_wconf 81' lang='lat' dir='ltr'>Sane,</span> <span class='ocrx_word' id='word_1_240' title='bbox 723 1909 874 1955; x_wconf 77' lang='lat' dir='ltr'>fratres</span> <span class='ocrx_word' id='word_1_241' title='bbox 889 1946 899 1965; x_wconf 86' lang='lat'>,</span> <span class='ocrx_word' id='word_1_242' title='bbox 926 1911 1047 1970; x_wconf 87' lang='lat' dir='ltr'>quod</span> <span class='ocrx_word' id='word_1_243' title='bbox 1063 1912 1282 1971; x_wconf 82' lang='lat' dir='ltr'>sequitur:</span> <span class='ocrx_word' id='word_1_244' title='bbox 1303 1912 1498 1955; x_wconf 88' lang='lat' dir='ltr'>«Omnia</span> <span class='ocrx_word' id='word_1_245' title='bbox 1513 1926 1590 1970; x_wconf 90' lang='lat' dir='ltr'>per</span> <span class='ocrx_word' id='word_1_246' title='bbox 1604 1912 1745 1970; x_wconf 88' lang='lat' dir='ltr'>ipsum</span> 
     </span>
     <span class='ocr_line' id='line_1_25' title="bbox 356 1979 1747 2040; baseline 0.001 -17"><span class='ocrx_word' id='word_1_247' title='bbox 356 1999 376 2022; x_wconf 79' lang='lat'>)›</span> <span class='ocrx_word' id='word_1_248' title='bbox 414 1979 526 2024; x_wconf 82' lang='lat' dir='ltr'>facta</span> <span class='ocrx_word' id='word_1_249' title='bbox 548 1990 672 2035; x_wconf 82' lang='lat' dir='ltr'>sunt,</span> <span class='ocrx_word' id='word_1_250' title='bbox 697 1990 739 2024; x_wconf 88' lang='lat' dir='ltr'>et</span> <span class='ocrx_word' id='word_1_251' title='bbox 767 1982 857 2024; x_wconf 85' lang='lat' dir='ltr'>sine</span> <span class='ocrx_word' id='word_1_252' title='bbox 875 1982 968 2040; x_wconf 87' lang='lat' dir='ltr'>ipso</span> <span class='ocrx_word' id='word_1_253' title='bbox 990 1981 1155 2025; x_wconf 83' lang='lat' dir='ltr'>factum</span> <span class='ocrx_word' id='word_1_254' title='bbox 1178 1991 1241 2025; x_wconf 87' lang='grc' dir='ltr'>εει</span> <span class='ocrx_word' id='word_1_255' title='bbox 1261 1981 1371 2024; x_wconf 90' lang='lat' dir='ltr'>nihil</span> <span class='ocrx_word' id='word_1_256' title='bbox 1393 1983 1402 2005; x_wconf 87' lang='lat'><strong>¹</strong></span> <span class='ocrx_word' id='word_1_257' title='bbox 1422 2016 1433 2035; x_wconf 92' lang='lat'>‚</span> <span class='ocrx_word' id='word_1_258' title='bbox 1457 2000 1476 2022; x_wconf 92' lang='lat'>»</span> <span class='ocrx_word' id='word_1_259' title='bbox 1499 1981 1645 2025; x_wconf 89' lang='lat' dir='ltr'>videte</span> <span class='ocrx_word' id='word_1_260' title='bbox 1660 2015 1671 2035; x_wconf 90' lang='lat'>,</span> <span class='ocrx_word' id='word_1_261' title='bbox 1693 1996 1747 2035; x_wconf 84' lang='lat' dir='ltr'>ne</span> 
     </span>
     <span class='ocr_line' id='line_1_26' title="bbox 356 2050 1747 2110; baseline -0.001 -15"><span class='ocrx_word' id='word_1_262' title='bbox 356 2052 414 2095; x_wconf 86' lang='lat' dir='ltr'>sic</span> <span class='ocrx_word' id='word_1_263' title='bbox 443 2052 662 2109; x_wconf 83' lang='lat' dir='ltr'>cogitetis,</span> <span class='ocrx_word' id='word_1_264' title='bbox 696 2052 798 2110; x_wconf 82' lang='lat' dir='ltr'>quia</span> <span class='ocrx_word' id='word_1_265' title='bbox 834 2051 939 2094; x_wconf 85' lang='lat' dir='ltr'>nihil</span> <span class='ocrx_word' id='word_1_266' title='bbox 978 2051 1144 2110; x_wconf 80' lang='lat' dir='ltr'>aliquid</span> <span class='ocrx_word' id='word_1_267' title='bbox 1177 2060 1255 2095; x_wconf 88' lang='grc' dir='ltr'>εει.</span> <span class='ocrx_word' id='word_1_268' title='bbox 1289 2051 1438 2095; x_wconf 89' lang='lat' dir='ltr'>Solent</span> <span class='ocrx_word' id='word_1_269' title='bbox 1470 2052 1586 2095; x_wconf 88' lang='lat' dir='ltr'>enim</span> <span class='ocrx_word' id='word_1_270' title='bbox 1619 2050 1747 2095; x_wconf 90' lang='lat' dir='ltr'>multi</span> 
     </span>
     <span class='ocr_line' id='line_1_27' title="bbox 356 2120 1748 2181; baseline -0.001 -15"><span class='ocrx_word' id='word_1_271' title='bbox 356 2121 469 2167; x_wconf 83' lang='lat' dir='ltr'>male</span> <span class='ocrx_word' id='word_1_272' title='bbox 488 2121 779 2180; x_wconf 81' lang='lat' dir='ltr'>intelligentes</span> <span class='ocrx_word' id='word_1_273' title='bbox 796 2157 806 2176; x_wconf 85' lang='lat'>,</span> <span class='ocrx_word' id='word_1_274' title='bbox 832 2141 851 2163; x_wconf 91' lang='lat'>«</span> <span class='ocrx_word' id='word_1_275' title='bbox 875 2122 974 2166; x_wconf 87' lang='lat' dir='ltr'>Sine</span> <span class='ocrx_word' id='word_1_276' title='bbox 996 2122 1089 2180; x_wconf 88' lang='lat' dir='ltr'>ipso</span> <span class='ocrx_word' id='word_1_277' title='bbox 1112 2120 1277 2166; x_wconf 81' lang='lat' dir='ltr'>factum</span> <span class='ocrx_word' id='word_1_278' title='bbox 1302 2130 1366 2165; x_wconf 89' lang='lat' dir='ltr'>est</span> <span class='ocrx_word' id='word_1_279' title='bbox 1390 2122 1499 2165; x_wconf 89' lang='lat' dir='ltr'>nihil</span> <span class='ocrx_word' id='word_1_280' title='bbox 1515 2157 1525 2176; x_wconf 85' lang='lat'>‚</span> <span class='ocrx_word' id='word_1_281' title='bbox 1546 2140 1565 2163; x_wconf 90' lang='lat'>»</span> <span class='ocrx_word' id='word_1_282' title='bbox 1592 2131 1748 2181; x_wconf 86' lang='lat' dir='ltr'>putare</span> 
     </span>
     <span class='ocr_line' id='line_1_28' title="bbox 358 2192 1749 2253; baseline -0.001 -16"><span class='ocrx_word' id='word_1_283' title='bbox 358 2194 523 2253; x_wconf 79' lang='lat' dir='ltr'>aliquid</span> <span class='ocrx_word' id='word_1_284' title='bbox 546 2209 635 2237; x_wconf 85' lang='lat' dir='ltr'>esse</span> <span class='ocrx_word' id='word_1_285' title='bbox 665 2194 788 2237; x_wconf 85' lang='lat' dir='ltr'>nihil.</span> <span class='ocrx_word' id='word_1_286' title='bbox 812 2197 1044 2237; x_wconf 78' lang='lat' dir='ltr'>Peccatum</span> <span class='ocrx_word' id='word_1_287' title='bbox 1073 2192 1251 2252; x_wconf 86' lang='lat' dir='ltr'>quidem</span> <span class='ocrx_word' id='word_1_288' title='bbox 1276 2209 1365 2237; x_wconf 93' lang='lat' dir='ltr'>non</span> <span class='ocrx_word' id='word_1_289' title='bbox 1391 2209 1468 2252; x_wconf 89' lang='lat' dir='ltr'>per</span> <span class='ocrx_word' id='word_1_290' title='bbox 1490 2193 1633 2252; x_wconf 86' lang='lat' dir='ltr'>ipsum</span> <span class='ocrx_word' id='word_1_291' title='bbox 1657 2192 1749 2236; x_wconf 80' lang='lat' dir='ltr'>sac-</span> 
     </span>
     <span class='ocr_line' id='line_1_29' title="bbox 357 2262 1749 2323; baseline -0.001 -15"><span class='ocrx_word' id='word_1_292' title='bbox 357 2274 450 2308; x_wconf 91' lang='lat' dir='ltr'>tum</span> <span class='ocrx_word' id='word_1_293' title='bbox 475 2274 539 2308; x_wconf 84' lang='lat' dir='ltr'>est</span> <span class='ocrx_word' id='word_1_294' title='bbox 560 2284 568 2309; x_wconf 80' lang='lat' dir='ltr'>z</span> <span class='ocrx_word' id='word_1_295' title='bbox 595 2275 637 2308; x_wconf 89' lang='lat' dir='ltr'>et</span> <span class='ocrx_word' id='word_1_296' title='bbox 658 2264 937 2308; x_wconf 81' lang='lat' dir='ltr'>manifestum</span> <span class='ocrx_word' id='word_1_297' title='bbox 959 2273 1043 2317; x_wconf 88' lang='lat' dir='ltr'>est,</span> <span class='ocrx_word' id='word_1_298' title='bbox 1069 2264 1171 2323; x_wconf 83' lang='lat' dir='ltr'>quia</span> <span class='ocrx_word' id='word_1_299' title='bbox 1203 2273 1430 2322; x_wconf 83' lang='lat' dir='ltr'>peccatum</span> <span class='ocrx_word' id='word_1_300' title='bbox 1461 2262 1571 2310; x_wconf 87' lang='lat' dir='ltr'>nihil</span> <span class='ocrx_word' id='word_1_301' title='bbox 1592 2271 1657 2307; x_wconf 88' lang='lat' dir='ltr'>est</span> <span class='ocrx_word' id='word_1_302' title='bbox 1673 2298 1684 2317; x_wconf 92' lang='lat'>,</span> <span class='ocrx_word' id='word_1_303' title='bbox 1706 2272 1749 2306; x_wconf 88' lang='lat' dir='ltr'>et</span> 
     </span>
     <span class='ocr_line' id='line_1_30' title="bbox 358 2334 1748 2394; baseline -0.003 -13"><span class='ocrx_word' id='word_1_304' title='bbox 358 2336 465 2381; x_wconf 83' lang='lat' dir='ltr'>nihil</span> <span class='ocrx_word' id='word_1_305' title='bbox 483 2337 596 2380; x_wconf 84' lang='lat' dir='ltr'>fiunt</span> <span class='ocrx_word' id='word_1_306' title='bbox 617 2337 816 2380; x_wconf 76' lang='lat' dir='ltr'>homines</span> <span class='ocrx_word' id='word_1_307' title='bbox 836 2351 936 2379; x_wconf 93' lang='lat' dir='ltr'>cum</span> <span class='ocrx_word' id='word_1_308' title='bbox 959 2344 1155 2394; x_wconf 83' lang='lat' dir='ltr'>peccant.</span> <span class='ocrx_word' id='word_1_309' title='bbox 1180 2338 1236 2378; x_wconf 89' lang='lat' dir='ltr'>Et</span> <span class='ocrx_word' id='word_1_310' title='bbox 1254 2334 1421 2379; x_wconf 91' lang='lat' dir='ltr'>idolum</span> <span class='ocrx_word' id='word_1_311' title='bbox 1440 2350 1530 2379; x_wconf 90' lang='lat' dir='ltr'>non</span> <span class='ocrx_word' id='word_1_312' title='bbox 1546 2349 1624 2393; x_wconf 90' lang='lat' dir='ltr'>per</span> <span class='ocrx_word' id='word_1_313' title='bbox 1638 2336 1748 2377; x_wconf 89' lang='lat' dir='ltr'>Ver-</span> 
     </span>
     <span class='ocr_line' id='line_1_31' title="bbox 360 2403 1747 2465; baseline -0.002 -15"><span class='ocrx_word' id='word_1_314' title='bbox 360 2407 464 2449; x_wconf 88' lang='lat' dir='ltr'>bum</span> <span class='ocrx_word' id='word_1_315' title='bbox 485 2407 650 2450; x_wconf 80' lang='lat' dir='ltr'>factum</span> <span class='ocrx_word' id='word_1_316' title='bbox 674 2416 736 2450; x_wconf 90' lang='grc' dir='ltr'>εει</span> <span class='ocrx_word' id='word_1_317' title='bbox 758 2406 912 2450; x_wconf 78' lang='lat' dir='ltr'>:habet</span> <span class='ocrx_word' id='word_1_318' title='bbox 935 2403 1112 2465; x_wconf 86' lang='lat' dir='ltr'>quidem</span> <span class='ocrx_word' id='word_1_319' title='bbox 1132 2404 1315 2448; x_wconf 84' lang='lat' dir='ltr'>formam</span> <span class='ocrx_word' id='word_1_320' title='bbox 1333 2404 1569 2464; x_wconf 83' lang='lat' dir='ltr'>quamdam</span> <span class='ocrx_word' id='word_1_321' title='bbox 1586 2405 1747 2448; x_wconf 87' lang='lat' dir='ltr'>huma-</span> 
     </span>
     <span class='ocr_line' id='line_1_32' title="bbox 362 2473 1749 2534; baseline -0.001 -16"><span class='ocrx_word' id='word_1_322' title='bbox 362 2491 461 2518; x_wconf 80' lang='lat' dir='ltr'>nam</span> <span class='ocrx_word' id='word_1_323' title='bbox 477 2511 486 2529; x_wconf 81' lang='lat'><em>‚</em></span> <span class='ocrx_word' id='word_1_324' title='bbox 518 2476 592 2519; x_wconf 84' lang='lat' dir='ltr'>sed</span> <span class='ocrx_word' id='word_1_325' title='bbox 622 2477 710 2534; x_wconf 74' lang='lat' dir='ltr'>ipsc</span> <span class='ocrx_word' id='word_1_326' title='bbox 732 2477 863 2520; x_wconf 90' lang='lat' dir='ltr'>homo</span> <span class='ocrx_word' id='word_1_327' title='bbox 892 2491 966 2534; x_wconf 85' lang='lat' dir='ltr'>per</span> <span class='ocrx_word' id='word_1_328' title='bbox 987 2474 1177 2518; x_wconf 87' lang='lat' dir='ltr'>Verbum</span> <span class='ocrx_word' id='word_1_329' title='bbox 1204 2473 1341 2519; x_wconf 82' lang='lat' dir='ltr'>faetus</span> <span class='ocrx_word' id='word_1_330' title='bbox 1365 2484 1428 2518; x_wconf 86' lang='lat' dir='ltr'>est</span> <span class='ocrx_word' id='word_1_331' title='bbox 1449 2496 1460 2531; x_wconf 78' lang='lat'>3</span> <span class='ocrx_word' id='word_1_332' title='bbox 1480 2490 1581 2521; x_wconf 80' lang='lat' dir='ltr'>nam</span> <span class='ocrx_word' id='word_1_333' title='bbox 1612 2473 1749 2517; x_wconf 82' lang='lat' dir='ltr'>forma</span> 
     </span>
     <span class='ocr_line' id='line_1_33' title="bbox 360 2544 1750 2604; baseline -0.002 -15"><span class='ocrx_word' id='word_1_334' title='bbox 360 2545 548 2589; x_wconf 87' lang='lat' dir='ltr'>hominis</span> <span class='ocrx_word' id='word_1_335' title='bbox 569 2546 614 2588; x_wconf 89' lang='lat' dir='ltr'>in</span> <span class='ocrx_word' id='word_1_336' title='bbox 637 2545 753 2591; x_wconf 89' lang='lat' dir='ltr'>idolo</span> <span class='ocrx_word' id='word_1_337' title='bbox 772 2581 783 2599; x_wconf 77' lang='lat'>‚</span> <span class='ocrx_word' id='word_1_338' title='bbox 811 2561 898 2590; x_wconf 88' lang='lat' dir='ltr'>non</span> <span class='ocrx_word' id='word_1_339' title='bbox 916 2560 992 2604; x_wconf 93' lang='lat' dir='ltr'>per</span> <span class='ocrx_word' id='word_1_340' title='bbox 1008 2545 1203 2588; x_wconf 90' lang='lat' dir='ltr'>Verbum</span> <span class='ocrx_word' id='word_1_341' title='bbox 1222 2544 1337 2589; x_wconf 83' lang='lat' dir='ltr'>facta</span> <span class='ocrx_word' id='word_1_342' title='bbox 1359 2554 1449 2588; x_wconf 88' lang='lat' dir='ltr'>est:</span> <span class='ocrx_word' id='word_1_343' title='bbox 1474 2553 1515 2588; x_wconf 89' lang='lat' dir='ltr'>et</span> <span class='ocrx_word' id='word_1_344' title='bbox 1533 2544 1750 2603; x_wconf 88' lang='lat' dir='ltr'>Scriptum</span> 
     </span>
    </p>
   </div>
   <div class='ocr_carea' id='block_1_3' title="bbox 413 2630 627 2666">
    <p class='ocr_par' dir='ltr' id='par_1_5' title="bbox 413 2630 627 2666">
     <span class='ocr_line' id='line_1_34' title="bbox 413 2630 627 2666; baseline 0.005 -9"><span class='ocrx_word' id='word_1_345' title='bbox 413 2636 418 2650; x_wconf 87' lang='lat'>¹</span> <span class='ocrx_word' id='word_1_346' title='bbox 441 2631 531 2660; x_wconf 83' lang='lat' dir='ltr'>Joan.</span> <span class='ocrx_word' id='word_1_347' title='bbox 553 2640 574 2666; x_wconf 88' lang='lat'>1,</span> <span class='ocrx_word' id='word_1_348' title='bbox 599 2630 627 2661; x_wconf 75' lang='lat'>3,</span> 
     </span>
    </p>
   </div>
  </div>
 </body>
</html>
