1819 3301
350 268 434 307 236
747 276 780 305 s.
817 276 1047 305 Aucusmuu
1082 276 1261 303 nmscom

351 363 372 387 »
407 345 550 405 inquit
582 343 823 403 Propheta,
849 340 1099 386 laudabitur
1122 339 1264 384 anima
1287 354 1382 384 mea
1405 359 1413 385 ε
1439 340 1620 385 audiant
1647 342 1731 385 mi-

351 435 370 458 »
407 426 496 471 ωε,
522 425 565 460 et
585 416 887 475 jucundentur
903 416 932 456 ¹.
961 431 980 453 υ
1010 413 1052 457 Si
1074 411 1252 456 scientia
1274 421 1362 467 est,
1388 427 1473 472 qua
1496 411 1610 456 beati
1631 422 1733 456 sunt

348 488 425 548 qui
445 487 598 545 lugent
616 522 626 540 ,
647 484 855 545 quoniam
885 483 965 543 ipsi
998 481 1343 527 consolabuntur
1365 502 1374 528 ;
1396 498 1568 529 oremus
1588 491 1638 528 ut
1659 484 1733 528 fiat

346 557 547 603 voluntas
569 557 659 615 ejus
686 556 797 599 sicut
819 554 864 598 in
881 554 995 598 coelo
1029 563 1071 598 et
1093 554 1139 597 in
1160 563 1272 598 terra
1296 575 1307 612 3
1332 554 1432 614 quia
1454 569 1554 598 cum
1575 570 1732 614 corpus

346 637 557 688 tanquam
592 636 729 681 terra,
768 625 938 685 spiritui
969 634 1175 685 tanquam
1203 624 1344 680 coelo,
1373 640 1540 670 summa
1576 633 1620 670 et
1642 634 1733 670 tota
1788 644 1793 649 ·

346 715 452 759 pace
484 698 749 742 consenserit
765 732 775 752 ,
802 712 891 741 non
920 696 1167 755 lugebimus
1193 716 1201 741 :
1230 711 1332 740 nam
1354 695 1500 741 nullus
1522 696 1629 741 alius
1649 697 1734 741 hu-

341 772 412 831 jus
435 769 641 829 temporis
664 768 807 813 luctus
829 777 891 812 est
908 803 919 824 ,
957 768 1040 812 nisi
1071 783 1171 812 cum
1195 766 1423 811 adversum
1445 783 1490 812 se
1516 768 1596 812 ista
1624 783 1732 812 con-

346 842 506 900 ssigunt
525 876 535 896 ‚
574 850 618 885 et
640 849 806 900 cogunt
829 855 907 884 nos
939 839 1082 884 dicere
1109 861 1117 884 ;
1144 838 1325 884 «Video
1356 838 1483 883 aliam
1515 838 1657 898 legem
1688 841 1732 884 in
1791 863 1794 865 ·

348 932 368 955 »
403 913 606 957 membris
628 913 734 957 meis
756 920 1071 972 repugnantem
1099 910 1184 969 legi
1201 911 1356 956 mentis
1372 926 1480 955 meae
1501 930 1509 956 :
1539 929 1560 952 »
1587 920 1629 955 et
1643 909 1734 956 luc-

346 995 440 1030 tum
461 994 658 1029 nostrum
680 984 922 1043 lacrymosa
943 997 1051 1028 voce
1079 982 1250 1038 testari,
1281 1002 1301 1025 «
1326 982 1455 1027 Miser
1477 998 1557 1042 ego
1573 983 1729 1037 homo,

348 1075 367 1097 n
404 1057 500 1117 quis
522 1072 591 1100 me
614 1055 818 1100 liberabit
836 1055 890 1099 de
909 1069 1090 1114 corpore
1108 1053 1259 1097 mortis
1283 1054 1476 1113 hujus2?
1497 1071 1516 1094 »
1544 1054 1586 1098 Si
1610 1052 1733 1098 forti-

344 1128 453 1172 tudo
471 1138 560 1183 est‚
578 1144 664 1188 qua
688 1127 802 1171 beati
824 1136 925 1171 sunt
946 1127 1022 1186 qui
1045 1125 1241 1170 esuriunt
1258 1134 1301 1169 et
1322 1125 1475 1169 sitiunt
1490 1125 1699 1184 justitiam
1718 1160 1730 1182 ,

344 1201 550 1261 quoniam
569 1201 650 1260 ipsi
668 1201 982 1244 saturabuntur
1007 1218 1015 1244 z
1040 1214 1211 1243 oremus
1230 1207 1279 1242 ut
1300 1198 1422 1257 panis
1448 1206 1595 1242 noster
1618 1213 1725 1257 quo-

344 1271 531 1316 tidianus
550 1271 678 1315 detur
700 1271 826 1315 nobis
847 1270 1001 1324 bodie,
1023 1285 1111 1329 quo
1136 1268 1234 1312 fulti
1256 1278 1386 1328 atque
1404 1268 1651 1322 sustentati,
1677 1267 1733 1312 ad

342 1342 634 1402 plenissimam
658 1343 777 1386 illam
801 1342 1070 1386 saturitatem
1092 1340 1239 1385 venire
1261 1341 1486 1399 possimus.
1517 1340 1558 1384 Si
1591 1338 1734 1384 consi-

342 1413 450 1460 lium
475 1423 557 1468 est,
584 1430 672 1474 quo
702 1414 813 1457 beati
838 1421 939 1457 sunt
962 1411 1257 1456 misericordes
1274 1447 1283 1465 ‚
1309 1410 1517 1471 quoniam
1538 1411 1731 1469 ipsorum

342 1486 615 1530 miserebitur
646 1505 653 1530 ε
689 1485 958 1529 dimittamus
986 1483 1133 1527 debita
1171 1482 1441 1526 debitoribus
1475 1482 1651 1537 nostris,
1687 1491 1732 1527 et

342 1573 513 1602 oremus
534 1567 579 1602 ut
598 1557 721 1602 nobis
744 1567 890 1602 nostra
908 1556 1201 1601 dimittantur.
1222 1555 1263 1599 Si
1281 1553 1526 1598 intellectus
1542 1563 1620 1609 est,
1641 1569 1730 1614 quo

341 1629 458 1674 beati
482 1639 583 1673 sunt
605 1629 760 1673 mundi
783 1629 936 1684 corde,
970 1628 1179 1688 quoniam
1210 1627 1291 1686 ipsi
1314 1630 1452 1670 Deum
1479 1625 1693 1670 videbunt
1717 1645 1726 1670 ε

342 1716 512 1746 oremus
543 1715 631 1744 non
654 1699 803 1744 induci
824 1700 868 1743 in
899 1699 1183 1743 tentationem
1205 1732 1215 1752 ‚
1241 1712 1296 1740 ne
1313 1696 1552 1740 habeamus
1570 1695 1731 1756 duplex

340 1787 415 1816 cor
432 1806 442 1826 ‚
462 1786 552 1814 non
577 1769 822 1830 appetendo
845 1769 1025 1828 simplex
1048 1768 1212 1813 bonum
1230 1802 1241 1822 ‚
1264 1782 1353 1826 quo
1374 1765 1610 1810 referamus
1632 1781 1729 1810 om-

338 1843 410 1886 nia
442 1857 537 1902 quae
568 1856 799 1900 operamur
816 1875 826 1894 ‚
852 1840 926 1883 sed
948 1838 1077 1882 simul
1099 1836 1354 1897 temporalia
1376 1845 1419 1881 et
1442 1846 1613 1881 terrena
1642 1852 1731 1882 sec-

338 1911 487 1956 tando.
512 1911 784 1954 'sentationes
808 1911 923 1953 enim
947 1908 1001 1953 de
1018 1909 1084 1953 his
1107 1909 1236 1952 rebus
1259 1924 1357 1968 quae
1380 1923 1528 1967 graves
1548 1917 1591 1952 et
1613 1907 1729 1952 cala-

339 1984 505 2028 mitosae
526 1982 731 2027 videntur
759 1981 1009 2025 hominibus
1026 2016 1036 2035 ‚
1072 1995 1163 2024 non
1196 1980 1243 2023 in
1265 1995 1342 2024 nos
1373 1978 1521 2024 valent
1539 2014 1549 2034 ,
1582 1980 1615 2024 si
1639 1995 1728 2024 non

337 2054 512 2099 valeant
538 2053 624 2097 illae
639 2089 649 2108 ,
676 2069 774 2113 quae
791 2051 1012 2095 blanditiis
1031 2066 1180 2094 earum
1202 2066 1348 2094 rerum
1367 2049 1600 2105 accidunt,
1621 2065 1728 2110 quas

339 2126 534 2170 homines
563 2126 697 2169 bonas
720 2134 762 2168 et
795 2123 1001 2167 laetandas
1022 2131 1193 2182 putant.
1223 2122 1265 2166 Si
1290 2122 1496 2181 sapientia
1521 2130 1609 2176 est,
1638 2136 1726 2181 qua

339 2197 455 2241 beati
484 2205 585 2240 sunt
618 2195 812 2255 pacifici,
840 2194 1045 2254 quoniam
1074 2193 1152 2251 ipsi
1180 2191 1256 2235 filii
1274 2192 1351 2235 Dei
1381 2191 1685 2248 vocabuntur³
1712 2209 1721 2236 ε

340 2283 512 2313 oremus
544 2276 593 2311 ut
621 2266 856 2310 liberemur
879 2280 901 2308 a
924 2263 1038 2307 malo
1066 2282 1073 2307 :
1099 2263 1189 2322 ipsa
1211 2262 1323 2305 enim
1346 2262 1543 2306 liberatio
1567 2261 1726 2307 liberos

339 2356 417 2385 nos
439 2339 594 2392 faciet,
633 2337 784 2392 idest,
812 2336 920 2380 filios
950 2336 1022 2379 m
1052 2343 1101 2378 ut
1123 2334 1275 2394 spiritu
1300 2332 1544 2394 adoptionis
1565 2332 1725 2378 clame-

339 2427 434 2455 mus
455 2446 465 2465 ,
491 2430 510 2451 «
532 2409 658 2454 Abba
683 2409 849 2452 Pater&
881 2426 899 2448 n
1335 2414 1339 2419 ·

397 2471 835 2525 xxxix.'San0110n
851 2477 1117 2536 negligenter
1136 2474 1489 2535 primm-eundum
1506 2482 1584 2529 est,
1603 2471 1725 2534 quod

388 2584 397 2600 ¹
431 2578 511 2609 Psal.
544 2589 655 2618 xxxin,
685 2587 716 2610 2.
750 2595 792 2600 —
812 2584 824 2600 ²
854 2579 942 2609 Rom.
976 2586 1033 2617 vn,
1059 2574 1114 2607 23,
1142 2590 1183 2596 —-
1203 2571 1215 2596 3
1233 2572 1352 2606 Manli.
1372 2584 1406 2614 v,
1429 2572 1501 2614 3-9.
1533 2588 1575 2594 —-
1597 2569 1610 2601 4
1630 2573 1721 2603 Rom.

340 2644 413 2676 vm,
437 2632 487 2675 15,
507 2637 540 2666 et
557 2632 623 2666 Gal.
649 2644 696 2674 iv,
715 2633 748 2664 6.
