1819 3301
259 270 312 295 DE
343 267 551 296 consumo
585 267 992 307 EvANGELISTARUM,
1028 271 1108 296 Lm.
1146 271 1204 295 1v.
1344 261 1423 297 117

52 334 128 394 qui
145 349 245 378 cum
259 333 483 392 Discipulis
499 333 657 377 Christi
675 348 762 376 non
779 348 877 376 eum
896 333 1179 392 sequebatur,
1200 341 1243 376 et
1260 333 1427 378 daemo-

51 404 122 448 nia
153 404 197 446 in
232 405 321 463 ejus
350 403 523 446 nomine
555 402 766 460 ejiciebat.
800 401 924 446 Unde
959 403 1065 446 mihi
1092 403 1264 447 videtur
1297 405 1427 448 etiam

51 475 134 518 hoc
165 472 261 517 loco
298 472 505 516 Dominus
538 470 776 514 secundum
810 472 945 516 Marci
978 472 1108 516 fidem
1143 472 1242 516 ideo
1273 472 1429 518 dixisse

51 560 150 604 quae
173 543 263 587 aliis
286 543 414 602 etiam
436 542 539 586 locis
562 541 682 595 dixit,
702 542 804 600 quia
827 543 925 587 satis
945 543 1222 602 pertinebant
1242 544 1298 587 ad
1318 545 1431 589 hanc

50 615 186 674 ipsam
214 614 304 672 ejus
336 612 614 665 sententiam,
650 626 736 670 qua
765 613 903 656 vetuit
934 613 1153 671 prohiberi
1173 614 1354 658 virtutes
1384 614 1430 659 in

51 684 226 728 nomine
253 698 330 726 suo
358 682 471 735 fieri,
506 681 635 724 etiam
657 681 711 724 ab
739 680 814 725 illo
841 682 916 741 qui
949 697 1049 726 cum
1074 683 1301 742 Discipulis
1329 698 1431 728 eum

51 769 140 797 non
166 752 442 812 sequebatur.
477 751 544 795 Sic
566 750 681 794 enim
708 752 899 794 contexit
924 770 932 795 :
964 770 984 792 «
1008 752 1092 804 Qui
1114 753 1230 796 enim
1257 769 1347 797 non
1369 763 1433 798 est

54 841 74 864 »
110 822 335 866 adversum
358 836 448 874 vos,
474 836 552 878 pro
575 820 696 863 vobis
718 829 780 864 est
805 839 813 863 :
839 820 1034 880 quisquis
1052 821 1167 864 enim
1187 831 1338 880 potum
1360 823 1434 866 de-

53 910 73 933 »
109 891 220 936 derit
240 891 362 935 vobis
383 889 560 933 calicem
584 900 708 948 aquae
729 889 774 932 in
804 889 979 933 nomine
1000 905 1097 934 meo
1115 925 1125 944 ,
1150 891 1252 950 quia
1273 892 1432 938 Christi

54 980 74 1003 »
109 963 229 1015 estis,
255 976 380 1004 amen
403 959 500 1003 dico
521 959 664 1013 vobiS,
690 974 779 1003 non
800 959 952 1018 perdet
973 961 1217 1005 mercedem
1240 977 1376 1005 suam.
1404 980 1426 1004 »

52 1031 175 1075 Unde
192 1030 381 1074 ostendit
398 1030 527 1074 etiam
544 1028 669 1072 illum
692 1029 746 1072 de
768 1045 856 1088 quo
879 1032 1066 1073 Joannes
1083 1041 1363 1089 suggesserat,
1388 1042 1432 1077 et

51 1102 167 1145 unde
190 1101 268 1144 iste
290 1101 381 1159 ejus
403 1115 542 1143 sermo
569 1108 740 1142 exortus
762 1108 839 1154 est,
865 1100 986 1158 quod
1008 1116 1096 1144 non
1118 1101 1176 1144 ita
1203 1103 1432 1160 separaba-

52 1181 121 1223 tur
145 1187 167 1215 a
191 1171 392 1215 societate
416 1169 733 1228 Discipulorum
748 1204 759 1224 ,
788 1179 838 1213 ut
859 1184 952 1213 eam
971 1178 1179 1229 tanquam
1200 1171 1430 1216 haereticus

49 1241 340 1300 improbaret:
370 1239 443 1283 sed
485 1240 595 1283 sicut
628 1238 768 1283 solent
802 1239 998 1284 homines
1035 1239 1234 1283 nondum
1268 1240 1429 1286 audere

50 1311 209 1355 Christi
238 1310 451 1368 suscipere
493 1318 773 1363 sacramenta,
823 1319 866 1353 et
909 1318 1054 1352 tamen
1090 1311 1254 1353 nomini
1286 1309 1432 1355 favere

50 1381 310 1434 Christiano,
335 1380 392 1423 ita
417 1389 465 1422 ut
484 1379 746 1423 Christianos
767 1379 893 1422 etiam
915 1379 1170 1438 suscipiant,
1191 1389 1234 1423 et
1262 1396 1352 1424 non
1374 1381 1431 1425 ob

5 1479 7 1483 -
50 1450 168 1494 aliud
183 1450 257 1503 cis,
282 1450 361 1492 nisi
384 1450 483 1508 quia
506 1449 737 1493 Christiani
752 1458 873 1503 sunt,
895 1449 1193 1508 obsequantur
1209 1485 1219 1504 ,
1244 1449 1299 1494 de
1318 1467 1430 1511 qua-

0 1573 1 1576 *
49 1521 161 1564 libus
179 1520 298 1574 dicit,
326 1520 444 1579 quod
468 1535 556 1564 non
572 1520 763 1579 perdunt
783 1519 1025 1563 mercedem
1043 1535 1179 1564 suam.
1208 1523 1305 1565 Non
1328 1514 1430 1581 quia

0 1578 1 1587 ἵ
43 1593 132 1651 jam
155 1591 238 1634 tuti
267 1600 397 1650 atque
422 1591 559 1634 securi
586 1590 665 1633 sibi
695 1589 857 1633 debent
886 1589 1019 1633 videri
1047 1605 1096 1633 ex
1124 1591 1205 1634 hac
1240 1591 1430 1636 benevo-

48 1659 197 1714 lentia,
218 1675 347 1719 quam
364 1674 460 1716 erga
481 1659 744 1703 Christianos
766 1659 944 1718 habent,
971 1659 1132 1701 etiamsi
1150 1660 1308 1703 Christi
1326 1661 1430 1719 bap-

50 1730 174 1773 tismo
197 1744 285 1772 non
308 1728 558 1781 abluantur,
584 1743 662 1770 nec
682 1727 838 1770 unitati
861 1729 953 1786 ejus
975 1727 1307 1786 incorporentur
1328 1730 1430 1775 :sed

49 1799 150 1859 quia
171 1800 227 1842 ita
244 1800 332 1858 jam
358 1799 433 1842 Dei
456 1797 744 1841 misericordia
768 1798 1083 1855 gubernantur,
1105 1809 1154 1843 ut
1177 1799 1231 1843 ad
1253 1815 1301 1844 ea
1324 1817 1431 1860 quo-

48 1884 132 1928 quc
147 1869 419 1927 perveniant,
442 1878 572 1926 atque
586 1867 644 1910 ita
666 1867 803 1910 securi
820 1866 874 1910 de
897 1868 979 1911 hoc
1000 1868 1158 1912 saeculo
1173 1869 1424 1915 abscedant.

49 1939 132 1991 Qui
161 1938 357 1996 profecto
395 1946 437 1980 ct
463 1937 580 1996 prius
608 1952 738 1996 quam
771 1937 1116 1981 Christianorum
1146 1955 1328 1984 numero
1357 1957 1429 1985 so-

49 2009 218 2052 cientur
243 2007 434 2051 utiliores
465 2016 586 2065 sunt,
618 2022 749 2065 quam
782 2007 811 2049 ii
843 2007 919 2066 qui
948 2023 1047 2051 cum
1077 2010 1163 2067 jam
1196 2009 1429 2055 Christiani

51 2078 345 2137 appellentur,
371 2086 413 2120 et
434 2077 686 2120 Christianis
708 2077 984 2120 sacramentis
1006 2078 1163 2121 imbuti
1185 2079 1296 2134 sint,
1326 2080 1428 2125 talia

50 2148 252 2202 suadent,
286 2157 334 2191 ut
367 2147 524 2206 quibus
560 2162 608 2190 ea
642 2149 930 2205 persuaserint
961 2164 1108 2192 secum
1142 2150 1185 2192 in
1221 2159 1428 2195 aeternam

50 2233 226 2277 poenam
259 2217 512 2275 pertrahant
540 2236 548 2260 :
575 2232 683 2275 quos
713 2216 1007 2261 membrorum
1039 2218 1326 2276 corporalium
1350 2236 1432 2264 no-

50 2288 166 2330 mine
189 2296 393 2345 tanquam
418 2301 594 2328 manum
616 2285 685 2329 vel
708 2285 884 2329 oculum
917 2287 1278 2331 scandalizantem
1302 2290 1431 2348 jubet

50 2358 141 2400 erui
164 2373 185 2399 a
208 2372 410 2415 corpore,
430 2357 512 2399 hoc
535 2366 613 2410 cst,
640 2356 694 2399 ab
713 2356 802 2415 ipsa
825 2357 999 2400 unitatis
1022 2358 1243 2412 societate,
1270 2367 1320 2402 ut
1337 2360 1426 2403 sine

40 2428 114 2480 ,his
143 2427 284 2484 potius
308 2427 506 2470 veniatur
534 2425 588 2470 ad
607 2426 760 2479 vitam,
786 2441 916 2484 quam
940 2442 1039 2469 cum
1061 2428 1119 2469 eis
1143 2436 1265 2470 eatur
1285 2428 1331 2471 in
1353 2443 1428 2485 ge-

50 2497 254 2540 hennam.
282 2499 374 2539 Hoc
391 2496 483 2554 ipso
506 2504 652 2538 autem·
672 2504 924 2553 separantur
942 2512 964 2539 a
982 2497 1141 2555 quibus
1159 2507 1427 2556 separantur,

48 2565 167 2623 quod
189 2566 247 2608 eis
270 2565 378 2608 mala
402 2564 705 2619 suadentibus,
732 2565 813 2608 hoc
832 2574 909 2617 est,
928 2565 1315 2612 scandalizantibus
1335 2583 1424 2612 non
