1819 3301
336 268 419 308 234
760 284 793 309 s.
829 280 1058 309 Auens-mm
1091 281 1272 309 Euneon

336 355 424 401 tur,
441 345 667 391 exordium
691 347 863 406 capiant
886 366 894 390 :
912 348 1048 403 (Nam
1071 354 1114 390 et
1136 346 1417 390 sanctificatio
1434 346 1621 391 nominis
1642 347 1719 391 Dei

337 416 393 461 ab
416 416 508 476 ipso
535 417 789 460 humilitatis
812 416 985 460 Domini
1007 415 1197 460 adventu
1221 417 1288 475 agi
1311 418 1474 476 coepit3
1495 426 1537 460 et
1560 416 1720 461 adven-

340 497 408 531 tus
441 488 561 545 regni
589 489 680 547 ejus
699 522 708 540 ‚
741 503 829 546 quo
861 487 905 529 in
937 486 1131 530 claritate
1159 498 1367 531 venturus
1397 497 1490 542 est,
1526 503 1614 532 non
1631 488 1721 547 jam

337 558 461 602 sinito
484 558 643 600 sreculo
661 592 671 607 ,
697 557 772 600 sed
793 557 836 599 in
865 557 951 600 fine
981 557 1127 601 saeculi
1160 558 1507 602 manifestabitur
1529 578 1539 615 3
1563 567 1606 601 et
1627 573 1722 617 per-

339 628 469 673 fectio
500 627 734 671 voluntatis
757 628 846 687 ejus
864 663 874 681 ‚
900 628 1010 672 sicut
1028 629 1072 671 in
1095 628 1208 672 coelo
1230 639 1272 673 et
1295 630 1338 672 in
1361 638 1473 672 terra
1489 664 1499 683 ,
1526 628 1613 672 sive
1631 633 1723 684 jus-

338 710 404 744 tos
421 708 461 741 et
479 707 725 757 peccatores
743 698 903 743 coelum
928 708 970 743 et
993 708 1149 743 terram
1168 699 1397 759 intelligas,
1414 701 1502 744 sive
1524 700 1723 758 spiritum

339 779 383 813 et
408 784 582 812 carnem
597 804 607 823 ‚
640 769 727 813 sive
751 770 980 813 Dominum
1002 779 1044 813 et
1062 770 1296 814 Ecclesiam
1314 805 1325 823 ,
1346 771 1433 814 sive·
1455 770 1572 814 omni
1595 768 1725 813 simul

339 842 428 900 ipsa
452 838 718 899 perfectione
740 850 899 884 nostrae
937 841 1215 885 beatitudinis
1231 877 1241 896 ‚
1273 851 1316 885 et
1335 841 1435 885 ideo
1457 840 1603 885 saeculi
1635 849 1725 884 ter-

340 911 579 955 minatione
600 910 891 970 complebitur
917 930 925 955 :
949 913 966 967 )
988 921 1134 955 tamen
1159 913 1303 955 omnia
1336 912 1417 955 tria
1439 911 1486 955 in
1511 920 1726 955 aeternum

340 981 598 1026 manebunt.
624 984 732 1026 Nam
764 991 807 1025 et
838 982 1120 1026 sanctificatio
1143 982 1330 1026 nominis
1356 983 1433 1026 Dei
1467 982 1727 1041 sempiterna

341 1052 452 1106 erit,
479 1061 521 1095 et
556 1052 677 1110 regni
704 1053 795 1112 ejus
829 1051 977 1096 nullus
1005 1061 1069 1096 est
1100 1052 1224 1107 finis,
1257 1063 1300 1097 et
1327 1052 1532 1112 perfectae
1569 1060 1727 1096 nostrae

342 1121 604 1166 beatitudini
635 1131 796 1166 aeterna
829 1123 916 1167 vita
949 1123 1234 1182 promittitur,
1273 1122 1599 1167 Permanebunt
1626 1135 1727 1179 ergo

342 1193 422 1237 ista
454 1193 531 1237 tria
554 1202 854 1238 consummata
883 1202 1014 1253 atque
1037 1194 1257 1238 cumulata
1295 1195 1341 1237 in
1369 1193 1442 1237 illa
1478 1194 1588 1248 vita,
1628 1207 1728 1253 quae

342 1263 468 1308 nobis
485 1264 769 1323 promittitur.

401 1337 630 1379 XXXVII.
663 1335 847 1395 Reliqua
871 1351 973 1380 vero
994 1344 1182 1396 quatuor
1199 1351 1298 1395 quae
1318 1335 1528 1394 petimus,
1553 1333 1609 1378 ad
1625 1342 1729 1378 tem·
1751 1370 1754 1371 γ
1814 1359 1815 1362 =

342 1405 535 1465 poralem
559 1405 684 1450 istam
721 1406 855 1449 vitam
886 1406 1102 1465 pertinere
1134 1405 1242 1449 mihi
1273 1405 1493 1450 videntur.
1531 1407 1730 1458 Quorum

345 1476 537 1535 primum
571 1485 634 1519 est
664 1496 671 1520 ε
706 1495 725 1518 (ι
752 1479 914 1520 Panem
951 1486 1148 1520 nostrum
1186 1476 1493 1536 quotidianum
1527 1475 1582 1519 da
1606 1474 1732 1519 nobis

349 1565 370 1588 »
404 1546 551 1591 hodie.
580 1567 598 1588 »
627 1550 719 1592 Hoc
754 1548 847 1607 ipso
885 1548 1000 1592 enim
1034 1547 1154 1607 quod
1192 1548 1334 1592 dictus
1367 1557 1431 1591 est
1452 1546 1733 1607 quotidianus

347 1618 492 1677 panis,
517 1618 604 1661 sive
641 1618 841 1677 spiritalis
863 1619 1148 1676 significetur,
1175 1619 1262 1661 sive
1287 1618 1333 1661 in
1358 1626 1629 1662 sacramento
1658 1625 1734 1660 aut

347 1688 391 1732 in
405 1689 522 1731 victu
538 1688 618 1732 isto
637 1688 829 1742 visibilis,
848 1689 902 1731 ad
925 1690 1007 1732 hoc
1031 1698 1200 1747 tempus
1220 1689 1425 1747 pertinet,
1446 1686 1566 1747 quod
1589 1685 1735 1746 appel-

348 1757 455 1802 lavit
483 1758 612 1801 hodie
641 1778 648 1802 :
675 1774 763 1802 non
795 1759 896 1818 quia
920 1758 1119 1817 spiritalis
1147 1759 1268 1802 cibus
1304 1774 1391 1802 non
1421 1767 1485 1801 est
1514 1757 1734 1816 sempiter-

349 1845 430 1872 nus
448 1850 458 1886 3
482 1828 555 1872 sed
575 1830 673 1888 quia
689 1830 766 1872 iste
786 1830 861 1889 qui
879 1830 1160 1889 quotidianus
1179 1830 1318 1872 dictus
1335 1838 1398 1873 est
1418 1829 1462 1872 in
1487 1826 1732 1886 Scripturis‚

349 1900 435 1942 sive
463 1900 507 1941 in
541 1899 722 1956 strepitu
757 1899 991 1952 sermonis,
1029 1901 1116 1942 sive
1149 1900 1396 1958 quibusque
1424 1896 1738 1957 temporalibus

350 1969 481 2027 signis
513 1969 743 2011 'exhibetur
778 1968 932 2011 animae
965 1988 972 2012 :
1009 1970 1110 2028 fluae
1145 1969 1430 2012 omnia-tunc
1459 1969 1611 2026 utique
1648 1982 1737 2010 non

352 2051 481 2082 erunt
497 2074 508 2088 ,
543 2054 642 2082 cum
675 2053 823 2082 omnes
857 2048 986 2081 crunt
1005 2038 1217 2082 docibiles
1242 2041 1354 2082 Deol
1373 2073 1383 2091 ‚
1409 2046 1451 2081 et
1473 2037 1609 2096 ipsam
1630 2036 1739 2079 inef—

352 2108 528 2153 fabilem
546 2108 688 2152 lucem
708 2108 896 2151 veritatis
914 2123 1002 2151 non
1022 2117 1143 2151 motu
1166 2122 1399 2165 corporum
1419 2106 1707 2164 significantes
1725 2140 1735 2160 ,

353 2180 430 2223 sed
449 2180 636 2239 puritate
656 2179 812 2222 mentis
835 2179 1094 2222 haurientes.
1117 2181 1224 2222 Nam
1247 2177 1425 2221 tortasse
1447 2187 1491 2220 et
1512 2185 1740 2235 propterea

355 2252 477 2310 panis
500 2248 642 2293 dictus
664 2258 727 2293 est
743 2284 754 2303 ,
775 2264 863 2292 11οη
891 2257 1020 2307 potus
1041 2283 1050 2302 ‚
1077 2248 1177 2308 quia
1202 2249 1323 2306 panis
1346 2246 1588 2305 frangendo
1609 2255 1740 2305 atque

357 2319 629 2374 mandendo,
666 2320 712 2362 in
741 2319 993 2362 alimentum
1023 2319 1321 2375 convertitur3
1361 2317 1472 2361 sicut
1509 2317 1741 2375 Scripturae

359 2390 592 2450 aperiendo
618 2399 659 2434 et
682 2389 931 2433 disserendo
954 2390 1138 2433 animam
1160 2398 1343 2448 pascunt
1369 2407 1377 2432 :
1402 2397 1529 2447 potus
1549 2390 1650 2430 vero
1672 2401 1741 2445 pa-

359 2470 476 2505 ratus
492 2496 503 2515 ‚
529 2460 655 2504 sicuti
675 2469 737 2504 est
754 2495 764 2514 ‚
786 2460 996 2503 transitin
1018 2474 1174 2517 corpus
1197 2478 1204 2502 :
1227 2467 1277 2501 ut
1301 2458 1382 2502 isto
1406 2468 1600 2516 tempore
1621 2456 1742 2515 panis

359 2531 413 2574 sit
447 2531 622 2585 veritas,
663 2545 763 2574 cum
795 2528 1076 2589 quotidianus
1109 2528 1230 2587 panis
1255 2527 1440 2584 dicitur3
1471 2537 1576 2571 tunc
1598 2534 1743 2572 autem

411 2624 417 2638 ¹
446 2616 516 2646 Isa'i‘.
539 2626 600 2655 Liv,
619 2615 669 2655 13,
685 2619 714 2646 ct
729 2617 820 2646 Joan.
841 2625 884 2654 vr,
903 2613 957 2655 43.
