1819 3301
351 276 434 315 360
783 285 815 313 s.
855 286 1083 313 Αυουετῐω
1118 285 1296 311 thscor‘t

348 356 463 397 Deus
478 367 604 396 verus
626 351 907 409 intelligatur.
937 351 1214 394 Sicutautem
1237 349 1350 392 dicta
1368 384 1378 403 ,
1400 348 1456 393 ita
1479 348 1606 392 etiam
1625 348 1739 393 facta

349 424 577 481 finguntur
603 423 694 465 sine
716 420 943 465 mendacio
967 418 1022 463 ad
1045 418 1235 479 aliquam
1260 434 1348 462 rem
1380 418 1736 478 significandam:

348 493 467 538 unde
490 502 553 537 est
575 493 704 536 etiam
727 490 837 534 illud
855 490 1049 551 ejusdem
1068 490 1269 544 Domini,
1295 489 1416 549 quod
1432 490 1476 533 in
1492 490 1562 534 fici
1585 489 1739 534 arbore

349 564 550 625 quaesivit
582 562 774 606 fructum
813 577 864 606 eo
897 571 1117 620 tempore,
1143 576 1233 620 quo
1266 560 1338 603 illa
1374 576 1503 620 poma
1540 559 1739 604 nondum

347 637 533 680 essent¹.
558 636 656 678 Non
679 633 796 676 enim
832 632 1018 676 dubium
1048 641 1112 676 est
1137 631 1256 675 illam
1289 632 1615 692 inquisitionem
1649 647 1740 676 non

345 705 477 751 fuisse
503 718 651 748 veram
672 722 682 748 ι
703 703 843 764 quivis
873 703 988 747 enim
1009 702 1240 747 hominum
1265 703 1421 757 sciret,
1446 702 1480 746 si
1502 718 1592 746 non
1625 701 1739 746 divi-

346 776 506 830 nitate,
542 772 613 819 vel
637 781 860 832 tempore,
894 787 1022 832 poma
1055 771 1175 816 illam
1202 773 1399 817 arborem
1437 788 1528 816 non
1557 772 1735 817 habere.

346 849 378 893 F
383 846 485 891 ictio
516 845 650 904 igitur
678 860 778 904 quae
810 842 866 888 ad
894 843 1086 904 aliquam
1106 844 1334 889 veritatem
1359 843 1569 899 refertur,
1597 844 1737 901 figura

345 925 409 961 est
434 935 444 961 :
469 931 568 976 quae
591 930 682 959 non
704 913 918 970 refertur,
943 914 1219 959 mendacium
1242 924 1320 959 est.
1346 914 1462 968 Quid
1484 928 1585 972 ergo
1603 914 1739 973 signi-

343 989 444 1032 ficat
460 985 583 1047 quod
604 1001 648 1031 se
664 986 726 1030 ire
747 985 920 1045 longius
937 985 1149 1030 Dominus
1166 986 1315 1044 finxit,
1334 1001 1435 1031 cum
1458 985 1739 1030 comitaretur

346 1058 595 1118 Discipulis,
623 1073 842 1117 exponens
876 1058 935 1102 eis
963 1067 1130 1102 sanctas
1162 1059 1430 1118 ScripturaS,
1467 1067 1615 1102 utrum
1649 1058 1740 1117 ipse

348 1139 458 1174 esset
479 1129 815 1189 ignorantibus?
832 1128 948 1182 Quid
965 1137 1192 1188 putamus,
1218 1129 1300 1172 nisi
1322 1128 1423 1189 quia
1435 1127 1740 1188 hospitalitatis

348 1201 493 1246 officio
515 1200 571 1244 ad
598 1215 720 1244 suam
744 1200 1037 1257 cognitionem
1060 1199 1286 1259 pervenire
1312 1215 1436 1259 posse
1455 1200 1651 1244 homines
1668 1200 1740 1244 in-

348 1272 547 1317 timavit?
580 1273 638 1316 Ut
667 1286 768 1315 cum
790 1269 963 1329 longius
996 1271 1087 1330 ipse
1120 1272 1175 1315 ab
1208 1271 1458 1315 hominibus
1488 1271 1741 1316 abscesserit

345 1358 475 1403 super
497 1357 647 1386 omnes
679 1332 814 1385 coelos
829 1376 839 1396 ‚
865 1350 1010 1385 tamen
1032 1341 1091 1385 ita
1119 1357 1220 1385 cum
1243 1342 1301 1385 eis
1323 1342 1377 1386 sit
1401 1342 1478 1402 qui
1500 1342 1594 1385 haec
1617 1342 1738 1385 exhi·

346 1415 453 1460 bent
464 1413 594 1457 servis
613 1413 720 1473 ejus,
737 1422 786 1457 ut
798 1427 899 1456 cum
917 1411 1060 1457 dicere
1076 1413 1291 1473 coeperint
1312 1432 1320 1458 :
1345 1432 1361 1453 «
1383 1413 1582 1467 Domine,
1602 1428 1737 1473 quan-

350 1502 369 1528 »
405 1483 462 1529 do
500 1493 543 1528 te
571 1483 760 1527 vidimus
793 1483 1011 1543 hospitem
1046 1493 1090 1527 et
1122 1483 1443 1528 adduximus²z
1471 1504 1487 1525 »
1530 1492 1738 1543 tanquam

342 1570 445 1600 eum
468 1553 630 1599 scillcet
649 1554 724 1614 qui
746 1553 877 1613 longe
891 1554 1178 1599 abscesserat:
1196 1555 1455 1614 respondeat
1471 1554 1545 1599 ille
1563 1574 1571 1599 :
1593 1557 1737 1600 «Cum

348 1646 367 1668 »
403 1625 481 1669 uni
514 1640 567 1669 ex
603 1624 793 1668 minimis
826 1624 931 1668 meis
959 1623 1145 1680 fecistis,
1183 1625 1290 1669 mihi
1324 1624 1523 1670 fecisti53.
1556 1645 1573 1666 »
1602 1628 1739 1670 Tenet

346 1711 450 1754 ergo
472 1694 695 1739 Christum
725 1709 780 1739 ne
814 1692 987 1752 longius
1016 1694 1070 1738 ab
1097 1694 1172 1739 illo
1194 1704 1283 1749 eat,
1322 1695 1518 1755 quisquis
1549 1696 1739 1739 catechi-

344 1775 466 1811 zatus
487 1765 648 1820 verbo,
682 1766 729 1808 in
760 1764 963 1809 omnibus
985 1765 1110 1809 bonis
1142 1765 1181 1808 ei
1202 1767 1278 1825 qui
1301 1781 1345 1809 se
1363 1766 1598 1810 catechizat
1619 1781 1739 1810 com-

343 1836 539 1881 municat
562 1871 574 1891 ,
621 1836 734 1880 sicut
784 1834 1017 1895 Apostolus
1061 1835 1165 1879 dicit
1199 1854 1208 1879 ε
1243 1854 1263 1877 «
1307 1836 1611 1880 Communicet
1659 1836 1737 1896 qui

346 1923 367 1948 »
402 1906 695 1950 catechizatur
737 1905 872 1949 verbo
911 1904 949 1948 ei
978 1905 1054 1964 qui
1088 1920 1132 1948 sc
1176 1906 1414 1950 catechizat
1447 1907 1491 1950 in
1533 1906 1736 1951 omnibus

345 1996 366 2019 »
402 1977 570 2021 bonis⁴.
615 1995 635 2017 »
662 1978 718 2020 Et
735 1975 818 2020 alio
855 1975 952 2020 loco
988 1992 1087 2020 cum
1118 1975 1319 2032 dixisset,
1346 1997 1365 2018 «
1399 1979 1734 2023 Necessitatibus

344 2066 366 2089 »
397 2055 647 2091 sanctorum
666 2046 1060 2090 communicantes:
1077 2064 1095 2087 »
1115 2047 1259 2090 statim
1273 2047 1478 2106 subjecit:
1497 2067 1512 2086 «
1532 2049 1732 2107 Hospita«

342 2137 363 2161 >›
399 2118 567 2162 litatem
578 2120 858 2161 sectantes5.»
881 2117 1017 2161 Etisti
1034 2117 1151 2161 enim
1169 2118 1420 2162 catechizati
1441 2119 1729 2174 erantverbo,

338 2205 440 2235 cum
462 2189 522 2233 eis
544 2197 778 2248 exponeret
802 2189 1067 2248 ScripturaS,
1091 2197 1135 2232 et
1155 2188 1257 2248 quia
1279 2188 1619 2247 hospitalitatem
1641 2205 1731 2234 sec-

336 2261 415 2306 tati
445 2268 570 2315 sunt,
607 2274 709 2303 eum
736 2275 868 2320 quem
901 2259 946 2303 in
978 2260 1068 2318 ipsa
1101 2259 1367 2319 expositione
1404 2260 1729 2319 Scripturaruni

332 2348 423 2376 non
457 2339 773 2390 cognoverant,
811 2331 855 2374 in
896 2330 1016 2390 panis
1054 2330 1267 2373 fractione
1300 2340 1585 2388 cognoscunt.
1627 2334 1726 2377 Non

333 2403 450 2445 enim
472 2402 691 2445 auditores
714 2401 836 2458 Legis
853 2400 958 2461 justi
981 2409 1083 2444 sunt
1108 2399 1226 2459 apud
1249 2403 1387 2444 Deum
1403 2436 1414 2456 ,
1439 2400 1516 2444 sed
1535 2400 1727 2446 factores

339 2472 463 2529 Legis
480 2471 836 2531 justificabuntur
850 2473 881 2513 ⁶.

381 2574 389 2589 ¹
416 2568 534 2600 matth.
559 2579 624 2609 xxi,
654 2579 702 2609 ¹9·
732 2585 771 2590 —
793 2574 805 2590 ²
825 2568 872 2599 Id.
894 2578 966 2605 xxv,
989 2567 1040 2599 38.
1065 2585 1100 2590 —-
1126 2565 1138 2589 3
1160 2567 1242 2598 Ibid.
1265 2566 1316 2607 40.
1342 2584 1380 2589 ---
1414 2563 1429 2590 4
1446 2567 1547 2599 Galat.
1567 2578 1610 2609 vi,
1629 2566 1663 2600 6,
1689 2583 1727 2590 -

342 2620 355 2643 ⁵
378 2624 455 2653 Rom
484 2635 543 2663 xii,
565 2623 616 2655 13'.
638 2620 767 2654 ——s'hL
790 2634 823 2663 n,
847 2623 894 2654 13,
