1819 3301
351 279 433 315 120
776 288 807 314 s.
845 284 1074 312 Auens'nm
1108 282 1287 309 nmscom

345 367 535 413 quorum
561 360 625 394 est
646 351 691 393 in
710 348 901 394 Ecclesia
924 343 1120 390 sublimis
1137 345 1380 389 auctoritas.
1402 345 1490 389 Nee
1510 342 1609 387 ideo
1630 344 1732 402 quia

343 419 452 466 dixit
474 422 528 465 de
555 421 758 465 omnibus
786 434 830 462 se
854 417 1002 461 fecisse
1023 430 1264 459 sermonem
1281 449 1292 469 ,
1315 428 1414 474 quae
1436 413 1572 471 eoepit
1606 414 1730 456 Jesus

343 493 484 537 facere
507 501 550 535 et
572 491 726 535 docere
749 504 885 549 usque
915 490 961 532 in
991 487 1111 531 diem
1124 502 1212 546 quo
1228 484 1462 529 mandavit
1483 483 1700 543 Apostolis
1715 518 1727 538 ‚

342 563 488 623 putari
511 560 642 605 debet
664 560 809 604 omnia
831 558 1044 618 scripsisse
1066 557 1111 600 in
1131 555 1468 615 Evangelio·suo
1490 570 1589 614 quae
1607 556 1731 598 Jesus

343 649 444 678 eum
466 630 682 690 Apostolis
703 630 748 673 in
770 639 882 673 terra
899 637 1091 673 versatus
1112 626 1215 671 fecit
1235 635 1278 669 et
1299 624 1406 669 dixit
1429 643 1438 669 ε
1463 640 1518 668 ne
1543 624 1596 668 sit
1619 639 1727 668 con-

343 703 523 748 trarium
544 701 703 745 Joanni
719 735 729 755 ‚
756 700 832 759 qui
850 700 908 743 ait
924 697 1061 742 multa
1091 697 1173 741 alia
1196 695 1345 740 fecisse
1373 698 1520 739 Jesum
1538 729 1549 749 ‚
1575 710 1675 754 quae
1697 695 1731 738 si

343 773 663 821 scriberentur,
696 769 912 813 mundum
945 778 1082 811 totum
1121 783 1209 810 non
1241 767 1433 825 potuisse
1460 780 1612 823 capere
1633 764 1730 809 illos

338 844 472 888 libros
496 845 507 867 ¹
532 862 540 886 ε
566 856 667 885 cum
681 840 808 883 etiam
826 848 993 883 constet
1011 839 1064 880 ab
1081 837 1170 880 aliis
1190 835 1473 895 Evangelistis
1489 851 1578 879 uon
1593 850 1731 894 pauca

341 922 534 967 narrata,
570 927 667 972 quae
701 913 839 953 Lucas
870 909 960 967 ipse
989 906 1206 953 narrando
1233 922 1321 951 non
1354 906 1511 964 attigit.
1538 909 1600 950 De
1632 921 1730 950 om-

341 985 471 1028 nibus
500 997 602 1040 ergo
631 980 733 1024 fecit
760 993 1030 1032 sermonem,
1061 976 1260 1034 eligendo
1294 976 1347 1020 de
1377 976 1580 1020 omnibus
1611 976 1730 1020 unde

339 1055 500 1099 faceret
525 1065 791 1104 sermonem,
823 1065 921 1109 quae
944 1047 1155 1108 judicavit
1186 1056 1286 1107 apta
1306 1039 1358 1091 ⁴et
1385 1062 1576 1105 congrua
1606 1048 1730 1090 suffi-

341 1139 436 1170 cere
458 1123 602 1167 officio
627 1120 956 1180 dispensationis
981 1135 1083 1162 suae.
1114 1121 1172 1162 Et
1205 1117 1326 1178 quod
1349 1117 1455 1161 dicit
1485 1136 1493 1161 :
1523 1136 1543 1159 «
1568 1117 1730 1162 Multos

342 1214 362 1238 »
399 1203 575 1239 conatos
598 1192 799 1236 ordinare
822 1189 1131 1242 narrationem,
1157 1203 1256 1248 quae
1283 1188 1329 1231 in
1354 1187 1479 1231 nobis
1501 1187 1730 1246 completae

342 1285 362 1308 »
399 1274 500 1309 sunt
522 1278 696 1318 rerum,
730 1280 748 1302 »
780 1261 953 1305 videtur
980 1259 1220 1318 significare
1252 1257 1511 1313 nonnullos,
1543 1258 1619 1318 qui
1641 1273 1731 1302 non

339 1342 580 1395 potuerunt
610 1334 694 1376 hoc
729 1340 974 1390 susceptum
1000 1344 1159 1373 munus
1192 1329 1373 1387 implere
1409 1347 1417 1372 ε
1450 1327 1549 1372 ideo
1583 1337 1729 1372 autem

341 1405 447 1449 dicit
478 1423 486 1461 ς
523 1422 542 1444 «
578 1403 669 1446 Sibi
702 1402 844 1445 visum
878 1416 968 1444 esse
998 1416 1049 1443 ex
1080 1398 1229 1444 ordine
1261 1398 1490 1457 diligenter
1519 1399 1726 1453 seribere,

344 1494 365 1516 »
401 1473 609 1534 quoniam
641 1470 768 1515 multi
799 1471 943 1518 conati
971 1462 1098 1524 sunt3
1125 1488 1144 1510 »
1179 1468 1254 1513 sed
1275 1484 1346 1512 eos
1376 1469 1586 1512 debemus
1620 1469 1731 1512 acci-

340 1560 442 1604 pere
459 1579 469 1598 ,
496 1557 685 1602 quorum
708 1542 755 1584 in
782 1541 972 1585 Ecclesia
993 1538 1114 1583 nulla
1136 1548 1253 1584 extat
1280 1538 1537 1596 auetoritas3
1560 1539 1662 1598 quia
1684 1538 1729 1584 id

339 1613 460 1674 quod
482 1612 629 1656 conati
656 1621 778 1665 sunt,
804 1611 983 1669 implere
1005 1610 1181 1653 minime
1200 1618 1453 1668 potuerunt.
1481 1612 1566 1652 Iste
1583 1618 1730 1652 autem

338 1700 428 1728 non
465 1682 607 1726 solum
636 1695 775 1739 usque
808 1679 864 1723 ad
900 1679 1262 1723 resurrectionem
1301 1679 1730 1738 assumptionemque

336 1752 510 1799 Domini
526 1751 731 1810 perduxit
749 1749 1040 1793 narrationem
1065 1764 1208 1803 suam,
1231 1758 1280 1793 ut
1305 1749 1351 1792 in
1371 1758 1560 1809 quatuor
1578 1758 1730 1793 aucto-

339 1825 459 1869 ribus
487 1820 760 1880 Evangelicae
788 1821 1012 1879 scripturae
1044 1819 1227 1879 dignum
1258 1820 1406 1864 labore
1436 1836 1514 1865 suo
1548 1821 1728 1865 haberet

338 1896 484 1939 locum
513 1912 521 1936 ε
558 1891 844 1936 verumetiam
870 1889 1072 1949 deinceps
1106 1906 1204 1949 quae
1236 1906 1313 1950 per
1341 1890 1570 1950 Apostolos
1613 1900 1728 1949 gesta

337 1973 453 2017 sunt,
479 1977 579 2021 quae
597 1961 795 2004 sufficere
817 1960 1002 2028 credidit
1023 1961 1078 2004 ad
1096 1960 1397 2004 aedificandam
1421 1960 1552 2004 fidem
1573 1961 1727 2020 legen-

337 2035 447 2078 tium
474 2032 539 2076 vel
563 2031 835 2075 audientium
861 2066 871 2085 ‚
897 2031 956 2074 ita
977 2031 1161 2089 scripsit,
1190 2039 1241 2075 ut
1262 2030 1377 2074 solus
1395 2032 1484 2090 ejus
1509 2030 1619 2074 liber
1641 2030 1727 2075 fide

336 2103 494 2162 dignus
516 2102 750 2145 haberetur
771 2101 816 2144 in
835 2100 1026 2144 Ecclesia
1049 2099 1103 2144 de
1122 2100 1431 2159 Apostolorum
1448 2100 1616 2145 actibus
1632 2116 1726 2145 nar-

337 2173 492 2227 rantis,
517 2171 757 2230 reprobatis
779 2171 982 2214 omnibus
999 2171 1075 2230 qui
1098 2186 1187 2214 non
1221 2185 1270 2214 ea
1297 2170 1383 2214 fide
1404 2169 1489 2230 qua
1513 2171 1722 2230 oportuit,

337 2242 450 2286 facta
468 2240 671 2300 dictaque
688 2240 998 2299 Apostolorum
1025 2241 1116 2284 ausi
1136 2249 1237 2284 sunt
1254 2242 1455 2285 scribere,
1481 2244 1546 2300 Eo
1563 2242 1726 2301 quippe

340 2321 530 2370 tempore
553 2311 818 2373 scripserunt
845 2313 1017 2355 Marcus
1036 2319 1079 2353 et
1103 2314 1257 2366 Lucas,
1282 2327 1371 2371 quo
1390 2326 1479 2355 non
1505 2311 1646 2355 solum
1667 2312 1723 2356 ab

334 2381 526 2424 Ecclesia
560 2380 749 2434 Christi,
784 2381 1067 2424 verumetiam
1104 2381 1158 2424 ab
1191 2381 1291 2439 ipsis
1325 2380 1469 2426 adhuc
1514 2382 1559 2426 in
1593 2397 1724 2426 carne

335 2450 610 2494 manentibus
631 2450 848 2509 Apostolis
871 2451 1044 2509 probari
1062 2460 1321 2510 potuerunt.

388 2552 395 2568 ¹
417 2548 594 2587 Joan.xx1‚
609 2546 662 2579 25.
