1819 3301
361 235 647 271 Qum-nonum
678 232 1043 273 EVANGELIORUM,
1079 237 1160 264 Lm.
1197 238 1244 263 11.
1316 221 1326 225 ‘
1398 227 1481 266 353

104 286 353 344 mammona
368 300 606 361 iniquitatis
623 304 660 360 ¹3
683 301 803 362 quod
817 317 894 346 suo
911 301 1007 346 loco
1025 301 1267 362 expositum
1290 305 1396 346 est2.
1417 304 1486 348 Ad

102 370 187 415 hoc
210 386 344 429 genus
366 373 552 431 pertinet
569 382 612 417 et
633 373 720 429 ille,
741 374 817 434 qui
839 389 927 418 non
944 382 1120 433 propter
1142 373 1391 428 amicitiam,
1409 375 1485 419 sed

102 450 152 486 ut
175 442 305 487 taedio
327 452 515 498 careret,
537 445 629 504 jam
662 445 879 489 dormiens
913 445 1144 500 excitatur,
1177 454 1227 489 ut
1246 454 1330 489 tres
1352 460 1484 504 panes

102 513 351 558 commodet
373 514 510 558 amico
527 529 620 559 suo.
643 515 685 559 Si
703 516 818 559 enim
836 515 909 559 ille
930 515 1122 560 molestia
1143 515 1390 576 compulsus
1412 515 1485 560 de-

102 584 188 639 dit,
214 594 379 645 quanto
414 586 548 645 magis
572 589 712 642 Deus,
738 586 812 646 qui
839 602 982 631 servos
1004 602 1102 631 suos
1126 586 1307 645 diligens
1334 595 1384 631 ut
1404 601 1484 645 pe-

101 664 242 699 tamus
264 656 464 700 hortatur
479 692 490 711 ,
515 657 635 701 dabit
671 657 786 702 bona
809 658 1056 717 petentibus
1081 660 1149 702 se3
1165 660 1183 701 P
1200 661 1352 718 Itaque
1373 656 1484 702 illud

101 726 297 785 superius
321 742 456 786 genus
471 727 536 771 his
550 727 692 772 verbis
715 727 891 787 adjungi
910 737 1072 788 potest,
1098 727 1217 772 Sicut
1237 728 1347 772 illud
1369 728 1428 772 ita
1443 736 1487 772 et

102 795 210 839 illud
239 815 247 840 :
274 797 356 840 hoc
390 806 534 841 autem
569 798 780 857 posterius
802 798 866 843 his
887 798 1044 852 verbis,
1083 797 1126 843 Si
1148 797 1258 842 illud
1278 833 1289 853 ,
1318 807 1484 857 quanto

99 866 234 924 magis
263 867 402 911 illud?
426 877 516 924 aut,
541 869 584 914 Si
611 884 700 913 non
724 868 856 924 illud,
883 878 1048 930 quanto
1076 869 1219 913 minus
1250 869 1388 913 illud?
1409 868 1485 913 sed

100 935 262 980 alicubi
296 938 503 993 obscure,
539 938 699 983 alicubi
723 948 869 998 aperte
898 940 976 983 ista
1008 948 1247 998 ponuntur.
1276 940 1355 983 Hic
1383 954 1484 997 ergo

99 1007 273 1067 iniquus
290 1008 425 1068 judex
446 1026 535 1054 non
557 1025 608 1054 ex
631 1010 913 1055 similitudine
932 1045 942 1065 ,
967 1010 1043 1055 sed
1063 1026 1115 1054 ex
1135 1010 1483 1055 dissimilitudine

99 1077 320 1123 adhibitus
353 1089 442 1134 est,
483 1089 534 1124 ut
570 1080 816 1125 ostenderet
849 1081 1056 1125 Dominus
1079 1090 1245 1141 quanto
1281 1081 1483 1125 certiores

97 1163 186 1192 esse
204 1148 390 1194 debeant
407 1151 482 1210 qui
505 1154 643 1194 Deum
666 1160 987 1210 perseveranter
1014 1159 1169 1208 rogant
1201 1150 1368 1194 fontem
1385 1152 1482 1210 jus-

98 1219 202 1263 titiae
220 1229 351 1280 atque
370 1221 671 1266 misericordiae
689 1257 699 1276 ,
724 1221 793 1265 vel
815 1221 848 1265 si
868 1221 974 1281 quid
1001 1220 1279 1265 excellentius
1298 1220 1383 1265 dici
1406 1229 1482 1265 aut

96 1289 233 1334 audiri
258 1300 430 1349 potest,
455 1307 555 1336 cum
585 1291 701 1351 apud
723 1292 1040 1352 iniquissimum
1058 1290 1250 1351 judicem
1273 1306 1409 1351 usque
1427 1291 1483 1335 ad

97 1360 302 1405 effectum
330 1361 542 1422 implendi
563 1361 764 1407 desiderii
782 1361 966 1407 valuerit
988 1361 1302 1420 perseverantia
1331 1362 1483 1420 depre-

96 1440 246 1474 cantis.

156 1504 214 1545 11.
237 1504 331 1560 Ipsa
354 1517 456 1546 vero
478 1502 608 1546 vidua
630 1511 773 1561 potest
795 1502 956 1545 habere
975 1500 1300 1544 similitudinem
1323 1500 1481 1545 Eccle-

95 1572 192 1626 siae,
228 1570 347 1632 quod
383 1571 573 1616 desolata
607 1571 777 1616 videtur
807 1571 946 1615 donec
974 1571 1121 1615 veniat
1145 1571 1378 1626 Dominus,
1403 1571 1480 1630 qui

98 1650 239 1685 tamen
272 1642 315 1685 in
339 1652 503 1686 secreto
526 1643 654 1686 etiam
683 1658 801 1686 nunc
823 1655 971 1685 curam
1001 1643 1093 1700 ejus
1118 1641 1240 1699 gerit.
1269 1642 1311 1685 Si
1333 1650 1480 1684 autem

94 1721 240 1756 movet
261 1727 338 1755 cur
361 1711 485 1756 electi
510 1712 584 1755 Dei
602 1727 646 1755 se
662 1711 871 1756 vindicari
889 1712 1192 1770 deprecentur,
1215 1709 1335 1770 quod
1350 1711 1480 1754 etiam

92 1782 138 1825 in
160 1782 422 1841 Apocalypsi
440 1783 618 1826 Joannis
635 1782 689 1826 de
710 1781 975 1839 Martyribus
997 1781 1179 1825 dicitur4
1197 1816 1207 1835 ‚
1233 1796 1334 1825 cum
1351 1796 1478 1841 aper-

92 1853 252 1896 tissime
268 1868 522 1896 moneamur
537 1862 585 1896 ut
600 1867 678 1911 pro
696 1852 852 1896 nostris
868 1851 1051 1894 inimicis
1069 1860 1112 1895 et
1127 1852 1476 1910 persecutoribus

91 1938 262 1967 oremus
277 1925 290 1948 ⁵
308 1943 318 1979 3
339 1922 670 1981 intelligendum
693 1932 755 1966 est
778 1937 872 1966 eam
888 1921 1120 1966 vindictam
1137 1937 1226 1965 esse
1238 1923 1473 1981 justorum,

90 2003 140 2037 ut
161 2009 310 2037 omnes
340 1993 442 2037 mali
472 1995 673 2053 pereant⁶
700 2007 708 2033 ε
733 2001 918 2052 pereunt
939 2000 1084 2035 autem
1106 1991 1280 2035 duobus
1304 1992 1443 2036 modis
1458 2026 1470 2048 ‚

90 2072 165 2108 aut
182 2064 460 2109 conversione
483 2063 537 2106 ad
563 2062 798 2123 justitiam,
825 2071 900 2106 aut
927 2062 1078 2105 amissa
1102 2077 1177 2120 per
1209 2062 1473 2121 supplicium

88 2143 299 2193 potestate
318 2169 327 2188 ,
353 2149 438 2193 qua
456 2148 573 2176 nunc
595 2132 798 2177 adversus
821 2132 959 2177 bonos
974 2166 985 2185 ‚
1006 2132 1203 2190 quandiu
1226 2132 1308 2176 hoc
1329 2132 1471 2190 ipsum

87 2204 211 2248 bonis
250 2204 443 2264 expedit,
484 2203 554 2248 vel
593 2203 887 2262 temporaliter
920 2201 1083 2261 aliquid
1117 2200 1276 2245 valent.
1316 2204 1468 2262 Itaque

87 2276 251 2320 etiamsi
264 2291 411 2320 omnes
427 2276 622 2319 homines
638 2282 996 2320 converterentur
1010 2272 1064 2316 ad
1079 2275 1217 2316 Deum
1233 2272 1346 2316 inter
1358 2288 1467 2333 quos

86 2356 188 2391 sunt
220 2347 349 2390 etiam
371 2345 556 2400 inimici,
580 2361 659 2405 pro
680 2345 841 2405 quibus
861 2343 1068 2404 jubemur
1090 2357 1211 2386 orare
1232 2363 1242 2399 3
1267 2341 1467 2388 diabolus

35 2454 37 2458 .
86 2425 232 2460 tamen
268 2417 343 2476 qui
374 2424 577 2475 operatur
605 2415 652 2459 in
678 2414 775 2458 filiis
802 2413 1108 2467 diffidentiae⁷‚
1146 2421 1387 2456 remaneret
1420 2412 1467 2457 in

35 2542 37 2544 μ
133 2518 140 2534 ¹
163 2513 241 2544 Luc.
268 2521 334 2552 xvi,
357 2522 385 2543 1.
407 2528 448 2533 —
474 2518 487 2534 ²
507 2511 584 2543 Vide
603 2522 712 2553 supra,
732 2513 841 2553 quoest,
864 2519 965 2540 xxxiv.
994 2525 1034 2530 -—-
1054 2506 1066 2530 ³
1090 2507 1208 2538 Matth.
1229 2518 1287 2540 vu,
1308 2517 1405 2548 7-11.
1433 2520 1462 2531 -‘

23 2571 43 2614 [J
86 2565 211 2609 4Αροο4
238 2578 282 2608 vi,
305 2578 353 2598 10.
376 2583 416 2589 »-
434 2564 580 2598 5Mau11,
602 2577 635 2608 v,
654 2565 708 2607 44.
735 2582 775 2587 -
798 2563 813 2588 ‘⁷'
832 2567 909 2596 Luc.
930 2575 971 2606 vi,
991 2573 1045 2606 '²7-
1066 2579 1108 2585 —-
1124 2569 1137 2595 ῦ
1153 2562 1267 2605 Ephes
1288 2574 1322 2603 ιι,
1340 2573 1372 2595 2.·

271 2630 379 2661 cxxr
1222 2616 1274 2654 23
