1819 3301
292 308 347 334 DE
378 305 587 336 CONSENSU
619 301 1031 347 ΕνΑΝᾲΕιιεΤΑιωΜ,
1067 309 1150 336 nn.
1187 310 1251 337 111.
1409 294 1462 338 '55

86 391 106 414 »
140 372 298 428 mittis,
324 387 413 416 non
435 387 479 416 es
502 373 664 417 amicus
686 373 863 418 Caesa'r'is
887 391 897 417 ε
916 373 1053 417 omnis
1070 373 1146 433 qui
1167 388 1211 417 sc
1233 388 1379 432 regem
1402 374 1467 419 fa—

87 462 105 483 »
140 442 198 486 cit
215 475 226 497 ,
249 440 504 488 contradicit
528 442 702 485 Caesari.
735 443 898 486 Pilatus
921 456 1023 500 ergo
1056 453 1156 486 cum
1182 441 1369 487 audisset
1390 443 1469 488 hos

84 530 104 553 »
139 527 356 556 sermones
377 546 387 566 ,
423 511 607 555 adduxit
632 510 745 555 foras
765 514 935 567 Jesum,
962 521 1005 556 et
1034 511 1145 556 sedit
1166 525 1245 571 pro
1262 511 1471 558 tribunali

82 600 105 624 ³)
138 582 184 626 in
210 581 307 626 loco
330 582 405 642 qui
432 581 591 626 dicitur
617 582 904 626 Lithostrotos
920 617 931 637 ,
960 583 1165 627 hebraice
1188 591 1333 627 autem
1351 582 1471 628 Gab-

85 671 106 694 »
140 652 287 696 batha.
304 655 408 696 Erat
425 661 569 696 autem
590 656 822 696 Parasceve
845 653 1021 696 Paschae
1042 654 1149 697 hora
1165 654 1284 714 quasi
1303 662 1464 699 sexta.»

82 723 151 767 Ab
168 722 240 766 illa
262 737 364 781 ergo
385 738 491 767 voce
509 725 533 766 J
538 722 763 767 udaeorum
786 738 871 782 qua
891 723 1031 782 primo
1057 723 1261 768 dixerunt
1280 743 1288 769 ι
1315 743 1335 767 «
1355 727 1469 770 Cru-

85 810 106 834 »
141 793 285 850 cifige‚
309 811 328 834 »
346 807 446 836 cum
464 802 573 836 esset
594 793 700 837 hora
722 793 869 847 tertia,
889 808 1029 852 usque
1061 793 1116 837 ad
1139 795 1222 838 hoc
1246 811 1334 854 quo
1357 794 1470 840 sedit

77 878 161 922 -pro
182 862 416 916 tribunali,
444 878 519 921 per
541 862 704 906 medias
721 863 1171 908 morascunctationis
1191 863 1317 908 Pilati
1332 873 1375 908 et
1396 873 1471 908 tu-

82 933 394 977 multuantium
417 932 686 988 Judaeorum,
702 932 803 976 duae
824 934 944 977 horae
967 934 1282 992 praeterierant,
1309 943 1352 978 et
1369 951 1472 995 per-

85 1013 189 1048 acta·
206 1004 359 1063 quinta
384 1004 473 1062 jam
505 1003 559 1047 de
589 1012 704 1047 sexta
736 1003 900 1063 aliquid
932 1013 1140 1063 coeperat.
1172 1023 1193 1046 «
1224 1004 1337 1049 Dicit
1372 1012 1476 1065 ergo

88 1093 109 1116 »
145 1077 169 1118 J
175 1073 307 1118 udaeis
328 1093 337 1118 ι
363 1077 475 1118 Ecce
497 1089 571 1117 rex
587 1082 741 1118 vester.
765 1073 834 1118 Illi
857 1082 1002 1118 autem
1020 1074 1270 1120 clamabant
1290 1095 1299 1121 ;
1326 1076 1471 1131 Tolle,

89 1163 110 1185 n
144 1143 275 1198 tolle,
305 1144 509 1202 crucifige
538 1153 654 1187 eum.
684 1144 769 1188 Sed
791 1145 1033 1204 neque-jam
1051 1156 1291 1189 commotus
1310 1145 1474 1190 Pilatus

87 1215 240 1259 timore
263 1213 493 1257 calumniae
522 1212 648 1257 facile
669 1212 867 1257 cedebat.
896 1216 1018 1258 Tunc
1041 1214 1157 1258 enim
1180 1230 1288 1259 uxor
1307 1216 1397 1274 ejus
1419 1214 1474 1260 ad

87 1299 186 1328 eum
207 1284 380 1327 miserat
401 1283 622 1327 sedentem
644 1299 723 1342 pro
745 1283 951 1327 tribunali
974 1301 982 1327 ε
1008 1285 1128 1343 quod
1153 1286 1475 1344 prreoccupavit

88 1355 335 1408 Matthaeus5
352 1353 427 1413 qui
445 1354 528 1397 hoc
551 1353 665 1397 solus
680 1354 1035 1398 commemoravit
1053 1364 1285 1414 antequam
1305 1355 1360 1399 ad
1374 1371 1475 1399 eum

87 1425 233 1469 locum
252 1424 509 1468 narrationis
526 1424 717 1478 veniret,
738 1433 788 1467 ut
804 1423 865 1467 ibi
888 1425 971 1468 hoc
988 1434 1192 1482 poneret,
1218 1425 1295 1469 ubi
1313 1441 1474 1485 oppor-

88 1505 246 1540 tunum
263 1494 490 1555 judicavit.
525 1497 713 1538 Tentans
736 1495 883 1554 itaque
904 1494 1048 1539 adhuc
1071 1495 1236 1540 Pilatus
1256 1531 1267 1550 ‚
1292 1511 1348 1539 ne
1369 1497 1476 1556 quid

88 1566 316 1625 proficeret
337 1563 443 1608 dixit
473 1565 532 1607 eis
558 1583 566 1608 :
599 1583 618 1605 «
642 1568 807 1622 Regem
838 1573 1032 1608 vestrum
1067 1565 1350 1623 crucifigam?
1367 1569 1475 1610 Res-

91 1653 111 1677 »
147 1634 397 1694 ponderant
420 1634 673 1692 pontifices:
699 1636 797 1678 Non
826 1633 1038 1676 habemus
1056 1648 1199 1691 regem
1228 1635 1312 1678 nts'i
1333 1637 1476 1679 Caesa-

92 1724 112 1746 »
149 1720 254 1748 rem.
284 1707 405 1748 Tunc
434 1718 535 1761 ergo
558 1702 738 1747 tradidit
759 1703 817 1746 eis
840 1702 965 1746 illum
988 1712 1037 1746 ut
1057 1704 1423 1762 crucifigeretur1.
1452 1723 1472 1746 n

91 1776 147 1819 Et
168 1774 274 1818 dum
299 1774 459 1833 pergit,
485 1783 527 1817 et
550 1772 656 1816 dum
687 1773 955 1831 crucifigitur
977 1788 1077 1816 cum
1099 1772 1271 1818 duobus
1293 1773 1476 1819 latroni-

92 1844 173 1887 bus
189 1878 199 1897 ,
226 1844 333 1886 dum
355 1852 493 1887 vestes
512 1844 602 1902 ejus
624 1841 903 1897 dividuntur,
927 1851 970 1886 et
992 1843 1037 1886 in
1059 1852 1218 1887 sortem
1242 1843 1315 1887 illa
1335 1846 1480 1889 tunica

91 1915 301 1967 mittitur,
327 1921 458 1971 atque
480 1913 594 1955 inter
612 1913 705 1955 haec
727 1912 853 1955 variis
871 1913 1075 1957 conviciis
1089 1912 1308 1958 illuditur:
1331 1916 1482 1969 (simul

92 1984 207 2028 enim
237 1995 338 2027 cum
364 1982 437 2026 illa
467 1989 720 2039 gererentur
736 2015 747 2034 ‚
774 1980 903 2024 etiam
925 1983 1119 2026 convicia
1143 1983 1417 2042 jaciebantur
1440 1987 1481 2043 z)

93 2051 307 2112 completa
330 2061 394 2096 est
415 2053 520 2096 hora
537 2059 670 2105 sexta,
686 2059 730 2094 et
747 2049 874 2094 factae
890 2059 992 2094 sunt
1014 2053 1222 2107 tenebrae,
1247 2068 1355 2113 quas
1372 2057 1483 2099 Mat-

93 2124 232 2167 thaeus
249 2158 260 2176 ,
285 2125 457 2167 Marcus
478 2130 520 2165 et
546 2124 684 2164 Lucas
707 2128 1067 2164 commemorant.

152 2195 331 2236 XLVII.
353 2194 449 2235 Jam
473 2191 620 2250 itaque
644 2199 819 2234 corruat
841 2191 972 2249 impia
995 2191 1246 2250 pertinacia,
1272 2200 1315 2236 et
1337 2193 1486 2238 credat

98 2264 329 2308 Dominum
353 2265 376 2306 J
381 2277 501 2306 esum
523 2261 744 2306 Christum
759 2297 773 2316 ,
793 2270 838 2305 et
855 2262 979 2305 tertia
1001 2262 1108 2306 hora
1125 2262 1380 2307 crucifixum
1397 2264 1484 2308 lin-

97 2349 180 2392 gua
210 2333 491 2386 Judaeorum,
518 2341 696 2376 etsexta
720 2332 922 2376 manibus
949 2331 1138 2375 militum
1164 2351 1172 2376 :
1200 2334 1301 2392 quia
1334 2334 1379 2377 in
1411 2344 1485 2378 tu-

98 2402 242 2446 multu
270 2401 524 2446 Judaeorum
548 2410 589 2444 ct
623 2401 749 2444 Pilati
780 2401 957 2444 aestibus
974 2436 985 2455 ,
1022 2399 1121 2444 duae
1150 2410 1281 2461 atque
1303 2403 1487 2462 amplius

99 2474 218 2517 horae
249 2472 553 2531 praeterierunt
591 2486 614 2514 a
645 2486 749 2515 voce
779 2486 864 2530 qua
897 2470 1127 2515 dixerunt:
1158 2473 1435 2532 «Crucifige.
1465 2493 1485 2516 »

104 2541 186 2587 Sed
208 2542 299 2600 ipse
320 2544 506 2594 Marcus⁷
533 2540 608 2600 qui
628 2541 813 2584 maxime
838 2540 1056 2584 brevitatis
1078 2549 1264 2586 sectator
1286 2551 1365 2598 est,
1388 2544 1488 2588 bre-

152 2634 159 2649 ¹
187 2629 362 2666 Joan.x1x‚
382 2626 469 2666 [prb.
