1819 3301
367 266 452 306 346
801 279 833 305 s.
871 276 1103 304 Ancus’ruu
1134 276 1313 302 Erlscom

369 362 390 386 »
425 343 535 389 offer
557 359 636 402 pro
654 352 697 387 te
718 341 998 394 sacrificium,
1024 339 1144 400 quod
1167 339 1374 399 praecepit
1391 342 1583 396 Moyses,
1609 340 1654 383 in
1674 349 1757 385 tes-

370 433 390 457 »
426 415 656 459 timonium
693 413 867 457 illis1.»
907 411 1072 456 Deinde
1108 410 1249 473 qualis
1285 410 1515 455 mundatio
1556 410 1756 470 spiritalis

366 486 501 546 possit
534 484 717 542 intelligi
746 498 921 537 corum,
958 498 1067 542 quos
1089 483 1277 540 ingratos
1305 482 1491 526 extitisse
1519 481 1757 540 redarguits

369 556 617 601 Secundum
641 570 797 613 corpus
820 554 934 597 enim
960 552 1084 597 facile
1115 562 1179 596 est
1208 552 1355 597 videre
1379 568 1501 612 posse
1534 553 1756 598 hominem

367 643 454 671 non
479 627 637 669 habere
660 625 840 683 lepram,
867 633 909 668 et
932 633 1076 667 tamen
1099 624 1230 667 animi
1251 639 1340 667 essc
1357 639 1445 667 non
1462 624 1588 681 boni3
1608 639 1759 668 secun·
1818 645 1819 670 i

367 700 469 742 dum
486 697 844 755 significationem
863 704 1006 739 autem
1026 696 1155 755 hujus
1168 694 1389 749 miraculi,
1410 695 1644 739 conturbat
1658 711 1759 740 con*

366 768 655 822 siderantem,
682 765 906 828 quomodo
928 765 1117 811 mundus
1138 765 1222 810 dici
1245 767 1376 825 possit
1398 766 1608 824 ingratus.

427 830 482 883 11'.
505 838 798 892 Quaerendum
832 837 966 896 igitur
988 847 1075 892 est,
1112 837 1219 898 quid
1251 838 1340 896 ipsa
1362 836 1497 897 {lepra
1528 837 1755 896 significet.

366 913 463 957 Non
487 911 604 954 enim
639 910 775 954 sanati
797 945 806 964 ‚
839 909 915 953 sed
937 908 1138 953 mundati
1162 908 1369 952 dicuntur
1386 943 1397 963 ‚
1438 908 1514 968 qui
1532 923 1580 952 ea
1609 923 1760 952 carue-

368 990 485 1024 runt.
512 980 680 1025 Coloris
706 980 867 1039 quippe
901 979 1051 1023 vitium
1087 988 1171 1034 est,
1198 995 1287 1023 non
1310 978 1571 1022 valetudinis
1593 987 1668 1022 aut
1689 979 1759 1021 in-

368 1050 579 1110 tegritatis
612 1065 815 1094 sensuum
849 1059 979 1110 atque
1000 1051 1314 1093 membrorum.
1342 1049 1519 1108 Leprosi
1541 1063 1642 1106 ergo
1670 1064 1760 1092 non

369 1123 556 1166 absurde
589 1121 770 1179 intelligi
805 1132 1010 1181 possunt,
1045 1122 1121 1181 qui
1151 1121 1373 1165 scientiam
1396 1136 1510 1164 verae
1541 1119 1644 1164 fidei
1671 1135 1758 1163 non

368 1194 602 1247 habentes,
628 1193 765 1237 varias
787 1193 1009 1237 doctrinas
1037 1194 1299 1252 profitentur
1323 1192 1492 1236 erroris.
1517 1193 1615 1236 Non
1643 1190 1760 1234 enim

369 1264 438 1309 vel
458 1263 732 1308 abscondunt
749 1263 1010 1322 imperitiam
1029 1279 1151 1307 suam
1176 1263 1289 1317 ‚sed
1315 1278 1393 1322 pro
1418 1277 1584 1306 summa
1608 1261 1760 1320 peritia

369 1334 599 1394 proferunt
621 1335 664 1378 in
687 1333 828 1378 lucem
848 1370 858 1389 ‚
877 1345 915 1379 et
930 1334 1138 1395 jactantia
1156 1334 1365 1378 sermonis
1379 1342 1613 1377 ostentant.
1632 1331 1760 1376 Nulla

369 1422 499 1466 porro
535 1404 639 1449 falsa
662 1406 859 1449 doctrina
883 1416 946 1449 est
966 1441 976 1461 a
1003 1421 1103 1465 quae
1126 1421 1214 1449 non
1248 1404 1394 1465 aliqua
1415 1419 1514 1448 vera
1543 1404 1761 1448 intermis-

369 1485 479 1521 ceat.
505 1479 615 1520 Vera
645 1491 748 1535 ergo
771 1474 885 1519 falsis
917 1475 1162 1520 inordinate
1179 1475 1404 1535 permixta,
1428 1476 1473 1518 in
1495 1490 1582 1518 una
1611 1474 1761 1534 dispu-

370 1546 533 1590 tatione
545 1545 640 1590 veal
656 1546 902 1589 narratione
917 1546 1118 1599 hominis,
1139 1555 1345 1605 tanquam
1361 1545 1405 1587 in
1427 1545 1555 1587 unius
1570 1545 1760 1603 corporis

371 1616 516 1661 colore
538 1616 788 1675 apparentia
809 1651 819 1669 ‚
846 1616 1089 1673 significant
1111 1616 1293 1675 lepram,
1318 1625 1525 1675 tanquam
1541 1614 1652 1658 veris
1675 1613 1753 1657 fal-

371 1689 514 1747 sisque
546 1687 741 1732 colorum
766 1686 874 1730 fucis
912 1688 1103 1730 humana
1135 1702 1316 1747 corpora
1355 1687 1592 1730 variantem
1629 1694 1760 1746 atque

371 1759 678 1803 maculantem.
708 1759 761 1802 Hi
786 1768 929 1802 autem
961 1767 1047 1802 tam
1071 1757 1239 1802 vitandi
1269 1766 1370 1801 sunt
1397 1756 1603 1801 Ecclesiae
1620 1792 1630 1811 ‚
1657 1766 1707 1800 ut
1728 1757 1761 1801 si

370 1830 463 1874 fieri
482 1839 637 1889 potest,
658 1830 827 1888 longius
843 1830 997 1873 remoti
1019 1844 1174 1887 magno
1190 1829 1377 1873 clamore
1392 1829 1612 1873 Christum
1630 1828 1758 1871 inter-

371 1900 536 1960 pellent
553 1920 561 1944 :
577 1901 688 1944 sicut
711 1901 777 1943 isti
798 1900 947 1944 decem
965 1920 984 1942 «
1009 1903 1231 1944 Steterunt
1250 1900 1433 1958 alonge,
1452 1908 1491 1942 et
1507 1899 1761 1942 levaverunt

376 1990 396 2012 »
432 1987 581 2016 vocem
604 2007 614 2026 ‚
636 1972 826 2014 dicentes
854 1990 862 2015 :
889 1974 991 2015 Jesu
1029 1980 1301 2030 praeceptor,
1328 1971 1528 2013 miserere
1555 1970 1704 2013 nostri,
1737 1987 1757 2010 n

373 2045 482 2088 Nam
511 2052 553 2085 et
582 2043 701 2102 quod
726 2050 1035 2100 praeceptorem
1062 2051 1220 2085 vocant
1240 2076 1250 2095 ,
1286 2056 1374 2100 quo
1409 2041 1584 2084 nomine
1615 2040 1760 2084 nescio

375 2122 521 2157 utrum
552 2113 780 2172 quisquam
807 2112 1035 2155 Dominum
1071 2110 1409 2170 interpellaverit
1437 2126 1516 2170 pro
1545 2109 1764 2163 medicina

374 2183 587 2243 corporali
609 2218 619 2237 ,
645 2183 744 2225 satis
767 2191 874 2241 puto
889 2180 1147 2239 {significare
1170 2181 1333 2240 lepram
1359 2179 1509 2225 falsam
1544 2196 1634 2225 esse
1651 2180 1760 2225 doc-

373 2255 529 2298 trinam
553 2290 563 2308 ,
589 2269 720 2313 quam
744 2253 883 2295 bonus
905 2260 1145 2310 praeceptor
1161 2251 1384 2309 abstergit.

436 2328 517 2368 ΙΙΙ.
555 2323 849 2369 Sacerdotium
872 2338 975 2367 vero
998 2325 1021 2368 J
1029 2321 1252 2365 udaeorum
1288 2336 1417 2365 nemo
1453 2319 1542 2364 fere
1564 2319 1760 2364 fidelium

375 2395 547 2438 dubitat
569 2395 749 2452 figuram
774 2394 901 2437 fuisse
924 2392 1061 2436 futuri
1083 2392 1309 2436 sacerdotii
1334 2391 1486 2450 regalis
1507 2426 1517 2446 ,
1550 2390 1670 2451 quod
1698 2399 1761 2435 est

375 2466 419 2508 in
448 2465 638 2509 Ecclesia
654 2501 664 2519 ‚
689 2481 777 2524 quo
799 2472 1106 2508 consecrantur
1128 2478 1276 2507 omnes
1301 2462 1565 2521 pertinentes
1587 2462 1642 2504 ad
1661 2477 1760 2506 cor-

376 2551 455 2596 pus
492 2535 865 2594 Christi‚fjsummi
893 2544 936 2579 et
967 2534 1055 2579 veri
1091 2533 1298 2594 principis
1333 2531 1622 2578 sacerdotum.
1648 2535 1757 2578 Nam

426 2629 434 2645 ¹
457 2625 534 2655 Luc.
555 2634 587 2661 v,
612 2621 663 2664 14,
686 2628 717 2656 et
735 2622 839 2655 Levit.
863 2633 929 2664 xiv,
952 2621 982 2663 4.
