1819 3301
337 245 420 284 250
766 260 799 286 a.
836 256 1069 286 Auens'rnu
1102 258 1281 285 zmscom

338 443 1327 461 mmmmmvmmmmmmvmwmmmmwnmm
1331 445 1680 462 mmmmm
1686 445 1722 462 W

829 587 1044 637 (JAPL'T
1082 590 1246 636 xvii.

396 744 508 786 LVI.
535 744 849 796 Quaeiumrmus
880 743 994 786 enim
1018 743 1207 802 primum
1242 759 1426 802 regnum
1453 752 1496 787 et
1511 744 1721 804 justitiam

337 813 439 868 Dei,
465 813 510 857 id
533 822 617 868 est,
642 814 725 858 hoc
747 815 1104 873 praeponentibus
1123 814 1287 858 caeteris
1311 815 1455 870 rebus,
1473 824 1523 858 ut
1543 825 1723 874 propter
1763 865 1766 867 ,

334 882 419 926 hoc
440 892 594 927 caetera
617 899 886 944 quaeramus,
921 899 1010 927 non
1031 883 1162 927 debet
1191 884 1364 928 subesse
1399 883 1646 929 sollicitudo
1667 900 1723 930 ne

335 952 408 996 illa
427 952 596 1008 desint,
622 970 720 1014 quae
757 954 859 997 huic
880 954 980 997 vitae
1002 963 1179 1013 propter
1216 969 1398 1012 regnum
1422 954 1500 998 Dei
1521 963 1623 998 sunt
1642 970 1722 999 ne-

336 1024 528 1068 cessaria.
564 1026 677 1068 Dixit
706 1026 822 1069 enim
845 1026 1041 1084 superius
1067 1045 1075 1069 ε
1106 1045 1125 1067 «
1153 1025 1241 1070 Scit
1264 1029 1389 1070 Pater
1424 1035 1565 1069 vester
1604 1024 1724 1085 quod

340 1114 359 1136 »
396 1097 552 1139 horum
586 1096 782 1140 omnium
818 1096 1068 1155 indigetis¹.
1109 1115 1128 1138 »
1163 1099 1220 1140 Et
1252 1096 1350 1140 ideo
1382 1111 1482 1140 cum
1516 1097 1722 1141 dixisset:

340 1185 360 1207 «
395 1167 586 1219 Quaerite
609 1167 799 1225 primum
830 1182 1011 1224 regnum
1035 1167 1111 1211 Dei
1133 1177 1175 1211 et
1198 1167 1412 1227 justitiam
1438 1168 1529 1226 ejus
1549 1202 1560 1221 ,
1589 1185 1608 1208 »
1634 1182 1724 1211 non

337 1236 475 1291 dixit,
520 1237 684 1281 Deinde
721 1238 799 1281 ista
843 1238 1058 1297 quaerite3
1097 1239 1295 1297 quamvis
1334 1238 1421 1281 sint
1450 1237 1720 1280 necessaria:

335 1306 410 1350 sed
435 1308 492 1351 ait
519 1327 526 1351 :
556 1328 575 1349 «
608 1310 710 1352 Haec
739 1309 883 1352 omnia
912 1318 1189 1367 apponentur
1218 1308 1339 1352 vobis
1357 1343 1368 1361 ‚
1397 1326 1416 1348 n
1442 1306 1487 1350 id
1509 1316 1588 1360 est,
1615 1322 1724 1351 con-

340 1394 360 1417 »
395 1387 661 1437 sequentur,
698 1378 732 1421 si
764 1378 850 1421 illia
891 1378 1094 1438 quaeratis
1114 1413 1125 1432 ,
1153 1379 1244 1422 sine
1279 1377 1372 1421 ullo
1405 1386 1547 1423 vestro
1587 1377 1725 1436 impe-

337 1447 531 1491 dimento
569 1467 576 1492 :
605 1463 659 1491 ne
693 1463 793 1492 cum
830 1448 906 1491 ista
940 1447 1132 1506 quaeritis
1166 1446 1284 1491 illinc
1323 1447 1605 1503 avertamini3
1650 1455 1728 1490 aut

337 1533 392 1561 ne
427 1517 535 1562 duos
558 1519 664 1563 fines
686 1518 956 1562 constituatis
976 1553 987 1572 ‚
1021 1527 1071 1561 ut
1093 1528 1136 1562 et
1164 1533 1348 1576 regnum
1382 1517 1459 1561 Dei
1483 1526 1658 1576 propter
1680 1532 1724 1560 se

337 1589 548 1647 appetatis
569 1623 579 1642 ,
619 1599 662 1632 et
698 1590 776 1633 ista
811 1589 1077 1646 necessaria3
1118 1588 1194 1632 sed
1230 1590 1323 1632 haec
1361 1588 1504 1647 potius
1548 1597 1726 1646 propter

336 1658 446 1702 illud
474 1678 481 1702 :
517 1660 574 1702 ita
597 1659 718 1702 vobis
742 1675 831 1702 non
853 1658 1053 1703 deerunt.
1090 1658 1200 1711 Quia
1230 1657 1404 1702 duobus
1431 1657 1616 1702 dominis
1637 1672 1726 1701 ser-
1755 1670 1758 1671 ’

335 1729 425 1772 vire
458 1744 548 1772 non
588 1729 780 1787 potestis.
819 1729 1000 1772 Duobus
1041 1738 1187 1772 autem
1224 1727 1411 1772 dominis
1453 1727 1610 1771 servire
1650 1742 1726 1771 co-

337 1808 489 1852 natur,
517 1799 593 1858 qui
627 1809 669 1842 et
704 1814 888 1857 regnum
910 1800 986 1842 Dei
1022 1815 1102 1857 pro
1131 1814 1290 1856 magno
1330 1798 1447 1842 bono
1474 1798 1663 1857 appetit,
1683 1806 1726 1841 et

337 1869 431 1912 haec
470 1867 737 1926 temporalia.
776 1870 873 1912 Non
911 1868 1070 1926 poterit
1104 1877 1249 1911 autem
1290 1867 1528 1926 simplicem
1565 1867 1725 1912 habere

338 1938 534 1992 oculum,
551 1947 594 1981 et
615 1938 692 1981 uni
718 1938 900 1981 Domino
925 1938 997 1980 Dei
1016 1938 1189 1991 servire,
1211 1937 1289 1980 nisi
1312 1952 1602 1996 quaecumque
1623 1946 1727 1981 sunt

338 2018 514 2062 caetera,
541 2009 573 2052 si
591 2018 693 2052 sunt
715 2008 950 2051 necessaria
969 2043 979 2060 ‚
1002 2018 1178 2066 propter
1199 2009 1282 2051 hoc
1301 2022 1437 2050 unum
1456 2017 1661 2056 assumat,
1681 2006 1725 2050 id

338 2088 426 2132 est,
459 2088 636 2138 propter
670 2093 851 2136 regnum
886 2078 977 2121 Dei.
1006 2079 1125 2121 Sicut
1149 2086 1290 2121 autem
1314 2092 1463 2120 omnes
1492 2076 1726 2120 militantes

339 2149 557 2208 accipiunt
588 2164 807 2193 annonam
827 2157 870 2192 et
896 2148 1160 2207 stipendium
1179 2183 1189 2202 ,
1226 2148 1286 2191 sic
1323 2162 1471 2191 omnes
1505 2145 1725 2204 evangeli-

340 2228 484 2263 zantes
508 2219 725 2278 accipiunt
742 2219 904 2263 victum
929 2227 971 2261 et
1005 2226 1321 2275 tegumentum.
1356 2217 1439 2261 Sed
1466 2231 1555 2260 non
1575 2231 1725 2260 omnes

338 2299 516 2348 propter
537 2290 718 2333 salutem
743 2287 994 2348 reipublicae
1013 2287 1215 2341 militant,
1232 2286 1307 2330 sed
1331 2295 1508 2345 propter
1531 2285 1604 2330 illa
1625 2301 1724 2345 quae

339 2359 589 2418 accipiunt3
621 2360 680 2403 sie
715 2369 758 2403 et
792 2375 880 2402 non
903 2373 1052 2401 ornnes
1087 2366 1264 2415 propter
1301 2356 1484 2399 salutem
1519 2356 1724 2400 Ecclesiae

341 2429 588 2473 ministrant
627 2432 711 2473 Deo
729 2464 739 2483 ‚
775 2429 849 2472 sed
872 2438 1048 2488 propter
1070 2428 1163 2471 haec
1189 2427 1464 2485 temporalia,
1503 2442 1602 2486 quae
1625 2435 1723 2469 tan-

341 2514 471 2557 quam
495 2514 711 2543 annonam
735 2508 774 2543 et
795 2499 1006 2558 stipendia
1023 2508 1346 2557 consequantur
1365 2516 1374 2542 ;
1396 2506 1472 2542 aut
1493 2506 1536 2541 et
1548 2505 1724 2556 propter

391 2589 398 2603 ¹
422 2584 541 2614 Matth.
568 2595 612 2623 vi,
638 2584 691 2615 32.

1808 1005 1819 1065 i

1813 1238 1819 1279 5-*-
1810 1085 1819 1225 .—.-ae1—.—-:
1818 1070 1819 1074 „
