1819 3301
332 240 413 280 178
765 251 798 279 s.
835 251 1066 282 Auousnm
1099 253 1282 281 nmscom

326 438 353 460 U!
361 437 1146 458 mmmmmmmmwumwu
1155 429 1719 459 mmmmmmwnm-afl

812 583 1030 634 CAPUT
1070 585 1230 633 XVII.

384 741 458 783 LI.
497 757 517 781 «
551 741 744 794 Imaum,
780 739 948 799 inquit,
986 739 1165 783 audistis
1197 739 1299 799 quia
1327 737 1494 783 dictum
1523 747 1588 783 est
1610 738 1720 785 anti-

330 828 349 851 »
384 809 507 869 quis:
533 811 631 855 Non
664 809 901 870 pejerabis,
928 809 1082 853 reddes
1106 818 1252 853 autem
1282 808 1470 854 Domino
1495 810 1716 869 jusjuran-

331 899 351 922 »
388 879 495 925 dum
514 890 655 926 tuum.
682 884 774 938 Ego
797 889 943 924 autem
965 880 1063 924 dico
1085 880 1223 935 vobis,
1240 895 1330 923 non
1346 880 1494 940 jurare
1516 880 1712 936 omnino,

330 969 349 992 »
385 966 528 1011 neque
560 966 637 1010 per
669 950 858 1006 coelum,
898 951 1001 1010 quia
1034 950 1219 995 thronus
1254 951 1330 994 Dei
1362 959 1454 1007 θεῖς
1480 966 1623 1010 neque
1645 966 1723 1011 per

330 1040 350 1062 »
386 1031 545 1065 terram
562 1056 573 1077 ,
601 1021 703 1082 quia
725 1021 964 1066 scabellum
987 1030 1051 1066 est
1065 1021 1230 1081 pedum
1251 1022 1342 1082 ejus
1360 1042 1371 1079 3
1391 1037 1535 1082 neque
1552 1037 1628 1081 per
1645 1024 1722 1066 Je—

330 1112 350 1135 »
386 1092 675 1151 rosolymam‚
701 1093 806 1153 quia
840 1093 989 1139 civitas
1021 1102 1084 1137 est
1116 1092 1263 1152 magni
1287 1092 1429 1152 regis3
1468 1108 1612 1153 neque
1645 1108 1723 1155 per

329 1182 349 1206 »
385 1173 517 1224 caput
537 1173 663 1207 tuum
682 1164 897 1223 juraveris
915 1199 925 1219 ,
956 1164 1060 1225 quia
1092 1180 1182 1209 non
1213 1173 1334 1223 potes
1356 1162 1496 1208 facere
1514 1163 1722 1223 capillum

329 1253 349 1275 »
385 1249 524 1278 unum
545 1233 696 1277 album
719 1242 794 1277 aut
815 1234 1005 1292 nigrum.
1036 1234 1100 1279 Sit
1121 1243 1270 1278 autem
1289 1250 1430 1279 sermo
1451 1243 1608 1289 vester,
1625 1236 1720 1291 Est,

329 1322 348 1345 »
386 1313 448 1347 est
467 1325 479 1358 3
503 1306 616 1357 Non,
640 1319 751 1347 non:
771 1304 892 1363 quod
913 1313 1059 1348 autem
1079 1303 1265 1363 amplius
1287 1313 1366 1359 est,
1393 1320 1416 1348 a
1439 1304 1554 1348 malo
1576 1313 1640 1348 est
1658 1306 1717 1347 ¹.»

327 1375 351 1416 J
358 1373 499 1417 ustitia
532 1373 846 1416 Pharisaeorum
875 1382 938 1417 est
966 1389 1055 1418 non
1080 1375 1271 1434 pejerare
1299 1393 1307 1418 ε
1346 1374 1459 1418 hanc
1493 1373 1724 1419 confirmat

327 1443 402 1503 qui
435 1451 553 1486 vetat
570 1444 738 1502 jurare,
772 1442 894 1502 quod
919 1443 1107 1502 pertinet
1129 1443 1185 1487 ad
1208 1443 1422 1503 justitiam
1446 1444 1565 1502 regni
1587 1443 1724 1488 coelo-

329 1529 441 1556 rum.
466 1513 587 1558 Sicut
612 1513 728 1556 enim
764 1512 924 1557 falsum
948 1512 1069 1574 loqui
1091 1530 1180 1558 non
1203 1522 1344 1573 potest
1366 1515 1442 1573 qui
1464 1530 1553 1558 nou
1574 1513 1724 1574 loqui-

331 1593 423 1638 tur,
461 1583 519 1627 sie
548 1583 740 1642 pejerare
776 1599 865 1627 non
901 1593 1045 1643 potest
1073 1584 1149 1644 qui
1184 1599 1276 1628 non
1293 1585 1426 1643 jurat.
1460 1583 1544 1629 Sed
1576 1593 1724 1629 tamen

330 1654 539 1713 quoniam
556 1654 675 1712 jurat
695 1653 770 1712 qui
790 1652 970 1697 adhibet
988 1663 1140 1697 testem
1164 1656 1302 1697 Deum
1321 1688 1332 1708 ,
1363 1652 1594 1712 diligenter
1615 1670 1724 1698 con-

332 1722 609 1768 siderandum
631 1731 694 1766 est
716 1723 799 1766 hoe
822 1722 1080 1781 capitulum,
1099 1739 1153 1766 ne
1171 1733 1321 1768 contra
1344 1733 1613 1784 praeceptum
1636 1728 1725 1769 Do-

332 1793 439 1837 mini
456 1792 690 1852 Apostolus
716 1790 865 1836 fecisse
886 1791 1084 1836 videatur
1098 1828 1108 1848 ‚
1129 1793 1206 1853 qui
1221 1809 1334 1852 saepe
1354 1794 1435 1838 hoc
1455 1793 1585 1838 modo
1601 1795 1727 1855 jura-

332 1864 421 1918 vit,
454 1879 555 1907 cum
578 1862 711 1906 dicit:
742 1882 762 1904 «
787 1865 895 1916 Quae
918 1872 1063 1907 autem
1094 1864 1236 1908 scribo
1258 1863 1382 1908 vobis
1399 1899 1410 1919 ‚
1443 1880 1543 1909 ecee
1577 1880 1726 1909 coram

335 1954 355 1976 »
392 1937 482 1978 Deo
500 1969 510 1988 ‚
535 1933 637 1993 quia
660 1949 749 1977 non
772 1933 989 1977 mentior²
1015 1953 1024 1978 ε
1054 1952 1074 1974 »
1102 1943 1145 1977 et
1167 1934 1326 1977 iterum
1352 1954 1360 1980 :
1390 1954 1410 1977 «
1437 1937 1549 1978 Deus
1571 1944 1614 1979 et
1638 1938 1725 1980 Pa-

336 2024 356 2046 »
393 2013 458 2048 ter
485 2004 654 2048 Domini
676 2004 811 2048 nostri
843 2006 945 2047 Jesu
982 2004 1168 2060 Christi,
1209 2005 1285 2064 qui
1307 2013 1370 2049 est
1392 2004 1648 2049 benedictus
1681 2005 1727 2049 in

340 2094 359 2117 »
395 2075 553 2119 saeeula
569 2110 580 2130 ,
601 2075 679 2119 scit
701 2075 801 2134 quia
818 2090 908 2118 non
926 2074 1112 2119 mentior
1125 2076 1156 2120 3.
1189 2095 1205 2115 »
1238 2074 1338 2119 Tale
1356 2084 1419 2119 est
1438 2075 1567 2119 etiam
1590 2074 1722 2120 illud:
1784 2072 1787 2073 ⁷

342 2165 362 2188 «
398 2145 532 2189 Testis
561 2146 676 2188 enim
706 2145 811 2188 mihi
835 2154 899 2189 est
918 2148 1051 2200 Deus,
1078 2144 1149 2189 cui
1170 2145 1307 2189 servio
1326 2145 1370 2189 in
1387 2145 1539 2205 spiritu
1561 2160 1658 2190 meo
1679 2145 1725 2188 in

340 2235 358 2258 »
397 2215 630 2274 Evangelio
666 2215 764 2260 Filii
793 2218 906 2276 ejus,
929 2216 1152 2277 quomodo
1175 2218 1265 2261 sine
1288 2216 1604 2262 intermissione
1637 2232 1724 2261 me-

341 2304 361 2327 »
397 2287 578 2330 moriam
601 2287 730 2330 vestri
747 2285 862 2331 facio
880 2301 1046 2346 semper
1068 2287 1114 2330 in
1131 2287 1399 2331 orationibus
1416 2288 1521 2332 meis
1540 2289 1572 2332 ⁴.
1599 2306 1618 2330 »
1640 2287 1729 2334 Nisi

335 2356 450 2412 forte·
470 2356 566 2418 quis
591 2356 707 2402 dicat
728 2367 834 2402 tunc
857 2356 1102 2402 habendam
1124 2372 1214 2402 esse
1226 2358 1509 2418 jurationem,
1525 2374 1626 2404 cum
1648 2373 1726 2419 per

337 2426 504 2487 aliquid
526 2426 686 2472 dieitur
709 2442 784 2487 per
805 2428 926 2487 quod
941 2429 1116 2488 juratur
1136 2447 1145 2474 :
1171 2437 1220 2472 ut
1241 2444 1332 2472 non
1350 2429 1565 2488 juraverit
1580 2464 1591 2485 ,
1623 2430 1726 2490 quia

340 2511 428 2540 non
451 2496 558 2541 dixit
578 2531 589 2552 ,
610 2512 687 2556 per
712 2500 850 2541 Deum
869 2518 879 2554 3
901 2496 978 2542 sed
992 2497 1100 2542 dixit
1125 2516 1133 2542 2
1163 2516 1184 2540 «
1211 2499 1344 2542 Testis
1366 2507 1429 2542 est
1450 2502 1579 2543 Deus.
1608 2516 1628 2541 »
1654 2499 1728 2544 Ri-

391 2586 399 2601 ¹
421 2580 533 2611 Matth.
557 2591 590 2621 v,
607 2580 723 2622 33-37.
745 2597 787 2603 —
810 2587 822 2603 ²
841 2580 908 2613 Gal.
930 2592 952 2621 1,
975 2590 1029 2614 20.
1047 2598 1088 2604 —-
1108 2579 1121 2604 3
1141 2590 1160 2615 2
1178 2583 1251 2614 Cor.
1268 2593 1312 2624 xi,
1333 2582 1385 2615 31.
1414 2599 1455 2606 -
1474 2581 1593 2616 4R0m.
1614 2594 1640 2625 1,
1658 2593 1692 2626 9.
