1819 3301
325 245 408 283 270
758 253 791 282 s.
829 253 1060 283 Ancus'nm
1094 256 1275 283 nmscom

327 339 346 362 »
382 319 510 363 multi
533 328 634 364 sunt
654 354 665 374 ‚
688 319 764 379 qui
791 320 1015 364 introeunt
1037 335 1114 378 per
1135 335 1231 363 eam
1259 339 1267 365 :
1290 335 1422 380 quam
1446 329 1628 380 angusta
1650 329 1715 365 est

326 409 346 431 »
382 400 528 450 porta,
554 400 597 434 et
620 399 735 434 arcta
767 391 833 433 via
854 425 865 443 ,
890 405 990 449 quae
1012 389 1134 434 ducit
1168 390 1221 434 ad
1243 391 1400 448 vitam3
1432 391 1559 450 pauci
1587 399 1710 446 sunt,

327 480 346 503 n
381 461 457 522 qui
480 476 574 504 eam
598 460 872 504 inveniunt¹l
902 478 921 500 n
948 475 1038 504 non
1060 460 1159 505 ideo
1181 459 1304 517 dicit,
1325 461 1425 522 quia
1443 463 1602 522 jugum
1625 464 1714 506 Do-

322 532 429 576 mini
455 546 653 591 asperum
688 539 778 585 est,
805 539 881 574 aut
911 530 1078 576 sarcina
1114 532 1282 589 gravis:
1306 531 1380 576 sed
1407 532 1509 592 quia
1545 532 1716 576 labores

322 602 446 646 finire
469 602 598 661 pauci
629 601 786 645 volunt
803 636 813 656 ‚
838 601 982 645 minus
1005 600 1230 646 credentes
1254 601 1459 647 clamanti
1483 622 1491 647 :
1519 622 1540 645 «
1559 603 1716 646 Venite

325 692 344 714 »
382 672 436 716 ad
452 688 520 716 me
543 687 692 716 omnes
710 673 786 732 qui
807 672 1013 717 laboratis
1030 708 1040 727 ‚
1067 682 1109 716 et
1126 688 1204 731 ego
1227 689 1302 717 vos
1327 673 1533 717 reficiam.
1560 673 1716 718 Tollite

326 762 345 784 »
375 745 532 803 jugum
562 759 708 787 meum
732 759 861 802 super
882 759 979 798 vos,
1000 753 1042 787 et
1059 744 1211 788 discite
1230 760 1254 788 a
1277 760 1346 789 me
1369 745 1577 805 quoniam
1599 744 1716 793 mitis

324 832 345 855 »
380 831 474 858 sum
498 824 541 858 et
558 813 734 858 humilis
761 814 892 859 corde
920 835 928 859 ;
946 816 1103 875 jugum
1127 816 1242 859 enim
1267 831 1412 860 meum
1447 816 1545 859 lene
1569 824 1649 870 est,
1674 824 1718 860 et

324 904 344 927 >›
380 886 543 929 sarcina
560 901 652 929 mea
670 884 775 930 levis
791 895 852 930 est
865 890 897 929 ¹².
923 905 941 927 »
961 887 1091 944 (hinc
1114 896 1260 930 autem
1277 887 1357 931 iste
1376 902 1517 931 sermo
1534 886 1718 945 sumpsit

322 956 547 1000 exordium
579 955 634 1000 de
661 956 902 1000 humilibus
934 965 977 1000 et
999 957 1177 1001 mitibus
1211 957 1368 1013 corde,
1392 957 1541 1017 >quod
1559 958 1718 1017 jugum

321 1027 419 1071 lene
443 1037 486 1071 et
521 1028 660 1071 levem
685 1028 897 1072 sarcinam
934 1027 1059 1071 multi
1082 1038 1320 1088 respuunt,
1345 1028 1472 1088 pauci
1501 1028 1715 1083 subeunt,

322 1114 462 1159 eoque
488 1098 538 1142 fit
560 1107 676 1142 arcta
699 1098 767 1142 via
791 1115 889 1159 quae
912 1098 1035 1143 ducit
1049 1101 1106 1143 ad
1127 1099 1284 1155 vitam,
1311 1108 1355 1143 et
1382 1108 1562 1157 angusta
1592 1107 1716 1158 porta

321 1187 408 1231 qua
426 1170 613 1214 intratur
634 1171 680 1214 in
701 1185 812 1213 eam.

327 1338 421 1353 MAEW
422 1338 1147 1353 mmmmmmmmmmmm
1150 1337 1717 1353 «wwmmwummmvuwmmmmu

791 1485 915 1532 CA?
925 1487 957 1533 ἱ»
969 1487 1008 1531 Τ
1051 1488 1086 1532 E
1101 1488 1136 1532 Χ
1150 1487 1255 1532 EN.-

382 1652 624 1694 LXXVIII.
642 1650 722 1694 Hic
741 1665 844 1708 ergo
867 1649 929 1693 illi
957 1650 1034 1709 qui
1052 1650 1313 1709 promittunt
1330 1649 1584 1709 sapientiam
1607 1665 1714 1709 cog-

321 1722 622 1781 nitionemque
663 1722 854 1766 veritatis
887 1737 1019 1781 quam
1059 1738 1147 1765 non
1172 1722 1364 1776 habent‚
1396 1722 1613 1781 praecipue
1642 1737 1715 1766 ca-

319 1793 451 1836 vendi
473 1802 603 1849 sunt3
631 1792 743 1835 sicut
777 1801 879 1836 sunt
901 1792 1095 1835 haeretici
1114 1827 1124 1844 ,
1150 1792 1227 1849 qui
1255 1807 1298 1834 se
1321 1792 1580 1850 plerumque
1608 1807 1714 1851 pau-

260 1860 270 1870 ‘
319 1864 449 1905 citate
466 1861 794 1904 commendant.
823 1862 878 1903 Et
900 1860 999 1903 ideo
1029 1876 1128 1904 cum
1149 1860 1322 1905 dixisset
1337 1877 1500 1920 paucos
1526 1878 1616 1906 esse
1637 1863 1712 1922 qui

319 1931 551 1974 inveniunt
580 1940 808 1988 angustam
845 1940 1088 1988 portam-et
1122 1941 1284 1975 arctam
1322 1933 1458 1987 viam,
1500 1948 1555 1977 ne
1581 1949 1624 1976 se
1651 1933 1713 1977 illi

320 2009 570 2060 supponant
605 1999 783 2043 nomine
808 2000 1062 2058 paucitatis,
1093 2001 1238 2044 statim
1261 2002 1446 2061 subjecit
1472 2022 1480 2047 :
1509 2022 1528 2044 «
1551 2005 1712 2047 Cavete

322 2089 342 2112 »
379 2087 401 2114 a
424 2070 829 2130 pseudoprophetis,
847 2069 924 2128 qui
938 2070 1122 2113 veniunt
1138 2070 1192 2114 ad
1213 2086 1289 2115 vos
1306 2072 1350 2115 in
1367 2073 1526 2116 vestitu
1542 2073 1707 2127 ovium,

321 2159 342 2183 »
377 2141 634 2184 intrinsecus
658 2148 803 2183 autem
827 2148 929 2183 sunt
951 2137 1043 2199 lupi
1062 2155 1250 2199 rapaces.
1281 2159 1300 2181 »
1330 2142 1412 2186 Sed
1431 2142 1499 2186 isti
1519 2157 1609 2185 non
1630 2141 1710 2184 fal-

317 2210 417 2254 lunt
434 2210 611 2255 oculum
634 2209 900 2269 simplicem,
926 2209 1003 2269 qui
1025 2210 1221 2253 arborem
1240 2210 1493 2268 dignoscere
1515 2226 1566 2254 ex
1586 2209 1708 2256 ffuc-

319 2282 435 2326 tibus
465 2282 601 2326 novit.
628 2281 701 2325 Ait
730 2280 844 2323 enim
870 2298 879 2324 :
905 2299 925 2321 α
950 2283 987 2324 Α
1010 2278 1225 2323 fructibus
1265 2295 1416 2324 eorum
1439 2281 1708 2340 cognoscetis

322 2370 341 2393 »
377 2367 464 2396 eos.
494 2370 513 2392 »
534 2351 699 2395 Deinde
728 2348 1033 2393 similitudines
1051 2348 1272 2409 adjungit:
1298 2350 1561 2411 «Numquid
1583 2350 1707 2395 colli-

321 2440 341 2463 »
378 2432 486 2480 gunt
508 2420 562 2464 de
597 2420 727 2480 spinis
746 2435 876 2478 uvas,
914 2429 988 2463 aut
1013 2420 1067 2462 de
1100 2419 1272 2464 tribulis
1310 2421 1416 2464 ficus
1437 2423 1454 2465 Ρ
1477 2421 1544 2466 Sic
1566 2421 1705 2466 omnis

321 2510 341 2533 >›
378 2492 506 2536 arbor
535 2493 650 2536 bona
669 2526 679 2545 ‚
705 2489 872 2534 fructus
902 2490 1038 2534 bonos
1061 2489 1164 2534 facit
1186 2511 1197 2548 3
1224 2490 1332 2536 mala
1365 2501 1510 2536 autem
1545 2491 1701 2548 arbor,

367 2591 479 2622 ιΜῖιιῒΙι
514 2603 574 2631 vn,
600 2589 709 2632 ι3,ι4.
745 2607 785 2612 -
816 2596 827 2612 ²
849 2589 896 2621 Id.
917 2600 960 2629 xi,
980 2588 1098 2621 28-30.
