1819 3301
370 265 414 291 ΙΝ
446 261 619 293 JOANMS
652 265 961 306 EVANGELIUM‚
996 267 1141 295 TRACT.
1180 272 1237 297 vr.
1392 260 1470 300 481

106 344 127 368 »
162 325 287 370 deam
314 344 323 372 z
351 344 371 368 »
395 336 439 371 et
459 328 611 388 utique
638 345 717 389 pro
738 332 914 376 nomine
936 332 1096 377 Christi
1121 351 1130 377 :
1165 333 1238 377 sed
1260 336 1359 394 quia
1381 347 1482 381 sunt

101 397 231 443 multi
261 397 337 458 qui
362 399 576 458 jactanter
607 400 718 445 illud
750 400 943 459 faciunt,
979 419 1068 448 non
1108 419 1208 448 cum
1240 405 1447 451 charitate
1467 442 1479 464 ‚

100 468 200 514 ideo
216 502 227 524 ,
258 487 278 511 «
299 468 342 514 Si
361 469 580 515 tradidero
598 486 753 531 corpus
775 489 920 518 meum
944 484 993 519 ut
1013 475 1201 531 ardeam,
1226 476 1479 521 charitatem

102 556 125 581 »
159 531 306 584 autem
339 555 429 584 non
450 539 663 598 habeam,
698 542 809 587 nihil
837 543 944 587 mihi
973 544 1191 603 prodest1.
1219 564 1239 586 »
1265 547 1486 591 Charitate

100 607 300 654 fecerunt
320 612 531 668 Martyres
553 610 639 667 illi,
663 613 740 672 qui
760 613 806 656 in
823 622 1017 673 tempore
1037 617 1344 675 persecutionis
1365 618 1478 676 passi

100 689 227 737 sunt3
252 680 461 725 charitate
487 679 713 741 fecerunt3
739 682 809 727 isti
831 693 978 728 autem
1000 684 1053 729 de
1076 694 1247 731 tumore
1268 697 1312 732 et
1333 687 1388 732 de
1409 704 1485 733 su-

100 751 251 811 perbia
271 751 438 796 iaciunt
463 770 472 797 :
498 767 598 796 nam
613 767 714 797 cum
735 764 985 813 persecutor
1007 755 1117 801 desit
1135 792 1146 812 ‚
1172 773 1215 802 se
1235 758 1347 818 ipsos
1370 774 1484 818 prae-

101 821 298 881 cipitant.
325 823 435 866 Veni
454 837 558 882 ergo
572 857 583 879 ,
609 833 659 868 ut
679 824 838 869 habeas
859 826 1126 871 charitatem.
1151 828 1234 872 Sed
1255 845 1333 873 nos
1355 830 1491 874 habe-

100 907 198 936 mus
219 902 447 951 martyres.
476 896 594 947 Quos
615 898 856 953 martyres?
877 898 974 942 Non
991 907 1092 942 sunt
1123 898 1336 944 columbae
1353 934 1364 955 ,
1394 900 1493 946 ideo

101 964 248 1009 volare
267 965 413 1009 conati
435 974 560 1021 sunt,
586 974 630 1010 et
651 966 707 1011 de
728 976 851 1027 petra
866 967 1132 1013 ceciderunt.

162 1036 327 1079 XXIV.
353 1036 510 1081 Omnia
533 1051 633 1095 ergo
649 1071 660 1093 ‚
680 1035 834 1083 fratres
857 1039 956 1094 mei,
977 1039 1154 1095 videtis,
1179 1040 1282 1100 quia
1303 1040 1492 1087 clamant

101 1104 306 1151 adversus
334 1106 431 1152 illos
449 1143 460 1163 ‚
489 1123 640 1152 omnes
662 1110 830 1168 paginae
851 1108 1034 1166 divinae,
1062 1112 1201 1155 omnis
1233 1114 1459 1171 prophetia
1477 1149 1488 1169 ,

99 1185 242 1222 totum
265 1178 553 1238 Evangelium
574 1215 584 1235 ‚
611 1194 761 1224 omnes
780 1179 1040 1239 Apostolicae
1060 1181 1240 1236 litterae,
1262 1184 1400 1227 omnis
1417 1200 1486 1242 ge-

101 1248 234 1292 mitus
259 1249 498 1307 columbae3
523 1258 567 1294 et
587 1249 786 1294 nondum
810 1249 1030 1308 evigilant,
1055 1251 1253 1296 nondum
1275 1254 1492 1312 expergis-

101 1327 282 1363 cuntur.
317 1319 400 1364 Sed
434 1320 469 1364 si
501 1319 707 1365 columba
739 1335 915 1377 sumus3
948 1335 1168 1378 gemamus
1188 1356 1199 1375 ,
1226 1321 1457 1368 toleremus
1476 1360 1487 1379 ‚

100 1404 321 1449 speremus
365 1409 374 1434 :
407 1389 546 1434 aderit
582 1390 876 1435 misericordia
914 1391 1019 1446 Dei,
1051 1400 1101 1435 ut
1139 1392 1344 1437 efferveat
1380 1395 1491 1453 ignis

56 1491 60 1496 ·
99 1460 281 1520 Spiritus
302 1462 440 1506 sancti
466 1462 513 1505 in
535 1461 810 1522 simplicitate
832 1471 971 1507 vestra
987 1498 997 1518 ‚
1035 1472 1078 1507 et
1096 1464 1286 1509 venient.
1308 1468 1404 1511 Non
1426 1476 1491 1512 est

96 1531 416 1591 desperandum
437 1567 448 1587 ‚
471 1542 592 1577 orate
609 1568 620 1588 ‚
645 1533 879 1592 praedicate
899 1568 910 1588 ,
936 1533 1118 1592 diligite,
1139 1551 1313 1594 prorsus
1331 1546 1484 1595 potens

95 1611 159 1646 est
184 1604 410 1647 Dominus.
450 1605 545 1647 Jam
575 1612 804 1662 coeperunt
828 1618 1086 1661 cognoscere
1115 1605 1303 1649 fi’ontem
1327 1622 1449 1651 suam
1473 1626 1482 1653 :

94 1672 223 1717 multi
252 1683 582 1733 cognoverunt3
614 1674 744 1718 multi
765 1673 1034 1717 erubuerunt
1059 1692 1068 1718 :
1095 1673 1232 1718 aderit
1251 1676 1449 1721 Christus
1468 1713 1479 1733 ‚

94 1752 143 1787 ut
165 1753 429 1803 cognoscant
451 1754 494 1789 et
511 1744 671 1789 caeteri.
702 1746 759 1787 Et
780 1752 895 1787 certe
914 1778 925 1798 ‚
951 1742 1102 1788 fratres
1127 1745 1230 1799 mei,
1267 1745 1337 1790 vel
1358 1747 1480 1805 palea

93 1814 183 1858 sola
205 1815 266 1858 ibi
288 1825 526 1870 remaneat,
553 1814 697 1860 omnia
715 1829 847 1872 grana
865 1812 1126 1872 colligantur
1153 1832 1161 1858 :
1187 1814 1403 1876 quidquid
1419 1818 1480 1861 ibi

93 1884 382 1930 fructificavit
396 1921 406 1941 ‚
430 1886 579 1931 redeat
601 1885 656 1930 ad
673 1901 815 1929 arcam
839 1900 917 1944 per
938 1884 1203 1928 columbam.

151 1957 292 1999 XXV.
314 1955 448 2001 Modo
467 1955 715 2001 deficientes
734 1955 920 2014 ubique,
938 1953 1045 2014 quid
1062 1954 1187 1998 nobis
1207 1968 1476 2014 proponunt,

92 2041 183 2070 non
203 2026 472 2071 invenientes
494 2026 601 2086 quid
622 2024 793 2070 dicant?
806 2024 938 2069 Villas
960 2033 1126 2068 nostras
1144 2024 1354 2082 tulerunt,
1373 2026 1479 2073 fun-

93 2094 171 2141 dos
186 2106 353 2141 nostros
366 2097 578 2141 tulerunt.
591 2095 827 2140 Proferunt
838 2103 1095 2139 testamenta
1110 2095 1350 2140 hominum.
1365 2101 1477 2144 Ecce

93 2166 171 2211 ubi
199 2167 330 2211 Gaius
353 2167 473 2211 Seius
508 2166 688 2211 donavit
721 2165 912 2210 fundum
936 2164 1161 2218 Ecclesiae,
1197 2166 1266 2209 cui
1294 2181 1478 2225 praeerat

95 2237 343 2282 Faustinus.
362 2238 498 2296 Cujus
514 2237 740 2295 episcopus
753 2244 843 2279 erat
865 2235 1096 2279 Faustinus
1112 2235 1346 2281 Ecclesiae?
1369 2241 1481 2292 Quid

96 2316 160 2351 est
172 2307 361 2351 Ecclesia
374 2327 385 2364 3
399 2301 619 2361 Ecclesiae,
630 2306 754 2362 dixit,
765 2306 1029 2364 cui'praeerat
1041 2307 1271 2350 Faustinus
1284 2309 1377 2352 :sed
1392 2326 1478 2356 non

96 2377 301 2422 Ecclesiae
323 2385 507 2437 praeerat
524 2378 780 2431 Faustinus,
805 2376 880 2419 sed
901 2376 1013 2434 parti
1043 2385 1239 2434 praeerat.
1266 2378 1482 2427 Columba

98 2457 243 2493 autem
263 2448 454 2492 Ecclesia
472 2456 549 2492 est.
571 2447 688 2501 Quid
701 2447 858 2492 clamas
873 2447 890 2488 ‘?
907 2448 1004 2490 Non
1024 2445 1323 2511 devoravimus
1341 2450 1478 2509 villas,

99 2519 303 2564 columba
319 2519 412 2564 illas
432 2519 593 2564 habeat
618 2538 627 2564 :
652 2526 873 2579 quaeratur
894 2532 993 2577 quae
1014 2517 1069 2561 sit
1085 2517 1305 2575 columba,
1329 2530 1372 2565 et
1392 2523 1483 2582 ipsa

150 2611 160 2629 ¹
186 2617 197 2637 1
221 2608 293 2639 Cor.
308 2617 380 2644 xm,
401 2613 436 2647 2,
451 2604 483 2638 3.

271 2670 393 2699 cxxl.
1254 2659 1299 2697 31
