1819 3301
369 236 654 270 QUAEsTtoszM
687 233 1049 273 EVANGELIORUM,
1085 238 1167 263 Lm.
1204 239 1250 262 11.
1420 229 1503 266 339

125 316 144 339 »
180 298 258 342 tias
289 298 368 342 tibi
395 315 501 358 ago,
543 300 645 360 quia
680 316 768 344 non
797 315 892 344 sum
919 300 1031 345 sicut
1060 301 1325 345 Publicanus
1356 304 1448 347 iste.
1483 325 1500 345 »

122 370 290 426 Pauper
304 378 448 413 autem
469 370 543 429 qui
562 385 605 413 se
623 368 817 429 adjuvari
832 369 1072 426 desiderat,
1099 369 1204 415 dicit
1223 390 1231 415 ;
1255 373 1508 431 «Propitius

124 455 143 478 »
171 447 261 482 esto
278 439 384 482 mihi
401 438 659 498 peccatori¹.
676 458 695 480 »
723 439 948 484 Desiderat
962 449 1108 484 tamen
1121 441 1302 485 saturari
1315 442 1369 485 de
1387 443 1508 487 micis

121 523 220 568 quae
241 507 404 552 cadunt
422 509 476 552 de
499 524 644 552 mensa
667 508 811 554 divitis
828 511 975 570 jacens
997 510 1050 554 ad
1061 512 1255 571 januam.
1280 514 1377 557 Non
1392 513 1508 557 enim

122 576 430 622 admittebatur
452 578 506 622 ad
529 579 677 638 epulas
700 580 791 639 ejus
806 615 817 635 ,
843 581 919 640 qui
941 597 1023 625 nec
1045 581 1155 625 bene
1177 581 1263 626 illis
1285 583 1505 639 utebatur,

119 662 200 692 nec
226 649 369 707 egenti
401 647 555 706 dabat,
588 658 798 709 tanquam
833 651 980 694 Scriba
1010 651 1151 696 claves
1184 652 1350 697 habens
1383 654 1503 712 regni

121 718 354 773 coelorum,
380 735 458 763 nec
482 720 570 778 ipse
590 720 778 775 intrans,
806 736 885 765 nec
902 721 1007 766 alios
1029 722 1190 766 intrare
1209 724 1503 782 permittens2.

120 789 244 833 Micae
262 789 463 833 cadentes
479 788 532 833 de
546 804 694 833 mensa
711 789 870 843 divitis,
888 801 989 836 sunt
1004 792 1203 851 quaedam
1223 794 1353 836 verba
1367 794 1508 852 Legis,

121 874 219 918 quae
240 857 302 902 illi
321 860 533 919 jactantes
564 860 686 920 quasi
716 861 1002 920 projiciebant
1029 862 1074 905 in
1105 872 1285 917 terram,
1312 879 1412 907 cum
1436 880 1509 908 su-

121 930 253 989 perbe
274 930 438 990 populo
454 930 754 991 loquerentur.
785 931 952 988 Ulcera,
979 942 1080 976 sunt
1102 933 1391 978 confessiones
1407 951 1511 994 pec-

121 1010 338 1056 catorum,
373 1000 491 1045 velut
519 1000 622 1044 mali
649 1002 851 1045 humores
881 1018 904 1045 a
941 1003 1174 1048 visceribus
1202 1005 1363 1048 intimis
1395 1005 1508 1050 foras

120 1081 410 1130 erumpentes.
447 1073 585 1118 Canes
607 1072 683 1130 qui
706 1088 753 1115 ea
771 1071 1023 1129 lingebant,
1049 1075 1295 1133 nequissimi
1313 1075 1511 1120 homines

121 1150 312 1185 amantes
331 1150 505 1200 peccata
517 1177 527 1195 ,
548 1142 623 1201 qui
636 1141 721 1185 lata
737 1140 886 1200 lingua
903 1142 1032 1185 etiam
1048 1142 1227 1186 laudare
1240 1159 1329 1187 non
1344 1155 1512 1190 cessant

120 1228 249 1272 opera
266 1212 394 1267 mala,
416 1213 571 1273 quaein
588 1228 632 1256 se
651 1212 758 1256 alius
776 1228 950 1271 gemens
968 1223 1011 1257 et
1029 1215 1239 1258 confitens
1253 1214 1506 1260 detestatur.

122 1285 246 1328 Sinus
269 1283 478 1338 Abrahae,
505 1283 672 1343 requies
693 1283 920 1327 beatorum
944 1299 1185 1342 pauperum
1203 1319 1213 1337 ,
1235 1300 1422 1343 quorum
1445 1296 1509 1331 est

120 1369 299 1412 regnum
331 1353 569 1409 coelorum,
601 1354 646 1397 in
678 1369 765 1413 quo
790 1362 886 1412 post
914 1354 1027 1397 hanc
1054 1354 1186 1397 vitam
1221 1355 1505 1414 recipiuntur.

122 1425 352 1484 Sepultura
384 1424 569 1478 inferni,
594 1439 824 1483 poenarum
846 1423 1122 1483 profunditas
1139 1460 1150 1479 ,
1175 1441 1273 1484 quae
1296 1427 1504 1485 superbos

119 1504 162 1539 et
182 1495 542 1539 immisericordes
557 1495 780 1553 posthanc
802 1493 934 1538 vitam
956 1503 1093 1538 vorat.
1113 1497 1230 1547 Quos
1253 1504 1398 1539 tamen
1422 1500 1509 1541 Do-

120 1566 262 1610 minus
284 1567 329 1610 in
351 1567 429 1610 ista
452 1565 696 1610 narratione
714 1565 819 1608 dicit
841 1563 988 1608 videre
1010 1564 1064 1607 de
1085 1565 1326 1625 longinquo
1341 1601 1351 1620 ‚
1377 1576 1507 1627 atque

119 1637 276 1681 sentire
298 1637 525 1681 beatorum
549 1636 758 1695 requiem,
779 1651 867 1694 quo
886 1650 987 1678 sane
1005 1635 1185 1678 transire
1202 1651 1290 1679 non
1308 1647 1502 1695 possunt.

177 1710 232 1752 ΙΙ.
268 1712 390 1761 Quoi)
416 1716 560 1751 autem
582 1706 776 1763 linguam
808 1704 888 1748 sibi
915 1704 1009 1748 vult
1032 1704 1303 1764 refrigerari,
1330 1722 1429 1751 curn
1458 1708 1504 1752 in

119 1779 292 1823 flamma
316 1779 464 1838 utique
482 1786 598 1822 totus
611 1779 796 1830 arderet,
822 1775 1034 1834 significat
1055 1776 1174 1836 quod
1198 1777 1406 1836 scriptum
1423 1788 1503 1824 est:

121 1855 272 1897 «Mors
287 1861 329 1896 et
346 1852 432 1895 vita
447 1852 491 1894 in
512 1850 712 1894 manibus
734 1849 896 1907 liuguae
910 1850 940 1892 ³:
963 1866 982 1889 »
1001 1857 1044 1891 et
1058 1849 1175 1908 quia,
1201 1850 1317 1893 «Ore
1333 1850 1504 1894 confes-

122 1939 142 1960 »
177 1922 241 1966 sio
263 1922 312 1965 fit
334 1921 388 1965 ad
405 1920 652 1972 salutem⁴‚»
674 1918 793 1978 quod
817 1933 891 1977 per
913 1918 1159 1976 superbiam
1182 1917 1254 1961 ille
1277 1935 1364 1963 non
1383 1920 1503 1964 fecit.

118 1993 375 2035 Extremum
397 1999 540 2034 autem
563 1988 713 2047 digiti,
738 1987 806 2031 vel
824 1987 1045 2030 minimam
1069 1988 1362 2046 operationem
1380 1990 1507 2033 mise-

118 2060 313 2105 ricordiae
330 2061 558 2119 significat,
577 2075 662 2118 qua
680 2074 755 2117 per
774 2057 983 2116 Spiritum
1007 2067 1204 2100 sanctum
1227 2057 1498 2102 subvenitur.

117 2133 227 2177 Cum
247 2140 391 2175 autem
409 2131 446 2174 ei
463 2129 621 2174 dicitur
641 2148 649 2172 ε
671 2148 690 2170 «
706 2127 920 2186 Reccpisti
936 2127 1048 2170 bona
1064 2127 1107 2169 in
1125 2129 1210 2170 vita
1226 2129 1371 2181 tua⁵,»
1393 2127 1503 2172 illud

117 2201 325 2259 tangitur,
351 2200 451 2260 quia
471 2199 724 2244 felicitatem
747 2196 896 2240 dilexit
918 2195 1063 2239 saeculi
1080 2230 1090 2249 ,
1117 2211 1196 2239 nec
1218 2195 1345 2239 aliam
1368 2197 1500 2241 vitam

117 2280 274 2329 praeter
295 2270 419 2313 istam
450 2269 494 2313 in
525 2285 611 2328 qua
633 2267 844 2326 superbus
868 2265 1080 2317 tumebat,
1106 2264 1335 2308 adamavit.
1367 2269 1502 2310 Laza-

118 2356 213 2384 rum
236 2349 379 2384 autem
403 2339 515 2383 mala
537 2338 641 2382 dicit
664 2338 887 2395 recepisse,
908 2335 1009 2395 quia
1031 2333 1241 2378 intellexit
1257 2335 1384 2394 hujus
1405 2337 1504 2380 vitae

117 2409 424 2455 mortalitatem
443 2444 453 2463 ,
485 2407 675 2463 labores,
705 2406 891 2460 dolores,
915 2414 958 2448 et
979 2419 1222 2459 aerumnas,
1248 2419 1400 2463 poenas
1413 2421 1502 2450 esse

167 2514 174 2530 ¹
194 2509 270 2539 Luc.
289 2518 382 2546 xvxii,
403 2505 516 2539 10-13.
535 2522 575 2528 —
598 2511 610 2525 ⁷
628 2505 672 2537 Idv
696 2515 743 2545 11,
767 2502 868 2535 52.—
890 2499 1010 2533 3va.
1032 2511 1117 2541 xviii,
1133 2509 1234 2531 2r.—-
1252 2499 1266 2530 4
1287 2501 1379 2533 Rom.
1397 2514 1430 2543 x,
1449 2515 1498 2535 10.

119 2579 159 2584 —
175 2560 188 2584 5
208 2564 273 2593 Luc
303 2572 369 2601 xvi,
393 2561 442 2592 15,

1218 2609 1284 2646 22.
