1819 3301
307 283 389 322 268
739 292 772 321 s.
810 293 1040 322 Aucusrnu
1073 294 1253 321 prscorx

309 380 330 405 «
365 362 665 421 Quaecumque
685 360 832 415 vultis,
854 378 873 401 »
892 375 978 404 non
994 359 1148 404 usitate
1162 375 1209 404 ae
1233 360 1405 419 passim,
1431 359 1505 405 sed
1523 363 1696 421 proprie

306 434 474 478 dictum
503 433 638 492 accipi
661 441 847 492 oportet.
870 431 1081 476 Voluntas
1115 448 1306 492 namque
1338 448 1428 476 non
1461 441 1525 477 est
1547 433 1627 477 nisi
1651 434 1697 477 in

306 503 455 561 bonis,
476 503 632 546 namin
655 501 778 546 malis
807 501 1113 563 flagitiosisque
1134 502 1258 547 factis
1281 503 1496 562 cupiditas
1524 504 1698 563 proprie

307 573 467 620 dicitur
482 609 492 629 ,
518 589 607 617 non
631 572 846 617 voluntas.
873 575 970 618 Non
993 573 1095 634 quia
1121 589 1290 633 semper
1307 574 1481 633 proprie
1502 573 1698 635 loquun-

308 656 380 691 tur
404 646 653 705 Scripturae‚
678 643 753 688 sed
775 644 852 688 ubi
870 654 1042 704 oportet
1064 645 1122 689 ita
1144 646 1324 690 omnino
1351 645 1576 706 proprium
1598 661 1699 691 ver-

308 717 414 761 bum
437 724 603 770 tenent,
629 724 679 759 ut
709 730 796 759 nen
819 714 938 759 aliud
959 716 1101 760 sinant
1119 715 1318 775 intelligi.

364 789 540 831 LXXV.
573 786 758 830 Videtur
776 795 921 830 autem
938 786 1022 830 hoc
1040 796 1308 846 praeceptum
1335 785 1390 830 ad
1420 785 1700 831 dilectionem

308 858 491 919 proximi
506 858 722 917 pertinere
735 877 744 904 :
757 873 846 902 non
860 858 988 901 etiam
1004 858 1058 901 ad
1073 859 1161 913 Dei,
1179 874 1280 902 cum
1293 858 1376 903 alio
1389 857 1584 903 locoduo
1595 874 1702 918 prae-

309 939 433 990 cepta
452 944 541 972 esse
561 927 693 983 dieat,
712 928 757 972 in
771 928 931 988 quibus
954 938 1044 972 tota
1067 932 1155 973 Lex
1178 929 1341 989 pendet
1358 939 1401 974 et
1420 931 1649 989 Prophetae
1669 932 1697 973 ¹.

309 1004 416 1046 Nam
433 1002 466 1045 si
480 1000 667 1056 dixisset,
682 1001 836 1044 Omnia
852 991 1142 1061 quaecumque
1157 1001 1288 1046 vultis
1302 1002 1539 1056 fierivobis,
1553 1002 1646 1046 haec
1660 1010 1703 1046 et

310 1087 386 1117 vos
408 1070 536 1116 facite
559 1087 567 1113 ε
598 1072 678 1116 hac
698 1087 785 1115 una
801 1072 1014 1116 sententia
1037 1082 1276 1132 utrumque
1298 1071 1411 1116 illud
1434 1080 1703 1132 praeceptum

311 1141 561 1202 complexus
579 1151 688 1187 esset
706 1162 714 1187 2
732 1142 818 1186 cito
832 1142 949 1186 enim
972 1142 1204 1198 diceretur,
1220 1142 1342 1201 diligi
1358 1158 1400 1187 se
1413 1142 1525 1187 velle
1539 1158 1703 1186 unuin-

312 1229 533 1274 quemque
549 1249 559 1268 ,
577 1223 619 1257 et
642 1229 664 1257 a
688 1216 799 1268 Deo,
826 1222 869 1257 et
892 1213 946 1256 ab
967 1214 1218 1257 hominibus
1241 1234 1250 1259 :
1271 1214 1418 1274 itaque
1442 1229 1543 1258 eum
1565 1214 1649 1257 hoc
1666 1214 1705 1257 ei

312 1286 645 1346 praeciperetur,
685 1295 734 1329 ut
761 1284 880 1345 quod
915 1285 992 1328 sibi
1018 1286 1108 1328 fieri
1133 1284 1292 1339 vellet,
1328 1286 1412 1329 hoc
1444 1284 1630 1342 faceret,
1659 1284 1706 1329 id

314 1358 467 1418 utique
485 1358 813 1417 praeciperetur,
840 1366 889 1401 ut
907 1357 1105 1415 diligeret
1123 1360 1263 1401 Deum
1287 1366 1329 1401 et
1352 1357 1566 1401 homines.
1593 1358 1705 1401 Cum

315 1444 416 1473 vero
436 1429 673 1487 expressius
697 1427 752 1471 de
782 1427 1033 1471 hominibus
1057 1427 1220 1472 dietum
1242 1437 1303 1472 est
1330 1448 1338 1472 ε
1369 1448 1387 1469 «
1417 1428 1574 1472 Omnia
1604 1442 1707 1486 ergo

318 1519 338 1542 »
376 1515 666 1560 quaeeumque
701 1499 832 1543 vultis
873 1509 921 1543 ut
958 1499 1120 1543 faciant
1157 1499 1282 1544 vobis
1315 1500 1534 1556 homines,
1570 1501 1629 1544 ita
1665 1509 1709 1544 et

319 1591 340 1614 >›
376 1588 451 1617 vos
485 1572 615 1616 facite
650 1571 733 1615 illis
763 1591 771 1616 :
805 1589 824 1612 υ
858 1570 967 1614 nihil
991 1571 1109 1615 aliud
1127 1571 1293 1615 dietum
1324 1570 1521 1626 videtur,
1555 1587 1704 1632 quam,

321 1663 340 1687 «
375 1644 534 1702 Diliges
559 1643 803 1703 proximum
834 1652 958 1686 tuum
987 1652 1193 1702 tanquam
1212 1653 1253 1686 te
1280 1644 1436 1702 ipsum.
1465 1661 1484 1684 »
1514 1644 1594 1687 Sed
1620 1658 1709 1686 non

318 1723 381 1758 est
413 1714 685 1773 negligenter
717 1713 1033 1757 attendendum
1068 1713 1188 1773 quod
1221 1713 1291 1757 liic
1325 1713 1541 1772 subjecit:
1568 1715 1710 1757 «Haee

323 1804 343 1827 »
379 1795 441 1830 est
461 1787 576 1829 enim
594 1785 662 1829 lex
684 1794 725 1829 et
746 1785 1018 1842 Prophetffl.
1041 1803 1058 1825 n
1084 1785 1211 1827 lnhis
1236 1793 1381 1827 autem
1406 1783 1578 1827 duobus
1596 1799 1710 1844 prae-

320 1858 455 1915 ceptis
472 1890 482 1910 ,
508 1871 597 1899 non
620 1862 792 1898 tantum
816 1854 890 1909 ait,
921 1858 1045 1897 «Lex
1069 1854 1230 1914 pendet
1246 1864 1288 1898 et
1304 1856 1532 1914 Prophetae
1560 1875 1568 1899 ;
1597 1873 1617 1895 )>
1636 1855 1712 1899 sed

320 1926 449 1971 etiam
475 1925 659 1980 addidit,
681 1944 700 1967 α
721 1928 826 1969 Tota
852 1929 938 1969 Lex
957 1926 1242 1985 etProphetce
1257 1927 1290 1982 33
1315 1944 1333 1966 n
1355 1942 1431 1985 pro
1447 1941 1497 1970 eo
1516 1926 1636 1986 quod
1651 1935 1714 1970 est

322 2007 411 2043 tota
431 1985 681 2057 pr‘ophetia3
707 1996 827 2058 quod
842 2012 941 2041 eum
960 1997 1030 2040 hie
1052 2011 1141 2040 non
1158 1995 1346 2050 addidit,
1369 1997 1551 2040 servavit
1566 1997 1712 2041 locum

322 2068 442 2113 alteri
462 2077 680 2129 praeecpto
699 2103 709 2123 ,
737 2068 857 2128 quod
891 2066 945 2111 ad
984 2065 1263 2111 dilectionem
1296 2067 1373 2110 Dei
1403 2068 1606 2126 pertinet.
1634 2068 1713 2111 Hic

323 2150 468 2185 autem
506 2140 713 2201 quoniam
752 2147 969 2199 praecepta
995 2137 1198 2197 simplicis
1228 2138 1368 2182 cordis
1392 2139 1645 2198 exequitur,
1672 2147 1715 2182 et

323 2229 421 2272 erga
445 2228 516 2257 cos
539 2211 824 2256 metuendum
848 2220 911 2254 est
932 2226 985 2253 ue
1006 2209 1164 2253 habeat
1185 2209 1371 2268 quisque
1405 2207 1567 2268 duplex
1605 2224 1680 2253 cor
1700 2243 1711 2263 ,

324 2285 483 2346 quibus
501 2283 710 2329 occultari
732 2299 806 2327 cor
832 2290 970 2342 potest
986 2279 1055 2335 ,id
1078 2289 1155 2333 est,
1173 2294 1273 2336 erga
1292 2279 1506 2334 homines,
1526 2278 1716 2339 idipsum

324 2355 665 2417 praecipiendum
692 2354 787 2399 fuit.
814 2357 949 2399 Nemo
972 2351 1084 2395 enim
1110 2351 1199 2394 fere
1222 2359 1309 2404 est,
1329 2350 1404 2410 qui
1432 2350 1537 2394 velit
1560 2366 1716 2410 quem-

326 2443 457 2487 quam
476 2425 640 2486 duplici
665 2424 796 2470 corde
819 2439 962 2468 seeum
984 2437 1122 2481 agere.
1152 2420 1200 2463 Id
1223 2430 1365 2464 autem
1402 2422 1493 2464 fieri
1527 2437 1614 2465 non
1639 2436 1718 2481 po-

328 2507 410 2542 test
431 2534 440 2553 ,
464 2497 507 2541 id
529 2507 606 2553 est,
628 2506 677 2542 ut
694 2496 877 2555 simplici
895 2493 1024 2538 cordo
1045 2492 1210 2537 homini
1234 2490 1398 2552 aliquid
1422 2492 1612 2547 tribuat,
1634 2492 1715 2536 uisi

330 2569 387 2613 ita
412 2569 595 2623 tribuat,
627 2556 675 2612 ut
699 2566 868 2611 nullum
894 2566 948 2610 ab
981 2581 1032 2609 eo
1066 2564 1304 2624 temporale
1335 2562 1613 2609 commodum
1638 2578 1714 2606 ex-

379 2661 387 2677 ¹
409 2654 634 2696 Matt11.xxu,
660 2652 773 2696 37-40.
795 2671 835 2677 —-
857 2660 868 2677 ²
895 2653 939 2686 Id.
958 2663 1014 2694 vii,
1038 2660 1088 2685 ι’).
1113 2668 1154 2675 --
1172 2648 1184 2671 ³
1201 2650 1245 2683 Id.
1268 2660 1344 2692 xxii,
1363 2648 1415 2691 4ο.
