<?xml version="1.0" encoding="UTF-8"?>
<!DOCTYPE html PUBLIC "-//W3C//DTD XHTML 1.0 Transitional//EN"
    "http://www.w3.org/TR/xhtml1/DTD/xhtml1-transitional.dtd">
<html xmlns="http://www.w3.org/1999/xhtml" xml:lang="en" lang="en">
 <head>
  <title>
</title>
<meta http-equiv="Content-Type" content="text/html;charset=utf-8" />
  <meta name='ocr-system' content='tesseract 3.04.00' />
  <meta name='ocr-capabilities' content='ocr_page ocr_carea ocr_par ocr_line ocrx_word'/>
</head>
<body>
  <div class='ocr_page' id='page_1' title='image "./operaomniaaccura14auguuoft_0096.png"; bbox 0 0 1819 3301; ppageno 0'>
   <div class='ocr_carea' id='block_1_1' title="bbox 356 301 1272 341">
    <p class='ocr_par' dir='ltr' id='par_1_1' title="bbox 356 301 1272 341">
     <span class='ocr_line' id='line_1_1' title="bbox 356 301 1272 341; baseline -0.007 0"><span class='ocrx_word' id='word_1_1' title='bbox 356 301 411 341; x_wconf 88' lang='lat'>86</span> <span class='ocrx_word' id='word_1_2' title='bbox 758 309 791 340; x_wconf 92' lang='lat' dir='ltr'>s.</span> <span class='ocrx_word' id='word_1_3' title='bbox 828 310 1059 339; x_wconf 69' lang='lat' dir='ltr'>,mausum</span> <span class='ocrx_word' id='word_1_4' title='bbox 1093 309 1272 336; x_wconf 70' lang='lat' dir='ltr'>zmscom</span> 
     </span>
    </p>
   </div>
   <div class='ocr_carea' id='block_1_2' title="bbox 355 462 1737 493">
    <p class='ocr_par' dir='ltr' id='par_1_2' title="bbox 355 462 1737 493">
     <span class='ocr_line' id='line_1_2' title="bbox 355 462 1737 493; baseline -0.006 0"><span class='ocrx_word' id='word_1_5' title='bbox 355 462 770 493; x_wconf 52' lang='lat' dir='ltr'>mmmmm</span> <span class='ocrx_word' id='word_1_6' title='bbox 774 473 910 490; x_wconf 66' lang='grc' dir='ltr'>ἋΜΜΜ</span> <span class='ocrx_word' id='word_1_7' title='bbox 914 471 1396 489; x_wconf 53' lang='grc' dir='ltr'>ΜΝΙΜἿΝΙΜΝΜΣΜΜἎΜΛ</span> <span class='ocrx_word' id='word_1_8' title='bbox 1400 468 1737 486; x_wconf 63' lang='lat' dir='ltr'>mmmmmwv</span> 
     </span>
    </p>
   </div>
   <div class='ocr_carea' id='block_1_3' title="bbox 845 596 1251 645">
    <p class='ocr_par' dir='ltr' id='par_1_3' title="bbox 845 596 1251 645">
     <span class='ocr_line' id='line_1_3' title="bbox 845 596 1251 645; baseline -0.01 0"><span class='ocrx_word' id='word_1_9' title='bbox 845 596 1059 645; x_wconf 87' lang='lat' dir='ltr'><strong>CAPUT</strong></span> <span class='ocrx_word' id='word_1_10' title='bbox 1094 596 1233 644; x_wconf 72' lang='lat' dir='ltr'>XXV</span> <span class='ocrx_word' id='word_1_11' title='bbox 1243 632 1251 641; x_wconf 95' lang='lat'><strong>.</strong></span> 
     </span>
    </p>
   </div>
   <div class='ocr_carea' id='block_1_4' title="bbox 358 735 1745 875">
    <p class='ocr_par' dir='ltr' id='par_1_4' title="bbox 358 735 1745 875">
     <span class='ocr_line' id='line_1_4' title="bbox 358 735 1745 801; baseline -0.006 -12"><span class='ocrx_word' id='word_1_12' title='bbox 358 741 513 789; x_wconf 66' lang='lat' dir='ltr'>Pauli</span> <span class='ocrx_word' id='word_1_13' title='bbox 531 740 590 788; x_wconf 82' lang='lat' dir='ltr'>de</span> <span class='ocrx_word' id='word_1_14' title='bbox 612 740 795 787; x_wconf 70' lang='lat' dir='ltr'>Christi</span> <span class='ocrx_word' id='word_1_15' title='bbox 813 740 1119 801; x_wconf 75' lang='lat' dir='ltr'><em>apparitione</em></span> <span class='ocrx_word' id='word_1_16' title='bbox 1143 738 1415 783; x_wconf 77' lang='lat' dir='ltr'>testimonia</span> <span class='ocrx_word' id='word_1_17' title='bbox 1438 752 1546 783; x_wconf 75' lang='lat' dir='ltr'>cum</span> <span class='ocrx_word' id='word_1_18' title='bbox 1575 735 1623 781; x_wconf 90' lang='lat' dir='ltr'><em>E</em></span> <span class='ocrx_word' id='word_1_19' title='bbox 1627 752 1745 782; x_wconf 71' lang='lat' dir='ltr'>oan-</span> 
     </span>
     <span class='ocr_line' id='line_1_5' title="bbox 802 808 1286 875; baseline -0.006 -19"><span class='ocrx_word' id='word_1_20' title='bbox 802 808 940 875; x_wconf 60' lang='lat' dir='ltr'>gelii-5</span> <span class='ocrx_word' id='word_1_21' title='bbox 956 810 1286 874; x_wconf 75' lang='lat' dir='ltr'>conferuntur.</span> 
     </span>
    </p>
   </div>
   <div class='ocr_carea' id='block_1_5' title="bbox 358 942 1819 2559">
    <p class='ocr_par' dir='ltr' id='par_1_5' title="bbox 358 942 1819 2559">
     <span class='ocr_line' id='line_1_6' title="bbox 417 942 1748 1006; baseline -0.003 -14"><span class='ocrx_word' id='word_1_22' title='bbox 417 949 553 992; x_wconf 85' lang='lat' dir='ltr'><strong>Lxx.</strong></span> <span class='ocrx_word' id='word_1_23' title='bbox 580 949 670 991; x_wconf 56' lang='lat' dir='ltr'>JAM</span> <span class='ocrx_word' id='word_1_24' title='bbox 695 955 794 1006; x_wconf 90' lang='lat' dir='ltr'>post</span> <span class='ocrx_word' id='word_1_25' title='bbox 821 945 1178 989; x_wconf 82' lang='lat' dir='ltr'>resurrectionem</span> <span class='ocrx_word' id='word_1_26' title='bbox 1211 942 1585 1004; x_wconf 86' lang='lat' dir='ltr'>quemadmodum</span> <span class='ocrx_word' id='word_1_27' title='bbox 1613 959 1748 1004; x_wconf 87' lang='lat' dir='ltr'>appa-</span> 
     </span>
     <span class='ocr_line' id='line_1_7' title="bbox 359 1013 1746 1075; baseline -0.004 -13"><span class='ocrx_word' id='word_1_28' title='bbox 359 1019 495 1062; x_wconf 90' lang='lat' dir='ltr'>ruerit</span> <span class='ocrx_word' id='word_1_29' title='bbox 509 1018 718 1062; x_wconf 86' lang='lat' dir='ltr'>Dominus</span> <span class='ocrx_word' id='word_1_30' title='bbox 738 1015 990 1075; x_wconf 88' lang='lat' dir='ltr'>Discipulis‚</span> <span class='ocrx_word' id='word_1_31' title='bbox 1011 1013 1377 1059; x_wconf 83' lang='lat' dir='ltr'>considerandum</span> <span class='ocrx_word' id='word_1_32' title='bbox 1397 1022 1476 1069; x_wconf 86' lang='lat' dir='ltr'>est,</span> <span class='ocrx_word' id='word_1_33' title='bbox 1498 1028 1588 1058; x_wconf 88' lang='lat' dir='ltr'>non</span> <span class='ocrx_word' id='word_1_34' title='bbox 1606 1013 1746 1058; x_wconf 85' lang='lat' dir='ltr'>solum</span> 
     </span>
     <span class='ocr_line' id='line_1_8' title="bbox 358 1086 1747 1145; baseline -0.004 -12"><span class='ocrx_word' id='word_1_35' title='bbox 358 1099 408 1134; x_wconf 91' lang='lat' dir='ltr'>ut</span> <span class='ocrx_word' id='word_1_36' title='bbox 428 1088 641 1133; x_wconf 85' lang='lat' dir='ltr'>elucescat</span> <span class='ocrx_word' id='word_1_37' title='bbox 664 1088 793 1132; x_wconf 88' lang='lat' dir='ltr'>etiam</span> <span class='ocrx_word' id='word_1_38' title='bbox 816 1103 867 1131; x_wconf 81' lang='lat' dir='ltr'>ex</span> <span class='ocrx_word' id='word_1_39' title='bbox 893 1088 974 1131; x_wconf 90' lang='lat' dir='ltr'>hac</span> <span class='ocrx_word' id='word_1_40' title='bbox 999 1102 1043 1130; x_wconf 92' lang='lat' dir='ltr'>re</span> <span class='ocrx_word' id='word_1_41' title='bbox 1065 1086 1368 1131; x_wconf 76' lang='lat' dir='ltr'>convenientia</span> <span class='ocrx_word' id='word_1_42' title='bbox 1389 1093 1579 1145; x_wconf 84' lang='lat' dir='ltr'>quatuor</span> <span class='ocrx_word' id='word_1_43' title='bbox 1599 1087 1747 1129; x_wconf 82' lang='lat' dir='ltr'>Evan-</span> 
     </span>
     <span class='ocr_line' id='line_1_9' title="bbox 360 1155 1749 1219; baseline -0.003 -15"><span class='ocrx_word' id='word_1_44' title='bbox 360 1159 630 1219; x_wconf 84' lang='lat' dir='ltr'>gelistarum¹</span> <span class='ocrx_word' id='word_1_45' title='bbox 649 1195 659 1214; x_wconf 87' lang='lat'>‚</span> <span class='ocrx_word' id='word_1_46' title='bbox 685 1159 969 1203; x_wconf 87' lang='lat' dir='ltr'>verumetiam</span> <span class='ocrx_word' id='word_1_47' title='bbox 997 1167 1046 1202; x_wconf 86' lang='lat' dir='ltr'>ut</span> <span class='ocrx_word' id='word_1_48' title='bbox 1078 1173 1178 1202; x_wconf 89' lang='lat' dir='ltr'>cum</span> <span class='ocrx_word' id='word_1_49' title='bbox 1213 1156 1348 1201; x_wconf 89' lang='lat' dir='ltr'>Paulo</span> <span class='ocrx_word' id='word_1_50' title='bbox 1371 1155 1566 1216; x_wconf 87' lang='lat' dir='ltr'>apostolo</span> <span class='ocrx_word' id='word_1_51' title='bbox 1593 1171 1749 1200; x_wconf 90' lang='lat' dir='ltr'>conso-</span> 
     </span>
     <span class='ocr_line' id='line_1_10' title="bbox 361 1227 1749 1291; baseline -0.003 -16"><span class='ocrx_word' id='word_1_52' title='bbox 361 1240 469 1276; x_wconf 88' lang='lat' dir='ltr'>nent</span> <span class='ocrx_word' id='word_1_53' title='bbox 488 1266 499 1286; x_wconf 86' lang='lat'>,</span> <span class='ocrx_word' id='word_1_54' title='bbox 523 1231 601 1291; x_wconf 86' lang='lat' dir='ltr'>qui</span> <span class='ocrx_word' id='word_1_55' title='bbox 635 1229 690 1274; x_wconf 93' lang='lat' dir='ltr'>de</span> <span class='ocrx_word' id='word_1_56' title='bbox 710 1231 791 1274; x_wconf 87' lang='lat' dir='ltr'>hae</span> <span class='ocrx_word' id='word_1_57' title='bbox 823 1245 869 1274; x_wconf 88' lang='lat' dir='ltr'>re</span> <span class='ocrx_word' id='word_1_58' title='bbox 888 1230 934 1273; x_wconf 92' lang='lat' dir='ltr'>in</span> <span class='ocrx_word' id='word_1_59' title='bbox 957 1230 1096 1289; x_wconf 86' lang='lat' dir='ltr'>prima</span> <span class='ocrx_word' id='word_1_60' title='bbox 1118 1228 1173 1273; x_wconf 79' lang='lat' dir='ltr'>ad</span> <span class='ocrx_word' id='word_1_61' title='bbox 1206 1228 1454 1273; x_wconf 86' lang='lat' dir='ltr'>Corinthios</span> <span class='ocrx_word' id='word_1_62' title='bbox 1475 1227 1670 1287; x_wconf 86' lang='lat' dir='ltr'>Epistola</span> <span class='ocrx_word' id='word_1_63' title='bbox 1691 1228 1749 1272; x_wconf 86' lang='lat' dir='ltr'>ita</span> 
     </span>
     <span class='ocr_line' id='line_1_11' title="bbox 361 1297 1747 1362; baseline -0.004 -15"><span class='ocrx_word' id='word_1_64' title='bbox 361 1302 558 1362; x_wconf 85' lang='lat' dir='ltr'>loquitur</span> <span class='ocrx_word' id='word_1_65' title='bbox 579 1321 588 1346; x_wconf 73' lang='grc' dir='ltr'><strong><em>ι</em></strong></span> <span class='ocrx_word' id='word_1_66' title='bbox 618 1320 638 1343; x_wconf 94' lang='lat'>«</span> <span class='ocrx_word' id='word_1_67' title='bbox 665 1300 840 1345; x_wconf 87' lang='lat' dir='ltr'>Tradidi</span> <span class='ocrx_word' id='word_1_68' title='bbox 858 1301 975 1344; x_wconf 89' lang='lat' dir='ltr'>enim</span> <span class='ocrx_word' id='word_1_69' title='bbox 992 1300 1114 1345; x_wconf 88' lang='lat' dir='ltr'>vobis</span> <span class='ocrx_word' id='word_1_70' title='bbox 1136 1299 1347 1359; x_wconf 88' lang='lat' dir='ltr'>imprimis</span> <span class='ocrx_word' id='word_1_71' title='bbox 1367 1297 1487 1359; x_wconf 92' lang='lat' dir='ltr'>quod</span> <span class='ocrx_word' id='word_1_72' title='bbox 1510 1307 1553 1342; x_wconf 87' lang='lat' dir='ltr'>et</span> <span class='ocrx_word' id='word_1_73' title='bbox 1571 1298 1715 1358; x_wconf 88' lang='lat' dir='ltr'>accepi</span> <span class='ocrx_word' id='word_1_74' title='bbox 1735 1333 1747 1353; x_wconf 83' lang='lat'>,</span> 
     </span>
     <span class='ocr_line' id='line_1_12' title="bbox 364 1369 1752 1432; baseline -0.001 -18"><span class='ocrx_word' id='word_1_75' title='bbox 364 1391 385 1414; x_wconf 88' lang='lat'>»</span> <span class='ocrx_word' id='word_1_76' title='bbox 421 1372 523 1432; x_wconf 88' lang='lat' dir='ltr'>quia</span> <span class='ocrx_word' id='word_1_77' title='bbox 546 1372 744 1416; x_wconf 85' lang='lat' dir='ltr'>Christus</span> <span class='ocrx_word' id='word_1_78' title='bbox 768 1380 966 1416; x_wconf 88' lang='lat' dir='ltr'>mortuus</span> <span class='ocrx_word' id='word_1_79' title='bbox 992 1380 1055 1415; x_wconf 87' lang='lat' dir='ltr'>est</span> <span class='ocrx_word' id='word_1_80' title='bbox 1076 1386 1155 1430; x_wconf 91' lang='lat' dir='ltr'>pro</span> <span class='ocrx_word' id='word_1_81' title='bbox 1178 1371 1365 1429; x_wconf 83' lang='lat' dir='ltr'>peccatis</span> <span class='ocrx_word' id='word_1_82' title='bbox 1386 1369 1543 1414; x_wconf 87' lang='lat' dir='ltr'>nostris</span> <span class='ocrx_word' id='word_1_83' title='bbox 1560 1404 1570 1423; x_wconf 87' lang='lat'>,</span> <span class='ocrx_word' id='word_1_84' title='bbox 1595 1384 1752 1413; x_wconf 88' lang='lat' dir='ltr'>secun-</span> 
     </span>
     <span class='ocr_line' id='line_1_13' title="bbox 365 1441 1750 1502; baseline 0.001 -19"><span class='ocrx_word' id='word_1_85' title='bbox 365 1461 386 1484; x_wconf 85' lang='lat'>»</span> <span class='ocrx_word' id='word_1_86' title='bbox 422 1443 528 1487; x_wconf 89' lang='lat' dir='ltr'>dum</span> <span class='ocrx_word' id='word_1_87' title='bbox 560 1443 822 1502; x_wconf 81' lang='lat' dir='ltr'>Scripturas,</span> <span class='ocrx_word' id='word_1_88' title='bbox 854 1452 896 1486; x_wconf 94' lang='lat' dir='ltr'>et</span> <span class='ocrx_word' id='word_1_89' title='bbox 929 1443 1030 1502; x_wconf 86' lang='lat' dir='ltr'>quia</span> <span class='ocrx_word' id='word_1_90' title='bbox 1061 1441 1255 1501; x_wconf 88' lang='lat' dir='ltr'>sepultus</span> <span class='ocrx_word' id='word_1_91' title='bbox 1288 1450 1376 1496; x_wconf 77' lang='lat' dir='ltr'>est,</span> <span class='ocrx_word' id='word_1_92' title='bbox 1404 1451 1447 1485; x_wconf 90' lang='lat' dir='ltr'>et</span> <span class='ocrx_word' id='word_1_93' title='bbox 1481 1441 1584 1501; x_wconf 90' lang='lat' dir='ltr'>quia</span> <span class='ocrx_word' id='word_1_94' title='bbox 1606 1455 1750 1484; x_wconf 83' lang='lat' dir='ltr'>resur-</span> 
     </span>
     <span class='ocr_line' id='line_1_14' title="bbox 364 1511 1751 1572; baseline -0.001 -17"><span class='ocrx_word' id='word_1_95' title='bbox 364 1531 385 1555; x_wconf 86' lang='lat'>»</span> <span class='ocrx_word' id='word_1_96' title='bbox 420 1514 528 1557; x_wconf 86' lang='lat' dir='ltr'>rexit</span> <span class='ocrx_word' id='word_1_97' title='bbox 556 1513 681 1557; x_wconf 89' lang='lat' dir='ltr'>tertia</span> <span class='ocrx_word' id='word_1_98' title='bbox 702 1513 772 1556; x_wconf 88' lang='lat' dir='ltr'>die</span> <span class='ocrx_word' id='word_1_99' title='bbox 795 1513 1038 1556; x_wconf 88' lang='lat' dir='ltr'>secundum</span> <span class='ocrx_word' id='word_1_100' title='bbox 1063 1512 1304 1571; x_wconf 86' lang='lat' dir='ltr'>Scripturas</span> <span class='ocrx_word' id='word_1_101' title='bbox 1322 1547 1332 1567; x_wconf 80' lang='lat'>,</span> <span class='ocrx_word' id='word_1_102' title='bbox 1356 1521 1399 1556; x_wconf 86' lang='lat' dir='ltr'>et</span> <span class='ocrx_word' id='word_1_103' title='bbox 1421 1512 1524 1572; x_wconf 86' lang='lat' dir='ltr'>quia</span> <span class='ocrx_word' id='word_1_104' title='bbox 1550 1511 1751 1571; x_wconf 86' lang='lat' dir='ltr'>apparuit</span> 
     </span>
     <span class='ocr_line' id='line_1_15' title="bbox 364 1582 1750 1644; baseline 0 -18"><span class='ocrx_word' id='word_1_105' title='bbox 364 1603 386 1626; x_wconf 87' lang='lat'>»</span> <span class='ocrx_word' id='word_1_106' title='bbox 421 1585 607 1644; x_wconf 68' lang='lat' dir='ltr'>Cephea,</span> <span class='ocrx_word' id='word_1_107' title='bbox 633 1594 782 1643; x_wconf 86' lang='lat' dir='ltr'>postea</span> <span class='ocrx_word' id='word_1_108' title='bbox 816 1583 1044 1629; x_wconf 88' lang='lat' dir='ltr'>duodecim</span> <span class='ocrx_word' id='word_1_109' title='bbox 1061 1620 1070 1638; x_wconf 83' lang='lat'>‚</span> <span class='ocrx_word' id='word_1_110' title='bbox 1096 1582 1255 1628; x_wconf 90' lang='lat' dir='ltr'>deinde</span> <span class='ocrx_word' id='word_1_111' title='bbox 1277 1583 1477 1643; x_wconf 84' lang='lat' dir='ltr'>apparuit</span> <span class='ocrx_word' id='word_1_112' title='bbox 1498 1583 1596 1642; x_wconf 91' lang='lat' dir='ltr'>plus</span> <span class='ocrx_word' id='word_1_113' title='bbox 1619 1598 1750 1643; x_wconf 87' lang='lat' dir='ltr'>quam</span> 
     </span>
     <span class='ocr_line' id='line_1_16' title="bbox 365 1653 1753 1714; baseline -0.001 -17"><span class='ocrx_word' id='word_1_114' title='bbox 365 1674 386 1697; x_wconf 87' lang='lat'>»</span> <span class='ocrx_word' id='word_1_115' title='bbox 421 1655 667 1714; x_wconf 86' lang='lat' dir='ltr'>quingentis</span> <span class='ocrx_word' id='word_1_116' title='bbox 690 1654 896 1699; x_wconf 87' lang='lat' dir='ltr'>fratribus</span> <span class='ocrx_word' id='word_1_117' title='bbox 934 1653 1092 1709; x_wconf 86' lang='lat' dir='ltr'>simul,</span> <span class='ocrx_word' id='word_1_118' title='bbox 1123 1669 1172 1697; x_wconf 85' lang='lat' dir='ltr'>ex</span> <span class='ocrx_word' id='word_1_119' title='bbox 1206 1653 1368 1713; x_wconf 84' lang='lat' dir='ltr'>quibus</span> <span class='ocrx_word' id='word_1_120' title='bbox 1405 1653 1551 1713; x_wconf 85' lang='lat' dir='ltr'>plures</span> <span class='ocrx_word' id='word_1_121' title='bbox 1574 1661 1753 1697; x_wconf 86' lang='lat' dir='ltr'>manent</span> 
     </span>
     <span class='ocr_line' id='line_1_17' title="bbox 367 1723 1749 1784; baseline 0 -17"><span class='ocrx_word' id='word_1_122' title='bbox 367 1743 389 1767; x_wconf 86' lang='lat'>»</span> <span class='ocrx_word' id='word_1_123' title='bbox 423 1740 562 1784; x_wconf 85' lang='lat' dir='ltr'>usque</span> <span class='ocrx_word' id='word_1_124' title='bbox 586 1724 752 1779; x_wconf 87' lang='lat' dir='ltr'>adhuc,</span> <span class='ocrx_word' id='word_1_125' title='bbox 787 1723 967 1784; x_wconf 86' lang='lat' dir='ltr'>quidam</span> <span class='ocrx_word' id='word_1_126' title='bbox 990 1733 1135 1767; x_wconf 85' lang='lat' dir='ltr'>autem</span> <span class='ocrx_word' id='word_1_127' title='bbox 1166 1723 1468 1781; x_wconf 77' lang='lat' dir='ltr'>dormierunt3</span> <span class='ocrx_word' id='word_1_128' title='bbox 1492 1733 1641 1783; x_wconf 86' lang='lat' dir='ltr'>postea</span> <span class='ocrx_word' id='word_1_129' title='bbox 1673 1739 1749 1782; x_wconf 79' lang='lat' dir='ltr'>ap-</span> 
     </span>
     <span class='ocr_line' id='line_1_18' title="bbox 367 1793 1754 1854; baseline 0 -18"><span class='ocrx_word' id='word_1_130' title='bbox 367 1813 387 1836; x_wconf 89' lang='lat'>»</span> <span class='ocrx_word' id='word_1_131' title='bbox 423 1795 569 1854; x_wconf 89' lang='lat' dir='ltr'>paruit</span> <span class='ocrx_word' id='word_1_132' title='bbox 598 1795 788 1848; x_wconf 83' lang='lat' dir='ltr'>Jacobo‚</span> <span class='ocrx_word' id='word_1_133' title='bbox 820 1793 979 1838; x_wconf 87' lang='lat' dir='ltr'>deinde</span> <span class='ocrx_word' id='word_1_134' title='bbox 1006 1793 1222 1852; x_wconf 86' lang='lat' dir='ltr'>Apostolis</span> <span class='ocrx_word' id='word_1_135' title='bbox 1251 1793 1484 1837; x_wconf 87' lang='lat' dir='ltr'>omnibus:</span> <span class='ocrx_word' id='word_1_136' title='bbox 1525 1793 1754 1837; x_wconf 86' lang='lat' dir='ltr'>novissime</span> 
     </span>
     <span class='ocr_line' id='line_1_19' title="bbox 366 1864 1754 1924; baseline 0 -17"><span class='ocrx_word' id='word_1_137' title='bbox 366 1884 387 1907; x_wconf 84' lang='lat'>»</span> <span class='ocrx_word' id='word_1_138' title='bbox 424 1875 569 1909; x_wconf 88' lang='lat' dir='ltr'>autem</span> <span class='ocrx_word' id='word_1_139' title='bbox 584 1864 783 1908; x_wconf 88' lang='lat' dir='ltr'>omnium</span> <span class='ocrx_word' id='word_1_140' title='bbox 798 1865 919 1924; x_wconf 84' lang='lat' dir='ltr'>quasi</span> <span class='ocrx_word' id='word_1_141' title='bbox 941 1864 1137 1908; x_wconf 84' lang='lat' dir='ltr'>abortivo</span> <span class='ocrx_word' id='word_1_142' title='bbox 1154 1864 1356 1922; x_wconf 85' lang='lat' dir='ltr'>apparuit</span> <span class='ocrx_word' id='word_1_143' title='bbox 1372 1873 1415 1907; x_wconf 88' lang='lat' dir='ltr'>et</span> <span class='ocrx_word' id='word_1_144' title='bbox 1429 1864 1536 1907; x_wconf 87' lang='lat' dir='ltr'>mihi</span> <span class='ocrx_word' id='word_1_145' title='bbox 1549 1867 1581 1906; x_wconf 76' lang='lat'>2.</span> <span class='ocrx_word' id='word_1_146' title='bbox 1592 1882 1610 1904; x_wconf 76' lang='lat' dir='ltr'>n</span> <span class='ocrx_word' id='word_1_147' title='bbox 1625 1865 1754 1907; x_wconf 89' lang='lat' dir='ltr'>Hune</span> 
     </span>
     <span class='ocr_line' id='line_1_20' title="bbox 365 1933 1753 1993; baseline -0.002 -13"><span class='ocrx_word' id='word_1_148' title='bbox 365 1945 512 1981; x_wconf 88' lang='lat' dir='ltr'>autem</span> <span class='ocrx_word' id='word_1_149' title='bbox 534 1935 731 1979; x_wconf 87' lang='lat' dir='ltr'>ordinem</span> <span class='ocrx_word' id='word_1_150' title='bbox 750 1934 896 1978; x_wconf 83' lang='lat' dir='ltr'>nullus</span> <span class='ocrx_word' id='word_1_151' title='bbox 915 1933 1291 1993; x_wconf 78' lang='lat' dir='ltr'>Evangelistarum</span> <span class='ocrx_word' id='word_1_152' title='bbox 1313 1934 1455 1977; x_wconf 83' lang='lat' dir='ltr'>tenuit</span> <span class='ocrx_word' id='word_1_153' title='bbox 1474 1953 1482 1978; x_wconf 90' lang='lat'>:</span> <span class='ocrx_word' id='word_1_154' title='bbox 1504 1933 1623 1977; x_wconf 88' lang='lat' dir='ltr'>unde</span> <span class='ocrx_word' id='word_1_155' title='bbox 1645 1949 1753 1978; x_wconf 91' lang='lat' dir='ltr'>con-</span> 
     </span>
     <span class='ocr_line' id='line_1_21' title="bbox 364 2002 1754 2063; baseline -0.001 -14"><span class='ocrx_word' id='word_1_156' title='bbox 364 2005 645 2050; x_wconf 86' lang='lat' dir='ltr'>siderandum</span> <span class='ocrx_word' id='word_1_157' title='bbox 659 2014 722 2049; x_wconf 88' lang='lat' dir='ltr'>est</span> <span class='ocrx_word' id='word_1_158' title='bbox 741 2014 889 2048; x_wconf 90' lang='lat' dir='ltr'>utrum</span> <span class='ocrx_word' id='word_1_159' title='bbox 904 2004 1012 2048; x_wconf 88' lang='lat' dir='ltr'>ordo</span> <span class='ocrx_word' id='word_1_160' title='bbox 1031 2019 1161 2063; x_wconf 86' lang='lat' dir='ltr'>quem</span> <span class='ocrx_word' id='word_1_161' title='bbox 1184 2002 1247 2047; x_wconf 89' lang='lat' dir='ltr'>illi</span> <span class='ocrx_word' id='word_1_162' title='bbox 1269 2013 1522 2059; x_wconf 87' lang='lat' dir='ltr'>tenuerunt,</span> <span class='ocrx_word' id='word_1_163' title='bbox 1539 2005 1641 2048; x_wconf 92' lang='lat' dir='ltr'>huie</span> <span class='ocrx_word' id='word_1_164' title='bbox 1664 2019 1754 2048; x_wconf 88' lang='lat' dir='ltr'>non</span> 
     </span>
     <span class='ocr_line' id='line_1_22' title="bbox 363 2075 1749 2134; baseline -0.002 -12"><span class='ocrx_word' id='word_1_165' title='bbox 363 2076 613 2123; x_wconf 85' lang='lat' dir='ltr'>adversetur</span> <span class='ocrx_word' id='word_1_166' title='bbox 632 2096 640 2121; x_wconf 89' lang='lat'>:</span> <span class='ocrx_word' id='word_1_167' title='bbox 659 2091 760 2120; x_wconf 85' lang='lat' dir='ltr'>nam</span> <span class='ocrx_word' id='word_1_168' title='bbox 776 2091 855 2120; x_wconf 89' lang='lat' dir='ltr'>nec</span> <span class='ocrx_word' id='word_1_169' title='bbox 877 2075 948 2119; x_wconf 90' lang='lat' dir='ltr'>ille</span> <span class='ocrx_word' id='word_1_170' title='bbox 971 2076 1131 2130; x_wconf 81' lang='lat' dir='ltr'>omnia,</span> <span class='ocrx_word' id='word_1_171' title='bbox 1158 2090 1237 2119; x_wconf 91' lang='lat' dir='ltr'>nee</span> <span class='ocrx_word' id='word_1_172' title='bbox 1259 2076 1325 2119; x_wconf 86' lang='lat' dir='ltr'>isti</span> <span class='ocrx_word' id='word_1_173' title='bbox 1348 2076 1493 2119; x_wconf 88' lang='lat' dir='ltr'>omnia</span> <span class='ocrx_word' id='word_1_174' title='bbox 1514 2075 1719 2120; x_wconf 82' lang='lat' dir='ltr'>dixerunt</span> <span class='ocrx_word' id='word_1_175' title='bbox 1737 2096 1749 2134; x_wconf 72' lang='grc' dir='ltr'><strong>ς</strong></span> 
     </span>
     <span class='ocr_line' id='line_1_23' title="bbox 364 2146 1754 2209; baseline -0.002 -17"><span class='ocrx_word' id='word_1_176' title='bbox 364 2164 464 2209; x_wconf 75' lang='lat' dir='ltr'>quae</span> <span class='ocrx_word' id='word_1_177' title='bbox 487 2156 632 2191; x_wconf 89' lang='lat' dir='ltr'>autem</span> <span class='ocrx_word' id='word_1_178' title='bbox 662 2146 865 2190; x_wconf 86' lang='lat' dir='ltr'>dixerunt</span> <span class='ocrx_word' id='word_1_179' title='bbox 888 2161 1036 2189; x_wconf 92' lang='lat' dir='ltr'>omnes</span> <span class='ocrx_word' id='word_1_180' title='bbox 1053 2181 1063 2201; x_wconf 86' lang='lat'>,</span> <span class='ocrx_word' id='word_1_181' title='bbox 1094 2156 1242 2189; x_wconf 86' lang='lat' dir='ltr'>utrum</span> <span class='ocrx_word' id='word_1_182' title='bbox 1270 2146 1377 2189; x_wconf 88' lang='lat' dir='ltr'>nihil</span> <span class='ocrx_word' id='word_1_183' title='bbox 1398 2147 1509 2189; x_wconf 89' lang='lat' dir='ltr'>inter</span> <span class='ocrx_word' id='word_1_184' title='bbox 1531 2162 1574 2189; x_wconf 89' lang='lat' dir='ltr'>se</span> <span class='ocrx_word' id='word_1_185' title='bbox 1597 2162 1754 2205; x_wconf 87' lang='lat' dir='ltr'>repug-</span> 
     </span>
     <span class='ocr_line' id='line_1_24' title="bbox 363 2216 1754 2276; baseline -0.003 -12"><span class='ocrx_word' id='word_1_186' title='bbox 363 2228 471 2264; x_wconf 86' lang='lat' dir='ltr'>nent</span> <span class='ocrx_word' id='word_1_187' title='bbox 491 2223 681 2262; x_wconf 79' lang='lat' dir='ltr'>&#39;tantum</span> <span class='ocrx_word' id='word_1_188' title='bbox 712 2216 951 2262; x_wconf 90' lang='lat' dir='ltr'>videndum</span> <span class='ocrx_word' id='word_1_189' title='bbox 995 2225 1072 2260; x_wconf 84' lang='lat' dir='ltr'>est.</span> <span class='ocrx_word' id='word_1_190' title='bbox 1116 2220 1252 2260; x_wconf 81' lang='lat' dir='ltr'>Lucas</span> <span class='ocrx_word' id='word_1_191' title='bbox 1275 2218 1389 2260; x_wconf 84' lang='lat' dir='ltr'>enim</span> <span class='ocrx_word' id='word_1_192' title='bbox 1414 2216 1529 2260; x_wconf 87' lang='lat' dir='ltr'>solus</span> <span class='ocrx_word' id='word_1_193' title='bbox 1566 2226 1754 2276; x_wconf 89' lang='lat' dir='ltr'>quatuor</span> 
     </span>
     <span class='ocr_line' id='line_1_25' title="bbox 364 2287 1819 2348; baseline -0.002 -13"><span class='ocrx_word' id='word_1_194' title='bbox 364 2288 740 2348; x_wconf 85' lang='lat' dir='ltr'>Evangelistarum</span> <span class='ocrx_word' id='word_1_195' title='bbox 757 2323 767 2342; x_wconf 85' lang='lat'>,</span> <span class='ocrx_word' id='word_1_196' title='bbox 788 2303 877 2332; x_wconf 90' lang='lat' dir='ltr'>non</span> <span class='ocrx_word' id='word_1_197' title='bbox 895 2287 999 2331; x_wconf 86' lang='lat' dir='ltr'>dicit</span> <span class='ocrx_word' id='word_1_198' title='bbox 1022 2303 1044 2331; x_wconf 86' lang='lat' dir='ltr'>a</span> <span class='ocrx_word' id='word_1_199' title='bbox 1062 2287 1316 2331; x_wconf 84' lang='lat' dir='ltr'>mulieribus</span> <span class='ocrx_word' id='word_1_200' title='bbox 1335 2288 1475 2331; x_wconf 80' lang='lat' dir='ltr'>visum</span> <span class='ocrx_word' id='word_1_201' title='bbox 1499 2288 1749 2342; x_wconf 88' lang='lat' dir='ltr'>Dominum,</span> <span class='ocrx_word' id='word_1_202' title='bbox 1818 2335 1819 2339; x_wconf 52' lang='grc'>,</span> 
     </span>
     <span class='ocr_line' id='line_1_26' title="bbox 365 2357 1752 2418; baseline -0.001 -14"><span class='ocrx_word' id='word_1_203' title='bbox 365 2359 440 2405; x_wconf 88' lang='lat' dir='ltr'>sed</span> <span class='ocrx_word' id='word_1_204' title='bbox 462 2357 767 2403; x_wconf 89' lang='lat' dir='ltr'>tantummodo</span> <span class='ocrx_word' id='word_1_205' title='bbox 799 2357 987 2416; x_wconf 82' lang='lat' dir='ltr'>Angelos</span> <span class='ocrx_word' id='word_1_206' title='bbox 1015 2377 1023 2401; x_wconf 93' lang='lat'>:</span> <span class='ocrx_word' id='word_1_207' title='bbox 1060 2358 1292 2401; x_wconf 76' lang='lat' dir='ltr'>Matthaeus</span> <span class='ocrx_word' id='word_1_208' title='bbox 1327 2367 1472 2401; x_wconf 80' lang='lat' dir='ltr'>autem</span> <span class='ocrx_word' id='word_1_209' title='bbox 1495 2357 1600 2402; x_wconf 89' lang='lat' dir='ltr'>dicit</span> <span class='ocrx_word' id='word_1_210' title='bbox 1632 2357 1752 2418; x_wconf 92' lang='lat' dir='ltr'>quod</span> 
     </span>
     <span class='ocr_line' id='line_1_27' title="bbox 363 2428 1751 2489; baseline -0.002 -14"><span class='ocrx_word' id='word_1_211' title='bbox 363 2431 423 2476; x_wconf 92' lang='lat' dir='ltr'>eis</span> <span class='ocrx_word' id='word_1_212' title='bbox 445 2430 677 2475; x_wconf 86' lang='lat' dir='ltr'>occurrerit</span> <span class='ocrx_word' id='word_1_213' title='bbox 700 2428 982 2472; x_wconf 89' lang='lat' dir='ltr'>redeuntibus</span> <span class='ocrx_word' id='word_1_214' title='bbox 999 2444 1021 2472; x_wconf 88' lang='lat' dir='ltr'>a</span> <span class='ocrx_word' id='word_1_215' title='bbox 1039 2438 1324 2473; x_wconf 81' lang='lat' dir='ltr'>monumento</span> <span class='ocrx_word' id='word_1_216' title='bbox 1346 2449 1352 2472; x_wconf 91' lang='lat'><strong>:</strong></span> <span class='ocrx_word' id='word_1_217' title='bbox 1380 2432 1551 2473; x_wconf 86' lang='lat' dir='ltr'>Marcus</span> <span class='ocrx_word' id='word_1_218' title='bbox 1573 2443 1751 2489; x_wconf 88' lang='lat' dir='ltr'>quoque</span> 
     </span>
     <span class='ocr_line' id='line_1_28' title="bbox 363 2499 1750 2559; baseline -0.002 -14"><span class='ocrx_word' id='word_1_219' title='bbox 363 2500 467 2545; x_wconf 89' lang='lat' dir='ltr'>dicit</span> <span class='ocrx_word' id='word_1_220' title='bbox 495 2501 636 2559; x_wconf 90' lang='lat' dir='ltr'>primo</span> <span class='ocrx_word' id='word_1_221' title='bbox 652 2500 794 2544; x_wconf 91' lang='lat' dir='ltr'>visum</span> <span class='ocrx_word' id='word_1_222' title='bbox 816 2514 904 2543; x_wconf 86' lang='lat' dir='ltr'>esse</span> <span class='ocrx_word' id='word_1_223' title='bbox 926 2499 1072 2543; x_wconf 71' lang='lat' dir='ltr'>Mariae</span> <span class='ocrx_word' id='word_1_224' title='bbox 1095 2499 1366 2557; x_wconf 73' lang='lat' dir='ltr'>Magdalcnae</span> <span class='ocrx_word' id='word_1_225' title='bbox 1384 2535 1393 2554; x_wconf 86' lang='lat'>‚</span> <span class='ocrx_word' id='word_1_226' title='bbox 1419 2500 1529 2544; x_wconf 85' lang='lat' dir='ltr'>sicut</span> <span class='ocrx_word' id='word_1_227' title='bbox 1548 2509 1592 2543; x_wconf 90' lang='lat' dir='ltr'>ct</span> <span class='ocrx_word' id='word_1_228' title='bbox 1613 2502 1637 2543; x_wconf 93' lang='lat' dir='ltr'><strong>J</strong></span> <span class='ocrx_word' id='word_1_229' title='bbox 1642 2514 1750 2543; x_wconf 78' lang='lat' dir='ltr'>oan-</span> 
     </span>
    </p>
   </div>
   <div class='ocr_carea' id='block_1_6' title="bbox 368 2596 1747 2690">
    <p class='ocr_par' dir='ltr' id='par_1_6' title="bbox 368 2596 1747 2690">
     <span class='ocr_line' id='line_1_29' title="bbox 411 2596 1747 2637; baseline -0.001 -9"><span class='ocrx_word' id='word_1_230' title='bbox 411 2604 419 2619; x_wconf 93' lang='lat'>¹</span> <span class='ocrx_word' id='word_1_231' title='bbox 441 2596 552 2628; x_wconf 64' lang='lat' dir='ltr'>Manli.</span> <span class='ocrx_word' id='word_1_232' title='bbox 580 2607 695 2637; x_wconf 78' lang='lat' dir='ltr'>xxvm,</span> <span class='ocrx_word' id='word_1_233' title='bbox 724 2599 820 2628; x_wconf 77' lang='lat' dir='ltr'>Marc.</span> <span class='ocrx_word' id='word_1_234' title='bbox 846 2607 912 2637; x_wconf 79' lang='lat' dir='ltr'>xvi,</span> <span class='ocrx_word' id='word_1_235' title='bbox 941 2598 1017 2628; x_wconf 87' lang='lat' dir='ltr'>Luc.</span> <span class='ocrx_word' id='word_1_236' title='bbox 1051 2606 1139 2636; x_wconf 65' lang='lat' dir='ltr'>xxiv,</span> <span class='ocrx_word' id='word_1_237' title='bbox 1169 2599 1202 2627; x_wconf 84' lang='lat' dir='ltr'>et</span> <span class='ocrx_word' id='word_1_238' title='bbox 1232 2598 1378 2628; x_wconf 61' lang='lat' dir='ltr'>Joau.xx</span> <span class='ocrx_word' id='word_1_239' title='bbox 1401 2601 1431 2627; x_wconf 71' lang='lat' dir='ltr'>ct</span> <span class='ocrx_word' id='word_1_240' title='bbox 1453 2607 1515 2627; x_wconf 75' lang='lat' dir='ltr'>xxi.</span> <span class='ocrx_word' id='word_1_241' title='bbox 1538 2613 1578 2618; x_wconf 94' lang='lat'><strong>—</strong></span> <span class='ocrx_word' id='word_1_242' title='bbox 1594 2602 1606 2618; x_wconf 79' lang='lat'>²</span> <span class='ocrx_word' id='word_1_243' title='bbox 1631 2606 1642 2626; x_wconf 89' lang='lat'>1</span> <span class='ocrx_word' id='word_1_244' title='bbox 1675 2597 1747 2627; x_wconf 70' lang='lat' dir='ltr'>(lor.</span> 
     </span>
     <span class='ocr_line' id='line_1_30' title="bbox 368 2652 513 2690; baseline 0 -8"><span class='ocrx_word' id='word_1_245' title='bbox 368 2661 419 2690; x_wconf 84' lang='lat' dir='ltr'>xv,</span> <span class='ocrx_word' id='word_1_246' title='bbox 442 2652 513 2683; x_wconf 83' lang='lat'><strong>3-8.</strong></span> 
     </span>
    </p>
   </div>
   <div class='ocr_carea' id='block_1_7' title="bbox 1816 1628 1819 2319">
    <p class='ocr_par' dir='ltr' id='par_1_7' title="bbox 1816 1628 1819 2319">
     <span class='ocr_line' id='line_1_31' title="bbox 1816 1628 1819 2319; baseline 0 0"><span class='ocrx_word' id='word_1_247' title='bbox 1816 1628 1819 2319; x_wconf 95' lang='lat' dir='ltr'> </span> 
     </span>
    </p>
   </div>
  </div>
 </body>
</html>
