<?xml version="1.0" encoding="UTF-8"?>
<!DOCTYPE html PUBLIC "-//W3C//DTD XHTML 1.0 Transitional//EN"
    "http://www.w3.org/TR/xhtml1/DTD/xhtml1-transitional.dtd">
<html xmlns="http://www.w3.org/1999/xhtml" xml:lang="en" lang="en">
 <head>
  <title>
</title>
<meta http-equiv="Content-Type" content="text/html;charset=utf-8" />
  <meta name='ocr-system' content='tesseract 3.04.00' />
  <meta name='ocr-capabilities' content='ocr_page ocr_carea ocr_par ocr_line ocrx_word'/>
</head>
<body>
  <div class='ocr_page' id='page_1' title='image "./operaomniaaccura14auguuoft_0157.png"; bbox 0 0 1819 3301; ppageno 0'>
   <div class='ocr_carea' id='block_1_1' title="bbox 108 279 1504 2659">
    <p class='ocr_par' dir='ltr' id='par_1_1' title="bbox 108 279 1504 2659">
     <span class='ocr_line' id='line_1_1' title="bbox 393 279 1487 331; baseline 0.003 -11"><span class='ocrx_word' id='word_1_1' title='bbox 393 295 530 322; x_wconf 77' lang='lat' dir='ltr'>sEnMo</span> <span class='ocrx_word' id='word_1_2' title='bbox 563 285 720 322; x_wconf 68' lang='lat' dir='ltr'>nonum</span> <span class='ocrx_word' id='word_1_3' title='bbox 752 297 795 322; x_wconf 66' lang='lat' dir='ltr'>nv</span> <span class='ocrx_word' id='word_1_4' title='bbox 829 296 1003 331; x_wconf 79' lang='lat' dir='ltr'>MONTE,</span> <span class='ocrx_word' id='word_1_5' title='bbox 1041 296 1122 322; x_wconf 76' lang='lat' dir='ltr'>Lm.</span> <span class='ocrx_word' id='word_1_6' title='bbox 1159 296 1188 320; x_wconf 94' lang='lat'>1.</span> <span class='ocrx_word' id='word_1_7' title='bbox 1406 279 1487 323; x_wconf 82' lang='lat'>139</span> 
     </span>
     <span class='ocr_line' id='line_1_2' title="bbox 111 358 1487 419; baseline 0.002 -20"><span class='ocrx_word' id='word_1_8' title='bbox 111 370 132 399; x_wconf 50' lang='lat'>»⁷</span> <span class='ocrx_word' id='word_1_9' title='bbox 166 367 343 417; x_wconf 84' lang='lat' dir='ltr'>propter</span> <span class='ocrx_word' id='word_1_10' title='bbox 359 358 597 418; x_wconf 77' lang='lat' dir='ltr'>justitiam3</span> <span class='ocrx_word' id='word_1_11' title='bbox 622 360 826 419; x_wconf 77' lang='lat' dir='ltr'>quoniam</span> <span class='ocrx_word' id='word_1_12' title='bbox 846 359 1035 418; x_wconf 78' lang='lat' dir='ltr'>ipsorum</span> <span class='ocrx_word' id='word_1_13' title='bbox 1060 366 1123 401; x_wconf 85' lang='lat' dir='ltr'>est</span> <span class='ocrx_word' id='word_1_14' title='bbox 1145 368 1326 415; x_wconf 82' lang='lat' dir='ltr'>regnum</span> <span class='ocrx_word' id='word_1_15' title='bbox 1349 358 1487 402; x_wconf 82' lang='lat' dir='ltr'>coelo-</span> 
     </span>
     <span class='ocr_line' id='line_1_3' title="bbox 111 420 1485 488; baseline 0.001 -19"><span class='ocrx_word' id='word_1_16' title='bbox 111 447 130 469; x_wconf 88' lang='lat'>»</span> <span class='ocrx_word' id='word_1_17' title='bbox 167 444 278 472; x_wconf 89' lang='lat' dir='ltr'>rum.</span> <span class='ocrx_word' id='word_1_18' title='bbox 310 447 328 469; x_wconf 74' lang='lat' dir='ltr'>u</span> <span class='ocrx_word' id='word_1_19' title='bbox 364 428 471 471; x_wconf 87' lang='lat' dir='ltr'>Inde</span> <span class='ocrx_word' id='word_1_20' title='bbox 493 429 581 487; x_wconf 83' lang='lat' dir='ltr'>jam</span> <span class='ocrx_word' id='word_1_21' title='bbox 614 430 766 488; x_wconf 74' lang='lat' dir='ltr'>incipit</span> <span class='ocrx_word' id='word_1_22' title='bbox 787 420 906 488; x_wconf 76' lang='lat' dir='ltr'>loqui</span> <span class='ocrx_word' id='word_1_23' title='bbox 934 437 1168 487; x_wconf 71' lang='lat' dir='ltr'>praesentes</span> <span class='ocrx_word' id='word_1_24' title='bbox 1190 426 1455 485; x_wconf 84' lang='lat' dir='ltr'>compellans</span> <span class='ocrx_word' id='word_1_25' title='bbox 1475 463 1485 483; x_wconf 83' lang='lat'><em>‚</em></span> 
     </span>
     <span class='ocr_line' id='line_1_4' title="bbox 108 497 1489 557; baseline -0.001 -16"><span class='ocrx_word' id='word_1_26' title='bbox 108 513 207 542; x_wconf 80' lang='lat' dir='ltr'>curn</span> <span class='ocrx_word' id='word_1_27' title='bbox 231 508 273 542; x_wconf 90' lang='lat' dir='ltr'>et</span> <span class='ocrx_word' id='word_1_28' title='bbox 294 498 366 542; x_wconf 84' lang='lat' dir='ltr'>illa</span> <span class='ocrx_word' id='word_1_29' title='bbox 389 514 486 557; x_wconf 80' lang='lat' dir='ltr'>quae</span> <span class='ocrx_word' id='word_1_30' title='bbox 508 513 637 557; x_wconf 80' lang='lat' dir='ltr'>supra</span> <span class='ocrx_word' id='word_1_31' title='bbox 660 498 774 542; x_wconf 81' lang='lat' dir='ltr'>dicta</span> <span class='ocrx_word' id='word_1_32' title='bbox 806 508 908 542; x_wconf 89' lang='lat' dir='ltr'>suut</span> <span class='ocrx_word' id='word_1_33' title='bbox 925 534 934 550; x_wconf 83' lang='lat'>‚</span> <span class='ocrx_word' id='word_1_34' title='bbox 970 497 1024 541; x_wconf 84' lang='lat' dir='ltr'>ad</span> <span class='ocrx_word' id='word_1_35' title='bbox 1055 514 1126 541; x_wconf 83' lang='lat' dir='ltr'>eos</span> <span class='ocrx_word' id='word_1_36' title='bbox 1144 498 1269 540; x_wconf 81' lang='lat' dir='ltr'>etiam</span> <span class='ocrx_word' id='word_1_37' title='bbox 1298 498 1489 556; x_wconf 86' lang='lat' dir='ltr'>pertine-</span> 
     </span>
     <span class='ocr_line' id='line_1_5' title="bbox 108 563 1491 627; baseline -0.001 -16"><span class='ocrx_word' id='word_1_38' title='bbox 108 578 225 622; x_wconf 80' lang='lat' dir='ltr'>rent,</span> <span class='ocrx_word' id='word_1_39' title='bbox 244 569 317 627; x_wconf 80' lang='lat' dir='ltr'>qui</span> <span class='ocrx_word' id='word_1_40' title='bbox 337 578 565 626; x_wconf 79' lang='lat' dir='ltr'>praesentes</span> <span class='ocrx_word' id='word_1_41' title='bbox 588 568 822 611; x_wconf 72' lang='lat' dir='ltr'>audiebant</span> <span class='ocrx_word' id='word_1_42' title='bbox 841 589 850 624; x_wconf 73' lang='lat'>3</span> <span class='ocrx_word' id='word_1_43' title='bbox 875 577 918 612; x_wconf 89' lang='lat' dir='ltr'>et</span> <span class='ocrx_word' id='word_1_44' title='bbox 939 569 1031 611; x_wconf 82' lang='lat' dir='ltr'>haec</span> <span class='ocrx_word' id='word_1_45' title='bbox 1053 577 1200 626; x_wconf 88' lang='lat' dir='ltr'>postea</span> <span class='ocrx_word' id='word_1_46' title='bbox 1219 583 1316 627; x_wconf 76' lang='lat' dir='ltr'>quae</span> <span class='ocrx_word' id='word_1_47' title='bbox 1339 563 1491 610; x_wconf 91' lang='lat' dir='ltr'>viden-</span> 
     </span>
     <span class='ocr_line' id='line_1_6' title="bbox 108 635 1492 696; baseline 0 -15"><span class='ocrx_word' id='word_1_48' title='bbox 108 647 180 682; x_wconf 89' lang='lat' dir='ltr'>tur</span> <span class='ocrx_word' id='word_1_49' title='bbox 202 638 487 696; x_wconf 80' lang='lat' dir='ltr'>praesentibus</span> <span class='ocrx_word' id='word_1_50' title='bbox 508 637 745 695; x_wconf 75' lang='lat' dir='ltr'>specialiter</span> <span class='ocrx_word' id='word_1_51' title='bbox 767 637 850 681; x_wconf 89' lang='lat' dir='ltr'>diei</span> <span class='ocrx_word' id='word_1_52' title='bbox 871 673 881 691; x_wconf 82' lang='lat'>,</span> <span class='ocrx_word' id='word_1_53' title='bbox 908 638 1152 696; x_wconf 80' lang='lat' dir='ltr'>pertineant</span> <span class='ocrx_word' id='word_1_54' title='bbox 1174 637 1299 680; x_wconf 87' lang='lat' dir='ltr'>etiam</span> <span class='ocrx_word' id='word_1_55' title='bbox 1320 635 1372 680; x_wconf 84' lang='lat' dir='ltr'>ad</span> <span class='ocrx_word' id='word_1_56' title='bbox 1395 636 1492 681; x_wconf 88' lang='lat' dir='ltr'>illos</span> 
     </span>
     <span class='ocr_line' id='line_1_7' title="bbox 110 707 1491 767; baseline 0 -17"><span class='ocrx_word' id='word_1_57' title='bbox 110 708 185 767; x_wconf 86' lang='lat' dir='ltr'>qui</span> <span class='ocrx_word' id='word_1_58' title='bbox 218 708 413 751; x_wconf 76' lang='lat' dir='ltr'>absentes</span> <span class='ocrx_word' id='word_1_59' title='bbox 439 707 509 751; x_wconf 88' lang='lat' dir='ltr'>vel</span> <span class='ocrx_word' id='word_1_60' title='bbox 539 718 636 767; x_wconf 85' lang='lat' dir='ltr'>post</span> <span class='ocrx_word' id='word_1_61' title='bbox 665 707 801 751; x_wconf 82' lang='lat' dir='ltr'>futuri</span> <span class='ocrx_word' id='word_1_62' title='bbox 824 717 960 751; x_wconf 88' lang='lat' dir='ltr'>erant.</span> <span class='ocrx_word' id='word_1_63' title='bbox 997 711 1271 766; x_wconf 68' lang='lat' dir='ltr'>Quapropter</span> <span class='ocrx_word' id='word_1_64' title='bbox 1294 707 1374 750; x_wconf 87' lang='lat' dir='ltr'>iste</span> <span class='ocrx_word' id='word_1_65' title='bbox 1396 723 1491 750; x_wconf 83' lang='lat' dir='ltr'>sen—</span> 
     </span>
     <span class='ocr_line' id='line_1_8' title="bbox 109 774 1494 837; baseline -0.001 -15"><span class='ocrx_word' id='word_1_66' title='bbox 109 779 340 822; x_wconf 84' lang='lat' dir='ltr'>tentiarum</span> <span class='ocrx_word' id='word_1_67' title='bbox 364 793 570 822; x_wconf 87' lang='lat' dir='ltr'>numerus</span> <span class='ocrx_word' id='word_1_68' title='bbox 596 779 824 837; x_wconf 79' lang='lat' dir='ltr'>diligenter</span> <span class='ocrx_word' id='word_1_69' title='bbox 857 775 1194 822; x_wconf 81' lang='lat' dir='ltr'>considerandus</span> <span class='ocrx_word' id='word_1_70' title='bbox 1220 789 1296 822; x_wconf 84' lang='lat' dir='ltr'>est.</span> <span class='ocrx_word' id='word_1_71' title='bbox 1336 774 1494 837; x_wconf 74' lang='lat' dir='ltr'>Incipit</span> 
     </span>
     <span class='ocr_line' id='line_1_9' title="bbox 109 845 1489 907; baseline -0.001 -16"><span class='ocrx_word' id='word_1_72' title='bbox 109 849 224 892; x_wconf 80' lang='lat' dir='ltr'>enirn</span> <span class='ocrx_word' id='word_1_73' title='bbox 246 845 469 892; x_wconf 78' lang='lat' dir='ltr'>beatitudo</span> <span class='ocrx_word' id='word_1_74' title='bbox 490 850 544 892; x_wconf 84' lang='lat' dir='ltr'>ab</span> <span class='ocrx_word' id='word_1_75' title='bbox 567 848 811 893; x_wconf 86' lang='lat' dir='ltr'>humilitate</span> <span class='ocrx_word' id='word_1_76' title='bbox 834 869 841 893; x_wconf 92' lang='lat'><strong>:</strong></span> <span class='ocrx_word' id='word_1_77' title='bbox 867 868 885 890; x_wconf 90' lang='lat'>«</span> <span class='ocrx_word' id='word_1_78' title='bbox 911 849 1027 892; x_wconf 81' lang='lat' dir='ltr'>Beati</span> <span class='ocrx_word' id='word_1_79' title='bbox 1052 864 1260 907; x_wconf 79' lang='lat' dir='ltr'>pauperes</span> <span class='ocrx_word' id='word_1_80' title='bbox 1283 850 1450 907; x_wconf 72' lang='lat' dir='ltr'>spiritu,</span> <span class='ocrx_word' id='word_1_81' title='bbox 1469 867 1489 889; x_wconf 72' lang='lat' dir='ltr'>n</span> 
     </span>
     <span class='ocr_line' id='line_1_10' title="bbox 109 917 1496 977; baseline 0 -16"><span class='ocrx_word' id='word_1_82' title='bbox 109 917 162 977; x_wconf 25' lang='lat' dir='ltr'>id*</span> <span class='ocrx_word' id='word_1_83' title='bbox 182 928 270 972; x_wconf 79' lang='lat' dir='ltr'>est,</span> <span class='ocrx_word' id='word_1_84' title='bbox 297 935 385 962; x_wconf 92' lang='lat' dir='ltr'>non</span> <span class='ocrx_word' id='word_1_85' title='bbox 406 919 568 974; x_wconf 77' lang='lat' dir='ltr'>inflati,</span> <span class='ocrx_word' id='word_1_86' title='bbox 596 919 699 963; x_wconf 88' lang='lat' dir='ltr'>dum</span> <span class='ocrx_word' id='word_1_87' title='bbox 723 936 766 963; x_wconf 87' lang='lat' dir='ltr'>se</span> <span class='ocrx_word' id='word_1_88' title='bbox 789 919 946 962; x_wconf 78' lang='lat' dir='ltr'>divinae</span> <span class='ocrx_word' id='word_1_89' title='bbox 965 919 1209 962; x_wconf 74' lang='lat' dir='ltr'>auctoritati</span> <span class='ocrx_word' id='word_1_90' title='bbox 1233 918 1380 962; x_wconf 82' lang='lat' dir='ltr'>subdit</span> <span class='ocrx_word' id='word_1_91' title='bbox 1403 919 1496 962; x_wconf 50' lang='lat' dir='ltr'>anim</span> 
     </span>
     <span class='ocr_line' id='line_1_11' title="bbox 111 988 1494 1048; baseline -0.001 -16"><span class='ocrx_word' id='word_1_92' title='bbox 111 1001 176 1032; x_wconf 85' lang='lat' dir='ltr'>ma</span> <span class='ocrx_word' id='word_1_93' title='bbox 196 1024 206 1042; x_wconf 85' lang='lat'>‚</span> <span class='ocrx_word' id='word_1_94' title='bbox 243 990 396 1033; x_wconf 81' lang='lat' dir='ltr'>timens</span> <span class='ocrx_word' id='word_1_95' title='bbox 420 988 513 1048; x_wconf 83' lang='lat' dir='ltr'>post</span> <span class='ocrx_word' id='word_1_96' title='bbox 537 991 648 1034; x_wconf 86' lang='lat' dir='ltr'>hanc</span> <span class='ocrx_word' id='word_1_97' title='bbox 676 990 807 1034; x_wconf 86' lang='lat' dir='ltr'>vitam</span> <span class='ocrx_word' id='word_1_98' title='bbox 830 1005 885 1032; x_wconf 91' lang='lat' dir='ltr'>ne</span> <span class='ocrx_word' id='word_1_99' title='bbox 914 999 1065 1048; x_wconf 77' lang='lat' dir='ltr'>pergat</span> <span class='ocrx_word' id='word_1_100' title='bbox 1088 988 1140 1032; x_wconf 90' lang='lat' dir='ltr'>ad</span> <span class='ocrx_word' id='word_1_101' title='bbox 1164 1005 1338 1048; x_wconf 73' lang='lat' dir='ltr'>poenas,</span> <span class='ocrx_word' id='word_1_102' title='bbox 1364 990 1494 1032; x_wconf 86' lang='lat' dir='ltr'>etiam</span> 
     </span>
     <span class='ocr_line' id='line_1_12' title="bbox 111 1058 1495 1104; baseline -0.001 -2"><span class='ocrx_word' id='word_1_103' title='bbox 111 1060 144 1102; x_wconf 91' lang='lat' dir='ltr'>si</span> <span class='ocrx_word' id='word_1_104' title='bbox 166 1058 278 1102; x_wconf 88' lang='lat' dir='ltr'>forte</span> <span class='ocrx_word' id='word_1_105' title='bbox 298 1060 343 1102; x_wconf 87' lang='lat' dir='ltr'>in</span> <span class='ocrx_word' id='word_1_106' title='bbox 367 1058 446 1103; x_wconf 85' lang='lat' dir='ltr'>hac</span> <span class='ocrx_word' id='word_1_107' title='bbox 469 1060 551 1104; x_wconf 85' lang='lat' dir='ltr'>vita</span> <span class='ocrx_word' id='word_1_108' title='bbox 576 1060 657 1103; x_wconf 88' lang='lat' dir='ltr'>sibi</span> <span class='ocrx_word' id='word_1_109' title='bbox 680 1060 805 1103; x_wconf 83' lang='lat' dir='ltr'>beata</span> <span class='ocrx_word' id='word_1_110' title='bbox 825 1075 913 1103; x_wconf 85' lang='lat' dir='ltr'>esse</span> <span class='ocrx_word' id='word_1_111' title='bbox 935 1059 1148 1102; x_wconf 80' lang='lat' dir='ltr'>videatur.</span> <span class='ocrx_word' id='word_1_112' title='bbox 1171 1059 1278 1102; x_wconf 86' lang='lat' dir='ltr'>lnde</span> <span class='ocrx_word' id='word_1_113' title='bbox 1300 1060 1419 1102; x_wconf 89' lang='lat' dir='ltr'>venit</span> <span class='ocrx_word' id='word_1_114' title='bbox 1440 1058 1495 1102; x_wconf 79' lang='lat' dir='ltr'>ad</span> 
     </span>
     <span class='ocr_line' id='line_1_13' title="bbox 111 1128 1496 1188; baseline -0.001 -16"><span class='ocrx_word' id='word_1_115' title='bbox 111 1128 355 1183; x_wconf 86' lang='lat' dir='ltr'>divinarum</span> <span class='ocrx_word' id='word_1_116' title='bbox 377 1131 696 1188; x_wconf 84' lang='lat' dir='ltr'>Scripturarum</span> <span class='ocrx_word' id='word_1_117' title='bbox 716 1130 1005 1186; x_wconf 82' lang='lat' dir='ltr'>cognitionem</span> <span class='ocrx_word' id='word_1_118' title='bbox 1024 1165 1034 1183; x_wconf 61' lang='lat'><em>7</em></span> <span class='ocrx_word' id='word_1_119' title='bbox 1056 1129 1132 1172; x_wconf 86' lang='lat' dir='ltr'>ubi</span> <span class='ocrx_word' id='word_1_120' title='bbox 1149 1138 1320 1187; x_wconf 85' lang='lat' dir='ltr'>oportet</span> <span class='ocrx_word' id='word_1_121' title='bbox 1337 1144 1430 1171; x_wconf 84' lang='lat' dir='ltr'>earn</span> <span class='ocrx_word' id='word_1_122' title='bbox 1453 1144 1496 1172; x_wconf 87' lang='lat' dir='ltr'>se</span> 
     </span>
     <span class='ocr_line' id='line_1_14' title="bbox 112 1199 1497 1259; baseline 0 -17"><span class='ocrx_word' id='word_1_123' title='bbox 112 1200 257 1242; x_wconf 85' lang='lat' dir='ltr'>mitem</span> <span class='ocrx_word' id='word_1_124' title='bbox 280 1199 471 1257; x_wconf 79' lang='lat' dir='ltr'>praebere</span> <span class='ocrx_word' id='word_1_125' title='bbox 494 1200 673 1257; x_wconf 68' lang='lat' dir='ltr'>pietate,</span> <span class='ocrx_word' id='word_1_126' title='bbox 701 1215 755 1242; x_wconf 93' lang='lat' dir='ltr'>ne</span> <span class='ocrx_word' id='word_1_127' title='bbox 784 1199 825 1242; x_wconf 89' lang='lat' dir='ltr'>id</span> <span class='ocrx_word' id='word_1_128' title='bbox 849 1199 968 1259; x_wconf 84' lang='lat' dir='ltr'>quod</span> <span class='ocrx_word' id='word_1_129' title='bbox 991 1199 1199 1258; x_wconf 84' lang='lat' dir='ltr'>imperitis</span> <span class='ocrx_word' id='word_1_130' title='bbox 1219 1199 1394 1242; x_wconf 80' lang='lat' dir='ltr'>videtur</span> <span class='ocrx_word' id='word_1_131' title='bbox 1416 1199 1497 1242; x_wconf 85' lang='lat' dir='ltr'>ab-</span> 
     </span>
     <span class='ocr_line' id='line_1_15' title="bbox 112 1269 1497 1328; baseline 0 -17"><span class='ocrx_word' id='word_1_132' title='bbox 112 1269 292 1312; x_wconf 86' lang='lat' dir='ltr'>surdum</span> <span class='ocrx_word' id='word_1_133' title='bbox 318 1269 561 1327; x_wconf 87' lang='lat' dir='ltr'>vituperare</span> <span class='ocrx_word' id='word_1_134' title='bbox 590 1269 774 1322; x_wconf 71' lang='lat' dir='ltr'>audeat,</span> <span class='ocrx_word' id='word_1_135' title='bbox 806 1279 847 1312; x_wconf 90' lang='lat' dir='ltr'>et</span> <span class='ocrx_word' id='word_1_136' title='bbox 881 1269 1176 1328; x_wconf 74' lang='lat' dir='ltr'>pervicacibus</span> <span class='ocrx_word' id='word_1_137' title='bbox 1208 1269 1497 1312; x_wconf 84' lang='lat' dir='ltr'>concertatio-</span> 
     </span>
     <span class='ocr_line' id='line_1_16' title="bbox 113 1338 1497 1398; baseline 0 -17"><span class='ocrx_word' id='word_1_138' title='bbox 113 1338 240 1381; x_wconf 83' lang='lat' dir='ltr'>nibus</span> <span class='ocrx_word' id='word_1_139' title='bbox 277 1339 490 1382; x_wconf 76' lang='lat' dir='ltr'>essiciatu&#39;r</span> <span class='ocrx_word' id='word_1_140' title='bbox 513 1338 724 1383; x_wconf 71' lang='lat' dir='ltr'>indocilis,</span> <span class='ocrx_word' id='word_1_141' title='bbox 752 1340 858 1382; x_wconf 86' lang='lat' dir='ltr'>Inde</span> <span class='ocrx_word' id='word_1_142' title='bbox 887 1340 975 1398; x_wconf 85' lang='lat' dir='ltr'>jam</span> <span class='ocrx_word' id='word_1_143' title='bbox 1008 1339 1158 1397; x_wconf 80' lang='lat' dir='ltr'>incipit,</span> <span class='ocrx_word' id='word_1_144' title='bbox 1181 1339 1310 1390; x_wconf 78' lang='lat' dir='ltr'>scire,</span> <span class='ocrx_word' id='word_1_145' title='bbox 1339 1339 1497 1397; x_wconf 84' lang='lat' dir='ltr'>quibus</span> 
     </span>
     <span class='ocr_line' id='line_1_17' title="bbox 114 1407 1499 1468; baseline 0.001 -18"><span class='ocrx_word' id='word_1_146' title='bbox 114 1408 238 1451; x_wconf 86' lang='lat' dir='ltr'>nodis</span> <span class='ocrx_word' id='word_1_147' title='bbox 259 1407 404 1451; x_wconf 81' lang='lat' dir='ltr'>saeculi</span> <span class='ocrx_word' id='word_1_148' title='bbox 430 1409 557 1468; x_wconf 83' lang='lat' dir='ltr'>hujus</span> <span class='ocrx_word' id='word_1_149' title='bbox 588 1425 663 1467; x_wconf 84' lang='lat' dir='ltr'>per</span> <span class='ocrx_word' id='word_1_150' title='bbox 686 1408 899 1452; x_wconf 81' lang='lat' dir='ltr'>carnalem</span> <span class='ocrx_word' id='word_1_151' title='bbox 935 1410 1295 1452; x_wconf 86' lang='lat' dir='ltr'>consuetudinem</span> <span class='ocrx_word' id='word_1_152' title='bbox 1320 1424 1367 1452; x_wconf 89' lang='lat' dir='ltr'>ac</span> <span class='ocrx_word' id='word_1_153' title='bbox 1408 1424 1499 1467; x_wconf 80' lang='lat' dir='ltr'>pec-</span> 
     </span>
     <span class='ocr_line' id='line_1_18' title="bbox 113 1479 1499 1538; baseline 0.001 -17"><span class='ocrx_word' id='word_1_154' title='bbox 113 1488 206 1522; x_wconf 82' lang='lat' dir='ltr'>cata</span> <span class='ocrx_word' id='word_1_155' title='bbox 226 1488 423 1521; x_wconf 86' lang='lat' dir='ltr'>teneatur</span> <span class='ocrx_word' id='word_1_156' title='bbox 445 1499 452 1522; x_wconf 88' lang='lat'>:</span> <span class='ocrx_word' id='word_1_157' title='bbox 481 1480 628 1538; x_wconf 81' lang='lat' dir='ltr'>itaque</span> <span class='ocrx_word' id='word_1_158' title='bbox 650 1480 692 1522; x_wconf 88' lang='lat' dir='ltr'>in</span> <span class='ocrx_word' id='word_1_159' title='bbox 719 1481 800 1523; x_wconf 84' lang='lat' dir='ltr'>hoc</span> <span class='ocrx_word' id='word_1_160' title='bbox 824 1480 952 1523; x_wconf 82' lang='lat' dir='ltr'>tertio</span> <span class='ocrx_word' id='word_1_161' title='bbox 974 1479 1124 1536; x_wconf 74' lang='lat' dir='ltr'>gradu,</span> <span class='ocrx_word' id='word_1_162' title='bbox 1151 1481 1195 1522; x_wconf 86' lang='lat' dir='ltr'>in</span> <span class='ocrx_word' id='word_1_163' title='bbox 1218 1495 1306 1538; x_wconf 76' lang='lat' dir='ltr'>quo</span> <span class='ocrx_word' id='word_1_164' title='bbox 1324 1480 1499 1523; x_wconf 84' lang='lat' dir='ltr'>scientia</span> 
     </span>
     <span class='ocr_line' id='line_1_19' title="bbox 113 1548 1502 1608; baseline 0.001 -17"><span class='ocrx_word' id='word_1_165' title='bbox 113 1558 196 1602; x_wconf 80' lang='lat' dir='ltr'>est,</span> <span class='ocrx_word' id='word_1_166' title='bbox 223 1548 399 1606; x_wconf 81' lang='lat' dir='ltr'>lugetur</span> <span class='ocrx_word' id='word_1_167' title='bbox 421 1549 592 1592; x_wconf 87' lang='lat' dir='ltr'>amissio</span> <span class='ocrx_word' id='word_1_168' title='bbox 624 1550 779 1592; x_wconf 82' lang='lat' dir='ltr'>summi</span> <span class='ocrx_word' id='word_1_169' title='bbox 805 1550 909 1593; x_wconf 83' lang='lat' dir='ltr'>boni</span> <span class='ocrx_word' id='word_1_170' title='bbox 930 1585 940 1603; x_wconf 84' lang='lat'>‚</span> <span class='ocrx_word' id='word_1_171' title='bbox 967 1550 1068 1608; x_wconf 79' lang='lat' dir='ltr'>quia</span> <span class='ocrx_word' id='word_1_172' title='bbox 1105 1550 1343 1593; x_wconf 65' lang='lat' dir='ltr'>inhaeretur</span> <span class='ocrx_word' id='word_1_173' title='bbox 1364 1559 1502 1592; x_wconf 77' lang='lat' dir='ltr'>extre-</span> 
     </span>
     <span class='ocr_line' id='line_1_20' title="bbox 114 1618 1501 1677; baseline 0.001 -17"><span class='ocrx_word' id='word_1_174' title='bbox 114 1618 208 1661; x_wconf 86' lang='lat' dir='ltr'>mis.</span> <span class='ocrx_word' id='word_1_175' title='bbox 239 1622 288 1661; x_wconf 90' lang='lat' dir='ltr'>ln</span> <span class='ocrx_word' id='word_1_176' title='bbox 327 1628 483 1677; x_wconf 78' lang='lat' dir='ltr'>quarto</span> <span class='ocrx_word' id='word_1_177' title='bbox 504 1629 646 1662; x_wconf 78' lang='lat' dir='ltr'>auten]</span> <span class='ocrx_word' id='word_1_178' title='bbox 674 1619 811 1677; x_wconf 77' lang='lat' dir='ltr'>gradu</span> <span class='ocrx_word' id='word_1_179' title='bbox 835 1619 958 1662; x_wconf 85' lang='lat' dir='ltr'>labor</span> <span class='ocrx_word' id='word_1_180' title='bbox 992 1629 1083 1672; x_wconf 81' lang='lat' dir='ltr'>est,</span> <span class='ocrx_word' id='word_1_181' title='bbox 1125 1620 1200 1662; x_wconf 89' lang='lat' dir='ltr'>ubi</span> <span class='ocrx_word' id='word_1_182' title='bbox 1222 1620 1501 1662; x_wconf 68' lang='lat' dir='ltr'>vehementer</span> 
     </span>
     <span class='ocr_line' id='line_1_21' title="bbox 113 1688 1501 1748; baseline 0.001 -17"><span class='ocrx_word' id='word_1_183' title='bbox 113 1689 385 1732; x_wconf 85' lang='lat' dir='ltr'>incumbitur</span> <span class='ocrx_word' id='word_1_184' title='bbox 406 1699 454 1732; x_wconf 91' lang='lat' dir='ltr'>ut</span> <span class='ocrx_word' id='word_1_185' title='bbox 471 1705 560 1732; x_wconf 89' lang='lat' dir='ltr'>sese</span> <span class='ocrx_word' id='word_1_186' title='bbox 578 1691 746 1732; x_wconf 82' lang='lat' dir='ltr'>animus</span> <span class='ocrx_word' id='word_1_187' title='bbox 768 1688 925 1733; x_wconf 79' lang='lat' dir='ltr'>avellat</span> <span class='ocrx_word' id='word_1_188' title='bbox 949 1690 1003 1731; x_wconf 85' lang='lat' dir='ltr'>ab</span> <span class='ocrx_word' id='word_1_189' title='bbox 1021 1690 1094 1743; x_wconf 82' lang='lat' dir='ltr'>eis,</span> <span class='ocrx_word' id='word_1_190' title='bbox 1117 1690 1276 1748; x_wconf 80' lang='lat' dir='ltr'>quibus</span> <span class='ocrx_word' id='word_1_191' title='bbox 1299 1690 1501 1748; x_wconf 82' lang='lat' dir='ltr'>pestifera</span> 
     </span>
     <span class='ocr_line' id='line_1_22' title="bbox 115 1758 1497 1819; baseline 0 -17"><span class='ocrx_word' id='word_1_192' title='bbox 115 1758 538 1802; x_wconf 76' lang='lat' dir='ltr'>dulcedineinnexus</span> <span class='ocrx_word' id='word_1_193' title='bbox 560 1770 648 1803; x_wconf 89' lang='lat' dir='ltr'>est:</span> <span class='ocrx_word' id='word_1_194' title='bbox 667 1760 736 1802; x_wconf 79' lang='lat' dir='ltr'>hic</span> <span class='ocrx_word' id='word_1_195' title='bbox 765 1775 868 1817; x_wconf 79' lang='lat' dir='ltr'>ergo</span> <span class='ocrx_word' id='word_1_196' title='bbox 890 1759 1077 1802; x_wconf 83' lang='lat' dir='ltr'>esuritur</span> <span class='ocrx_word' id='word_1_197' title='bbox 1099 1770 1140 1802; x_wconf 86' lang='lat' dir='ltr'>et</span> <span class='ocrx_word' id='word_1_198' title='bbox 1156 1760 1300 1802; x_wconf 83' lang='lat' dir='ltr'>sititur</span> <span class='ocrx_word' id='word_1_199' title='bbox 1316 1760 1497 1819; x_wconf 82' lang='lat' dir='ltr'>justitia,</span> 
     </span>
     <span class='ocr_line' id='line_1_23' title="bbox 114 1828 1501 1889; baseline 0.001 -17"><span class='ocrx_word' id='word_1_200' title='bbox 114 1839 157 1873; x_wconf 93' lang='lat' dir='ltr'>et</span> <span class='ocrx_word' id='word_1_201' title='bbox 178 1829 366 1872; x_wconf 87' lang='lat' dir='ltr'>multum</span> <span class='ocrx_word' id='word_1_202' title='bbox 389 1829 624 1873; x_wconf 82' lang='lat' dir='ltr'>necessaria</span> <span class='ocrx_word' id='word_1_203' title='bbox 647 1840 710 1873; x_wconf 84' lang='lat' dir='ltr'>est</span> <span class='ocrx_word' id='word_1_204' title='bbox 733 1828 946 1873; x_wconf 76' lang='lat' dir='ltr'>fertitudo</span> <span class='ocrx_word' id='word_1_205' title='bbox 966 1850 976 1885; x_wconf 79' lang='lat'>3</span> <span class='ocrx_word' id='word_1_206' title='bbox 1003 1830 1104 1889; x_wconf 73' lang='lat' dir='ltr'>quia</span> <span class='ocrx_word' id='word_1_207' title='bbox 1130 1845 1215 1873; x_wconf 87' lang='lat' dir='ltr'>non</span> <span class='ocrx_word' id='word_1_208' title='bbox 1240 1829 1501 1889; x_wconf 77' lang='lat' dir='ltr'>relinquitur</span> 
     </span>
     <span class='ocr_line' id='line_1_24' title="bbox 114 1898 1501 1959; baseline 0 -16"><span class='ocrx_word' id='word_1_209' title='bbox 114 1899 205 1943; x_wconf 87' lang='lat' dir='ltr'>Sine</span> <span class='ocrx_word' id='word_1_210' title='bbox 250 1899 401 1943; x_wconf 84' lang='lat' dir='ltr'>dolore</span> <span class='ocrx_word' id='word_1_211' title='bbox 445 1898 565 1959; x_wconf 88' lang='lat' dir='ltr'>quod</span> <span class='ocrx_word' id='word_1_212' title='bbox 607 1915 703 1943; x_wconf 87' lang='lat' dir='ltr'>cum</span> <span class='ocrx_word' id='word_1_213' title='bbox 747 1898 1036 1942; x_wconf 83' lang='lat' dir='ltr'>delectatione</span> <span class='ocrx_word' id='word_1_214' title='bbox 1082 1900 1305 1942; x_wconf 81' lang='lat' dir='ltr'>retinetur.</span> <span class='ocrx_word' id='word_1_215' title='bbox 1338 1901 1501 1952; x_wconf 87' lang='lat' dir='ltr'>Quinto</span> 
     </span>
     <span class='ocr_line' id='line_1_25' title="bbox 117 1968 1501 2028; baseline 0 -16"><span class='ocrx_word' id='word_1_216' title='bbox 117 1977 262 2012; x_wconf 84' lang='lat' dir='ltr'>autem</span> <span class='ocrx_word' id='word_1_217' title='bbox 298 1969 434 2026; x_wconf 81' lang='lat' dir='ltr'>gradu</span> <span class='ocrx_word' id='word_1_218' title='bbox 468 1969 841 2028; x_wconf 80' lang='lat' dir='ltr'>perseverantibus</span> <span class='ocrx_word' id='word_1_219' title='bbox 875 1970 918 2011; x_wconf 86' lang='lat' dir='ltr'>in</span> <span class='ocrx_word' id='word_1_220' title='bbox 944 1968 1092 2012; x_wconf 82' lang='lat' dir='ltr'>labore</span> <span class='ocrx_word' id='word_1_221' title='bbox 1123 1968 1252 2012; x_wconf 83' lang='lat' dir='ltr'>datur</span> <span class='ocrx_word' id='word_1_222' title='bbox 1290 1969 1501 2013; x_wconf 80' lang='lat' dir='ltr'>evadendi</span> 
     </span>
     <span class='ocr_line' id='line_1_26' title="bbox 116 2037 1502 2098; baseline 0.001 -15"><span class='ocrx_word' id='word_1_223' title='bbox 116 2037 342 2083; x_wconf 87' lang='lat' dir='ltr'>consilium</span> <span class='ocrx_word' id='word_1_224' title='bbox 362 2061 372 2096; x_wconf 74' lang='lat'>3</span> <span class='ocrx_word' id='word_1_225' title='bbox 397 2040 498 2098; x_wconf 82' lang='lat' dir='ltr'>quia</span> <span class='ocrx_word' id='word_1_226' title='bbox 518 2040 597 2082; x_wconf 89' lang='lat' dir='ltr'>nisi</span> <span class='ocrx_word' id='word_1_227' title='bbox 617 2039 802 2098; x_wconf 81' lang='lat' dir='ltr'>quisque</span> <span class='ocrx_word' id='word_1_228' title='bbox 823 2037 888 2098; x_wconf 82' lang='lat' dir='ltr'>adj</span> <span class='ocrx_word' id='word_1_229' title='bbox 898 2048 1050 2081; x_wconf 82' lang='lat' dir='ltr'>uvetur</span> <span class='ocrx_word' id='word_1_230' title='bbox 1075 2056 1101 2083; x_wconf 84' lang='lat' dir='ltr'>a</span> <span class='ocrx_word' id='word_1_231' title='bbox 1122 2040 1355 2097; x_wconf 77' lang='lat' dir='ltr'>superiore,</span> <span class='ocrx_word' id='word_1_232' title='bbox 1381 2039 1502 2084; x_wconf 89' lang='lat' dir='ltr'>nullo</span> 
     </span>
     <span class='ocr_line' id='line_1_27' title="bbox 117 2102 1502 2167; baseline -0.001 -15"><span class='ocrx_word' id='word_1_233' title='bbox 117 2102 248 2152; x_wconf 86' lang='lat' dir='ltr'>modo</span> <span class='ocrx_word' id='word_1_234' title='bbox 274 2108 355 2150; x_wconf 80' lang='lat' dir='ltr'>sibi</span> <span class='ocrx_word' id='word_1_235' title='bbox 380 2119 443 2151; x_wconf 88' lang='lat' dir='ltr'>est</span> <span class='ocrx_word' id='word_1_236' title='bbox 470 2108 651 2152; x_wconf 88' lang='lat' dir='ltr'>idoneus</span> <span class='ocrx_word' id='word_1_237' title='bbox 675 2118 723 2151; x_wconf 91' lang='lat' dir='ltr'>ut</span> <span class='ocrx_word' id='word_1_238' title='bbox 747 2124 835 2151; x_wconf 66' lang='lat' dir='ltr'>sese</span> <span class='ocrx_word' id='word_1_239' title='bbox 857 2109 983 2151; x_wconf 85' lang='lat' dir='ltr'>tantis</span> <span class='ocrx_word' id='word_1_240' title='bbox 1007 2109 1275 2151; x_wconf 85' lang='lat' dir='ltr'>miseriarum</span> <span class='ocrx_word' id='word_1_241' title='bbox 1303 2109 1502 2167; x_wconf 83' lang='lat' dir='ltr'>implica-</span> 
     </span>
     <span class='ocr_line' id='line_1_28' title="bbox 118 2178 1503 2238; baseline 0.001 -18"><span class='ocrx_word' id='word_1_242' title='bbox 118 2179 272 2221; x_wconf 88' lang='lat' dir='ltr'>mentis</span> <span class='ocrx_word' id='word_1_243' title='bbox 294 2178 492 2235; x_wconf 84' lang='lat' dir='ltr'>expediat</span> <span class='ocrx_word' id='word_1_244' title='bbox 514 2198 522 2221; x_wconf 89' lang='grc'>;</span> <span class='ocrx_word' id='word_1_245' title='bbox 544 2191 607 2222; x_wconf 82' lang='lat' dir='ltr'>est</span> <span class='ocrx_word' id='word_1_246' title='bbox 628 2187 770 2221; x_wconf 86' lang='lat' dir='ltr'>autem</span> <span class='ocrx_word' id='word_1_247' title='bbox 787 2179 953 2237; x_wconf 81' lang='lat' dir='ltr'>justum</span> <span class='ocrx_word' id='word_1_248' title='bbox 978 2179 1227 2232; x_wconf 78' lang='lat' dir='ltr'>consilium,</span> <span class='ocrx_word' id='word_1_249' title='bbox 1254 2189 1301 2221; x_wconf 86' lang='lat' dir='ltr'>ut</span> <span class='ocrx_word' id='word_1_250' title='bbox 1320 2179 1393 2238; x_wconf 85' lang='lat' dir='ltr'>qui</span> <span class='ocrx_word' id='word_1_251' title='bbox 1416 2195 1459 2222; x_wconf 88' lang='lat' dir='ltr'>se</span> <span class='ocrx_word' id='word_1_252' title='bbox 1480 2195 1503 2222; x_wconf 83' lang='lat' dir='ltr'>a</span> 
     </span>
     <span class='ocr_line' id='line_1_29' title="bbox 119 2246 1504 2308; baseline 0.001 -18"><span class='ocrx_word' id='word_1_253' title='bbox 119 2247 363 2306; x_wconf 84' lang='lat' dir='ltr'>potentiore</span> <span class='ocrx_word' id='word_1_254' title='bbox 391 2246 584 2306; x_wconf 81' lang='lat' dir='ltr'>adjuvari</span> <span class='ocrx_word' id='word_1_255' title='bbox 614 2247 731 2300; x_wconf 82' lang='lat' dir='ltr'>vult,</span> <span class='ocrx_word' id='word_1_256' title='bbox 757 2246 932 2308; x_wconf 77' lang='lat' dir='ltr'>adjuvet</span> <span class='ocrx_word' id='word_1_257' title='bbox 954 2247 1232 2290; x_wconf 81' lang='lat' dir='ltr'>infirmiorem</span> <span class='ocrx_word' id='word_1_258' title='bbox 1257 2247 1300 2289; x_wconf 89' lang='lat' dir='ltr'>in</span> <span class='ocrx_word' id='word_1_259' title='bbox 1324 2264 1411 2306; x_wconf 82' lang='lat' dir='ltr'>quo</span> <span class='ocrx_word' id='word_1_260' title='bbox 1441 2258 1504 2291; x_wconf 87' lang='lat' dir='ltr'>est</span> 
     </span>
     <span class='ocr_line' id='line_1_30' title="bbox 119 2317 1504 2377; baseline 0.001 -16"><span class='ocrx_word' id='word_1_261' title='bbox 119 2319 209 2377; x_wconf 85' lang='lat' dir='ltr'>ipse</span> <span class='ocrx_word' id='word_1_262' title='bbox 240 2317 455 2376; x_wconf 86' lang='lat' dir='ltr'>potentior</span> <span class='ocrx_word' id='word_1_263' title='bbox 481 2337 488 2361; x_wconf 94' lang='lat'><strong>:</strong></span> <span class='ocrx_word' id='word_1_264' title='bbox 519 2318 691 2376; x_wconf 84' lang='lat' dir='ltr'>itaque,</span> <span class='ocrx_word' id='word_1_265' title='bbox 726 2337 743 2358; x_wconf 91' lang='lat'>«</span> <span class='ocrx_word' id='word_1_266' title='bbox 770 2318 888 2361; x_wconf 84' lang='lat' dir='ltr'>Beati</span> <span class='ocrx_word' id='word_1_267' title='bbox 911 2318 1234 2375; x_wconf 79' lang='lat' dir='ltr'>misericordes3</span> <span class='ocrx_word' id='word_1_268' title='bbox 1266 2320 1366 2377; x_wconf 81' lang='lat' dir='ltr'>quia</span> <span class='ocrx_word' id='word_1_269' title='bbox 1389 2320 1504 2377; x_wconf 85' lang='lat' dir='ltr'>ipso-</span> 
     </span>
     <span class='ocr_line' id='line_1_31' title="bbox 124 2378 1499 2444; baseline 0.002 -16"><span class='ocrx_word' id='word_1_270' title='bbox 124 2407 143 2428; x_wconf 92' lang='lat'>»</span> <span class='ocrx_word' id='word_1_271' title='bbox 181 2402 275 2430; x_wconf 83' lang='lat' dir='ltr'>rum</span> <span class='ocrx_word' id='word_1_272' title='bbox 300 2387 587 2430; x_wconf 83' lang='lat' dir='ltr'>miserebitur.</span> <span class='ocrx_word' id='word_1_273' title='bbox 617 2406 635 2427; x_wconf 94' lang='lat'>»</span> <span class='ocrx_word' id='word_1_274' title='bbox 663 2378 789 2431; x_wconf 80' lang='lat' dir='ltr'>Sexto</span> <span class='ocrx_word' id='word_1_275' title='bbox 813 2386 949 2444; x_wconf 76' lang='lat' dir='ltr'>gradu</span> <span class='ocrx_word' id='word_1_276' title='bbox 985 2397 1048 2430; x_wconf 82' lang='lat' dir='ltr'>est</span> <span class='ocrx_word' id='word_1_277' title='bbox 1085 2387 1224 2431; x_wconf 80' lang='lat' dir='ltr'>cordis</span> <span class='ocrx_word' id='word_1_278' title='bbox 1256 2388 1499 2443; x_wconf 82' lang='lat' dir='ltr'>munditia,</span> 
     </span>
     <span class='ocr_line' id='line_1_32' title="bbox 121 2457 1503 2517; baseline 0 -15"><span class='ocrx_word' id='word_1_279' title='bbox 121 2458 175 2502; x_wconf 89' lang='lat' dir='ltr'>de</span> <span class='ocrx_word' id='word_1_280' title='bbox 199 2457 311 2500; x_wconf 84' lang='lat' dir='ltr'>bona</span> <span class='ocrx_word' id='word_1_281' title='bbox 338 2458 596 2501; x_wconf 87' lang='lat' dir='ltr'>conscientia</span> <span class='ocrx_word' id='word_1_282' title='bbox 630 2458 847 2502; x_wconf 87' lang='lat' dir='ltr'>bonorum</span> <span class='ocrx_word' id='word_1_283' title='bbox 871 2474 1051 2517; x_wconf 87' lang='lat' dir='ltr'>operum</span> <span class='ocrx_word' id='word_1_284' title='bbox 1069 2458 1214 2507; x_wconf 84' lang='lat' dir='ltr'>valens</span> <span class='ocrx_word' id='word_1_285' title='bbox 1231 2459 1283 2501; x_wconf 84' lang='lat' dir='ltr'>ad</span> <span class='ocrx_word' id='word_1_286' title='bbox 1305 2468 1503 2502; x_wconf 83' lang='lat' dir='ltr'>contem--</span> 
     </span>
     <span class='ocr_line' id='line_1_33' title="bbox 120 2527 1504 2588; baseline 0.002 -18"><span class='ocrx_word' id='word_1_287' title='bbox 120 2527 331 2587; x_wconf 84' lang='lat' dir='ltr'>plandum</span> <span class='ocrx_word' id='word_1_288' title='bbox 365 2543 581 2571; x_wconf 88' lang='lat' dir='ltr'>summum</span> <span class='ocrx_word' id='word_1_289' title='bbox 613 2527 724 2572; x_wconf 90' lang='lat' dir='ltr'>illud</span> <span class='ocrx_word' id='word_1_290' title='bbox 758 2529 921 2573; x_wconf 86' lang='lat' dir='ltr'>bonum</span> <span class='ocrx_word' id='word_1_291' title='bbox 940 2564 950 2583; x_wconf 75' lang='lat'>‚</span> <span class='ocrx_word' id='word_1_292' title='bbox 976 2529 1096 2588; x_wconf 88' lang='lat' dir='ltr'>quod</span> <span class='ocrx_word' id='word_1_293' title='bbox 1131 2528 1221 2572; x_wconf 84' lang='lat' dir='ltr'>solo</span> <span class='ocrx_word' id='word_1_294' title='bbox 1243 2545 1353 2587; x_wconf 83' lang='lat' dir='ltr'>puro</span> <span class='ocrx_word' id='word_1_295' title='bbox 1373 2539 1415 2573; x_wconf 89' lang='lat' dir='ltr'>et</span> <span class='ocrx_word' id='word_1_296' title='bbox 1437 2546 1504 2573; x_wconf 86' lang='lat' dir='ltr'>se-</span> 
     </span>
     <span class='ocr_line' id='line_1_34' title="bbox 120 2597 1500 2659; baseline 0.002 -18"><span class='ocrx_word' id='word_1_297' title='bbox 120 2614 224 2643; x_wconf 86' lang='lat' dir='ltr'>reno</span> <span class='ocrx_word' id='word_1_298' title='bbox 248 2597 470 2642; x_wconf 84' lang='lat' dir='ltr'>intellectu</span> <span class='ocrx_word' id='word_1_299' title='bbox 488 2598 604 2642; x_wconf 87' lang='lat' dir='ltr'>cerni</span> <span class='ocrx_word' id='word_1_300' title='bbox 628 2608 781 2657; x_wconf 88' lang='lat' dir='ltr'>potest.</span> <span class='ocrx_word' id='word_1_301' title='bbox 796 2602 1018 2642; x_wconf 89' lang='lat' dir='ltr'>Postremo</span> <span class='ocrx_word' id='word_1_302' title='bbox 1045 2608 1108 2642; x_wconf 88' lang='lat' dir='ltr'>est</span> <span class='ocrx_word' id='word_1_303' title='bbox 1125 2599 1306 2657; x_wconf 82' lang='lat' dir='ltr'>septima</span> <span class='ocrx_word' id='word_1_304' title='bbox 1328 2600 1417 2659; x_wconf 88' lang='lat' dir='ltr'>ipsa</span> <span class='ocrx_word' id='word_1_305' title='bbox 1441 2616 1500 2645; x_wconf 86' lang='lat' dir='ltr'>sa·</span> 
     </span>
    </p>
   </div>
  </div>
 </body>
</html>
