1819 3301
330 257 473 285 sEnMo
511 257 667 285 nomm
704 259 745 284 ω
780 257 957 294 MONTE,
992 257 1073 283 Lm.
1111 258 1139 282 1.
1360 247 1439 284 195

550 584 766 633 CAPUT
811 586 950 632 XXI.

121 741 283 783 LXIX.
306 742 474 783 Demos
499 737 717 798 adjungit,
739 746 782 781 et
803 736 908 781 dicit
929 754 937 781 ε
967 754 986 779 «
1013 736 1203 781 Audistis
1225 737 1326 797 quia
1348 736 1443 781 dic-

65 827 86 850 »
121 817 217 853 tum
239 818 302 853 est
328 828 336 853 :
365 808 520 866 Diliges
544 808 791 867 proximum
813 816 940 851 tuum
957 842 967 862 ‚
995 816 1038 851 et
1059 808 1198 851 oderis
1220 807 1444 851 inimicum

67 896 87 919 »
123 887 264 922 tuum.
292 880 384 935 Ego
403 887 547 920 autem
565 877 663 921 dico
684 876 805 921 vobis
829 896 837 921 :
858 876 1030 935 Diligite
1047 876 1241 921 inimicos
1262 886 1439 932 vestrOS,

67 966 87 990 »
123 947 365 992 benefacite
382 949 447 992 his
468 949 542 1008 qui
563 962 638 992 vos
661 947 864 1002 oderunt,
895 957 938 991 et
953 955 1072 991 orate
1094 962 1172 1006 pro
1197 947 1254 990 eis
1273 947 1348 1006 qui
1372 963 1447 992 vos

67 1037 87 1060 »
123 1027 444 1078 persequuntur
465 1038 472 1062 ;
490 1028 539 1062 ut
560 1019 647 1062 sitis
664 1018 740 1061 filii
763 1018 896 1062 Patris
913 1019 1041 1061 vestri
1063 1018 1137 1077 qui
1159 1018 1202 1061 in
1227 1017 1348 1061 coelis
1365 1028 1444 1072 est,

69 1107 90 1131 »
124 1089 200 1150 qui
222 1089 356 1133 solem
393 1105 518 1134 suum
554 1089 654 1133 oriri
678 1089 807 1147 jubet
832 1104 961 1147 super
996 1089 1130 1131 bonos
1155 1097 1197 1131 et
1220 1087 1353 1132 malos
1370 1124 1380 1142 ‚
1406 1098 1450 1132 et

69 1177 89 1200 »
125 1159 237 1218 pluit
258 1161 534 1219 superjustos
552 1167 595 1202 et
611 1159 810 1217 injustos.
836 1158 875 1202 Si
894 1158 1006 1200 enim
1030 1157 1264 1201 dilexeritis
1282 1173 1353 1201 eos
1376 1157 1451 1217 qui

69 1247 90 1270 »
124 1245 199 1273 vos
219 1229 408 1288 diligunt
425 1265 435 1283 ,
462 1244 592 1289 quam
611 1227 854 1272 mercedem
877 1228 1119 1271 habebitis?
1136 1243 1282 1271 nonne
1299 1236 1342 1271 et
1359 1231 1449 1271 Pu-

69 1318 89 1341 »
125 1299 285 1344 blicani
306 1301 388 1344 hoc
419 1300 614 1344 faciunt?
643 1302 698 1343 Et
726 1299 759 1342 si
788 1297 1073 1342 salutaveritis
1107 1298 1259 1342 fratres
1285 1308 1448 1342 vestros

70 1389 90 1412 »
126 1379 312 1424 tanturn,
328 1371 434 1431 quid
449 1370 632 1430 amplius
645 1369 811 1413 facitis?
824 1381 969 1413 nonne
986 1379 1029 1412 et
1040 1369 1201 1412 ethnici
1214 1369 1296 1412 hoc
1307 1369 1449 1428 ipsum

0 1472 3 1475 .
70 1458 91 1482 »
125 1439 323 1485 faciunt?
345 1444 492 1485 Estote
514 1455 614 1498 ergo
635 1455 709 1484 vos
730 1438 928 1498 perfecti,
954 1439 1062 1482 sicut
1085 1448 1128 1482 et
1148 1442 1271 1482 Pater
1292 1448 1448 1493 vester,

70 1529 91 1552 »
127 1511 203 1570 qui
223 1511 267 1554 in
290 1511 412 1555 coelis
434 1520 497 1555 est
513 1546 523 1564 ‚
555 1508 770 1569 perfectus
793 1518 856 1552 est
872 1511 901 1551 ¹.
934 1527 953 1548 »
976 1511 1083 1553 Nam
1104 1508 1195 1552 sine
1215 1508 1294 1552 ista
1317 1508 1453 1553 dilec-

65 1581 205 1635 tione,
237 1597 322 1640 qua
340 1582 469 1624 etiam
492 1580 689 1623 inimicos
708 1588 751 1622 et
770 1588 1064 1638 persecutores
1086 1587 1254 1622 nostros
1273 1578 1450 1637 diligere

63 1651 287 1710 jubemur,
313 1665 361 1693 ea
372 1659 482 1709 ‘quae
499 1648 834 1708 superiusdicta
851 1656 952 1691 sunt
970 1647 1149 1706 implere
1166 1649 1261 1707 quis
1280 1650 1452 1707 potest?

67 1719 281 1764 Perfectio
305 1730 450 1764 autem
478 1717 806 1768 misericordiae,
833 1732 919 1776 qua
940 1716 1179 1775 plurimum
1211 1719 1364 1761 animae
1387 1718 1453 1763 la-

68 1790 240 1834 boranti
269 1790 511 1834 consulitur
526 1824 536 1843 ‚
563 1788 676 1832 ultra
698 1787 974 1831 dilectionem
997 1786 1157 1830 inimici
1178 1787 1338 1846 porrigi
1363 1804 1452 1833 non

66 1869 234 1918 potest,
267 1869 309 1903 et
344 1858 443 1903 ideo
476 1859 535 1902 sic
570 1857 789 1902 clauditur
816 1874 824 1900 z
851 1859 999 1899 Estote
1026 1871 1126 1914 ergo
1148 1872 1223 1900 vos
1244 1857 1446 1915 perfecti,

69 1947 90 1970 »
125 1929 235 1973 sicut
257 1939 299 1972 et
322 1933 447 1972 Pater
474 1938 636 1982 vester,
663 1928 737 1986 qui
759 1927 802 1969 in
826 1925 947 1969 coelis
971 1934 1057 1978 est,
1082 1926 1301 1984 perfectus
1323 1938 1400 1971 est.
1426 1946 1446 1968 »

67 2003 131 2043 Ita
154 2009 299 2043 tamen
329 2008 377 2042 ut
408 2003 520 2043 Deus
542 1998 810 2056 intelligatur
831 1994 1049 2054 perfectus
1072 2004 1280 2056 tanquam
1311 2001 1445 2053 Deus,

67 2079 109 2113 et
130 2070 270 2113 anima
291 2069 480 2127 perfecta
497 2078 704 2128 tanquam
725 2067 882 2110 anima.

125 2141 259 2183 LXX.
279 2139 470 2183 Gradum
490 2147 636 2182 tamen
653 2152 742 2181 esse
765 2136 953 2196 aliquem
971 2137 1015 2179 in
1037 2136 1352 2180 Pharisaeorum
1365 2138 1450 2197 jus-

66 2209 159 2254 titia
176 2245 186 2265 ‚
208 2226 308 2270 quae¹
331 2210 386 2253 ad
408 2213 567 2268 Legem
588 2218 778 2254 veterem
801 2208 991 2267 pertinet
1006 2241 1016 2261 ‚
1043 2208 1144 2250 hinc
1162 2208 1419 2266 intelligitur
1435 2243 1445 2263 ‚

66 2280 187 2340 quod
209 2280 334 2323 multi
362 2279 560 2323 homines
591 2295 662 2323 eos
696 2279 823 2321 etiam
851 2294 872 2321 a
896 2277 1055 2336 quibus
1082 2277 1325 2335 diliguntur
1341 2278 1449 2322 ode-

0 2355 1 2410 }
68 2359 185 2404 runt,
200 2351 310 2393 sicut
326 2349 531 2393 luxuriosi
549 2348 626 2392 filii
645 2358 843 2407 parentes
857 2347 1113 2390 coercitores
1132 2346 1314 2389 luxuriae
1332 2363 1421 2391 suae
1437 2367 1446 2392 :

68 2421 261 2464 ascendit
302 2435 404 2478 ergo
439 2420 627 2478 aliquem
663 2420 844 2478 gradum
885 2418 959 2476 qui
995 2418 1240 2475 proximum
1279 2417 1445 2476 diligit,

67 2491 263 2550 quamvis
285 2490 427 2534 adhuc
440 2488 581 2535 oderit
600 2489 843 2533 inimicum.
868 2488 972 2547 Ejus
992 2497 1135 2531 autem
1157 2488 1355 2546 imperio,
1373 2490 1449 2548 qui

117 2590 126 2607 ¹
146 2584 257 2617 Matth.
278 2594 311 2625 v,
328 2583 441 2626 43-48.

1228 2635 1288 2673 13.
