1819 3301
386 253 672 288 QUAESTIONUM
705 251 1074 293 EVANGELIORUM,
1109 256 1191 282 mn.
1227 257 1275 282 11.
1431 245 1514 284 337

128 314 486 372 interpretantur,
518 332 598 360 nec
626 325 726 361 sunt
753 317 843 361 istae
874 316 1035 361 divitiae
1063 318 1143 361 nisi
1165 318 1346 378 iniquiS‚
1371 320 1446 378 qui
1469 320 1516 364 in

127 383 184 426 eis
197 386 467 429 constituunt
479 401 599 445 spem
615 396 744 447 atque
755 387 924 446 copiam
940 388 1218 432 beatitudinis
1232 403 1320 431 suae
1339 404 1381 431 :a
1390 389 1516 448 justis

125 468 227 498 vero
250 470 348 498 cum
369 456 463 499 haec
486 456 775 514 possidentur,
804 467 867 501 est
893 458 1069 518 quidem
1093 459 1171 502 ista
1196 459 1379 518 pecunia
1396 493 1406 512 ‚
1439 459 1514 502 scd

125 539 214 567 non
245 535 346 569 sunt
377 525 459 569 illis
491 525 651 571 divitiae
674 528 755 570 nisi
784 528 979 572 coelestes
1013 539 1055 573 et
1082 529 1317 589 spiritales,
1356 529 1516 589 quihus

124 593 412 653 indigentiam
440 612 560 640 suam
591 597 838 656 spiritaliter
865 599 1115 658 supplentes
1137 600 1308 644 exclusa
1329 608 1517 659 egestate

124 665 305 709 miseriae
321 701 331 721 ,
358 666 637 712 beatitudinis
659 669 783 728 copia
805 669 1014 713 ditantur.

611 819 846 868 QUAESTIO
878 821 1033 858 XXXV.

181 949 306 1000 Quon
331 946 462 991 dicit:
487 967 505 989 «
525 948 566 992 Si
590 948 633 992 in
656 947 797 993 alieno
820 949 970 993 fideles
992 965 1079 993 non
1103 950 1242 994 fuistis
1263 951 1328 1005 ¹»,
1355 949 1515 993 alienas

123 1017 310 1076 appellat
330 1027 520 1061 terrenas
539 1017 762 1063 facultates
783 1039 790 1063 :
809 1020 909 1078 quia
930 1036 1057 1063 nemo
1075 1036 1144 1064 eas
1163 1036 1309 1064 secum
1328 1021 1514 1064 moriens

123 1086 280 1132 aufert.
301 1091 393 1132 Hoc
412 1098 490 1142 est,
515 1089 636 1148 quod
652 1090 756 1133 dicit
775 1089 905 1134 David
924 1110 931 1134 :
953 1093 1048 1135 «Ne
1067 1091 1259 1134 timueris
1275 1106 1375 1135 cum
1394 1090 1514 1134 dives

127 1176 145 1199 »
181 1158 321 1202 factus
351 1158 482 1202 fuerit
511 1160 669 1214 homo,
702 1169 744 1203 et
771 1176 870 1204 cum
903 1161 1190 1219 multiplicata
1223 1161 1353 1204 luerit
1381 1161 1516 1217 gloria

124 1248 142 1269 n
179 1228 333 1273 domus
349 1230 384 1289 ej
393 1231 667 1289 us:quoniam
681 1246 786 1285 non,
804 1246 904 1275 cum
917 1232 1138 1286 morietur,
1160 1232 1341 1291 accipiet
1352 1231 1512 1286 omnia,

124 1317 143 1339 »
179 1315 321 1359 neque
343 1299 473 1343 simul
495 1299 728 1344 descendet
750 1316 849 1344 cum
874 1316 925 1345 eo
949 1301 1084 1359 gloria
1106 1303 1198 1361 ejus
1215 1305 1275 1345 2.»

594 1450 830 1499 QUAEsrio
862 1452 1036 1489 xxxvi.

178 1582 404 1633 Quooait:
430 1600 447 1621 «
465 1583 550 1624 Aut
568 1596 705 1623 unum
724 1581 862 1634 odiet,
885 1589 927 1623 et
944 1579 1128 1623 alterum
1147 1578 1320 1636 diligen
1346 1588 1420 1622 aut
1433 1579 1510 1622 uni

53 1665 58 1671 ·
121 1669 140 1691 »
176 1651 435 1705 adhaerebit,
462 1661 504 1694 et
526 1651 709 1695 alterum
733 1660 983 1694 contemnet
999 1652 1058 1703 ³,»
1086 1665 1173 1692 non
1196 1649 1287 1692 sine
1308 1649 1510 1693 conside-

118 1721 282 1765 ratione
301 1721 606 1779 distinguenda
631 1731 745 1764 sunt.
774 1724 871 1765 Non
893 1721 1006 1763 enim
1030 1721 1181 1779 passini
1208 1729 1281 1763 aut
1305 1720 1424 1779 quasi
1449 1729 1512 1762 te-

117 1807 233 1834 mere
262 1792 377 1835 dicla'
405 1802 520 1835 snnt.
556 1794 692 1835 Nemo
722 1792 836 1834 enim
862 1792 1151 1848 interrogatus
1179 1800 1326 1833 mrum
1360 1789 1511 1847 diligat

118 1861 365 1911 diabolum„
395 1861 624 1921 respondet
645 1877 688 1905 se
711 1861 910 1918 diligere,
936 1861 1007 1903 sed
1028 1861 1171 1919 potius
1189 1860 1327 1903 odisse
1345 1880 1352 1903 ι
1371 1863 1509 1902 Deum

116 1942 260 1975 autern
281 1948 324 1976 se
347 1932 526 1990 diligero
549 1947 699 1975 omnes
717 1930 806 1974 fere
828 1931 1113 1989 proclamant.
1142 1934 1256 1988 Ergo
1280 1939 1354 1973 aut
1371 1945 1510 1973 unum

116 2002 260 2056 odiet,
281 2012 323 2046 et
338 2003 520 2046 alterum
546 2002 715 2059 diliget,
737 2012 786 2045 ut
803 2002 894 2044 fieri
918 2002 1050 2044 debet
1073 2021 1081 2045 ;
1103 2001 1219 2044 odiet
1241 1999 1403 2044 scilicet
1420 1999 1510 2044 dia-

114 2071 292 2125 bolum,
327 2072 479 2131 diliget
511 2076 661 2115 Deum.
699 2072 827 2124 Quod
851 2087 951 2115 vero
976 2071 1173 2130 adjunxit
1201 2089 1208 2114 :
1233 2073 1355 2113 «Aut
1384 2069 1506 2112 alteri

119 2161 138 2183 »
175 2142 435 2196 adhaerebst,
463 2153 505 2186 ct
527 2143 710 2186 alterum
733 2150 984 2185 contemnet
1006 2160 1013 2184 :
1035 2160 1053 2181 »
1082 2139 1320 2183 adhaerebit
1343 2138 1506 2182 scilicet

116 2212 306 2265 diabolo,
326 2229 423 2256 cuni
441 2213 562 2272 quasi
581 2213 671 2272 ejus
693 2212 868 2271 praemia
891 2209 1144 2269 temporalia
1165 2218 1352 2253 sectatur
1371 2228 1379 2253 ι
1400 2224 1507 2252 con-

114 2291 278 2326 temnet
300 2293 442 2326 antem
468 2287 618 2326 Deum.
634 2285 730 2327 Non
752 2282 883 2325 dixit:
901 2281 1045 2333 Odiet,
1064 2280 1138 2324 sed
1160 2282 1497 2324 «Contemnetz»

114 2353 223 2396 sicut
245 2353 385 2397 solent
408 2354 545 2396 minas
567 2354 656 2412 ejus
679 2362 940 2411 postponere
961 2350 1268 2408 cupiditatibus
1290 2349 1397 2401 suis,
1429 2349 1504 2408 qui

114 2423 168 2466 de
190 2424 381 2467 bonitate
403 2425 494 2482 ejus
511 2423 565 2467 ad
584 2424 887 2482 impunitatem
906 2421 985 2464 sibi
1008 2419 1308 2463 blandiuntur.
1335 2419 1503 2471 Quibus

167 2526 177 2541 ¹
199 2522 275 2552 Luc.
293 2531 360 2556 xvi,
383 2529 432 2552 12.
448 2537 488 2542 -
510 2527 522 2543 ²
543 2520 620 2551 Psal.
644 2515 1167 2558 1Lv111‚17‚18.—-³Luc.xv17
1193 2517 1240 2547 ι3.

279 2596 400 2624 cxxl.
1260 2581 1312 2618 ‘2²2
