1819 3301
289 323 339 347 DE
371 319 579 348 consensu
615 320 1023 358 EVANGELJSPARUM,
1061 323 1141 347 Lm,
1180 322 1244 347 111.
1406 312 1457 348 57

79 385 195 428 enim
215 386 403 429 humana
420 387 625 430 memoria
649 401 724 445 per
739 387 875 431 varias
901 386 1196 445 cogitationes,
1215 400 1294 429 nec
1318 386 1361 429 in
1383 402 1461 430 cu-

72 456 279 515 jusquam
316 465 526 515 potestate
555 465 618 500 est
640 455 746 515 quid
779 465 821 499 et
842 455 1020 515 quando
1043 455 1081 499 ei
1112 455 1257 499 veniat
1277 456 1461 499 inmen-

77 534 180 569 tem.
211 528 323 570 Cum
356 542 458 584 ergo
488 526 550 569 illi
579 526 714 569 saneti
749 535 791 569 et
812 541 983 569 veraces
1006 525 1084 568 viri
1122 525 1243 585 quasi
1279 525 1460 570 fortuita

75 596 426 639 recordationum
457 611 633 639 suarum
657 604 834 654 propter
856 595 1115 639 narrationis
1147 595 1343 639 ordinem
1382 611 1458 640 oc-

74 664 203 708 cultae
228 666 303 709 Dei
329 666 548 725 potestati,
572 666 642 710 cui
660 664 768 708 nihil
783 664 1014 709 fortuitum
1031 675 1109 719 est,
1127 666 1454 721 commisissent,

73 750 163 779 non
186 745 357 794 oportet
381 751 645 796 quemquam
669 736 895 779 hominum
920 735 1063 779 dicere
1087 735 1216 794 longe
1238 736 1458 796 abjectum

74 804 129 848 ab
152 804 286 850 oculis
311 805 389 849 Dei
408 815 450 849 et
471 805 601 863 longe
633 806 1005 864 peregrinantem,
1029 806 1109 849 hoe
1130 804 1227 849 loco
1249 807 1352 864 poni
1377 805 1455 849 de-

71 873 191 928 buit,
217 874 337 934 quod
359 874 486 919 valde
512 875 703 932 ignorat,
729 891 806 919 cur
829 891 879 919 eo
907 875 1004 919 loco
1030 879 1142 919 Deus
1178 876 1279 935 poni
1303 876 1456 920 volue-

72 943 141 987 rit.
171 963 191 986 «
217 945 323 997 Quia
351 954 393 989 et
414 945 447 988 si
473 945 724 989 obvelatum
748 950 810 989 es't
833 945 1119 1004 Evangelium
1148 955 1344 990 nostrum
1361 981 1371 1000 ,
1398 947 1456 990 ait

74 1033 94 1055 »
131 1015 361 1074 Apostolus
378 1051 388 1070 ,
410 1017 454 1059 in
472 1016 520 1059 iis
538 1017 612 1075 qui
628 1025 813 1075 pereunt
834 1016 1084 1061 obvelatum
1107 1027 1171 1061 est
1188 1019 1216 1061 ¹.
1240 1036 1259 1058 »
1280 1021 1454 1061 Etcum

70 1085 269 1130 dixisset:
299 1105 318 1127 «
346 1084 451 1130 Aliis
473 1085 649 1145 quidem
672 1102 821 1130 sumus
844 1086 951 1131 odor
980 1088 1080 1131 vitae
1108 1088 1152 1131 in
1177 1089 1308 1132 vitam
1327 1123 1337 1143 ,
1363 1088 1454 1132 aliis

72 1173 93 1197 »
127 1155 236 1200 odor
250 1157 399 1200 mortis
417 1157 462 1199 in
485 1165 666 1200 mortem
683 1176 691 1200 :
711 1157 896 1216 subjecit
913 1158 1056 1200 statim
1075 1177 1083 1202 :
1100 1160 1155 1201 Et
1172 1157 1227 1201 ad
1250 1159 1343 1202 haec
1359 1159 1454 1217 quis

71 1244 91 1268 υ
126 1225 402 1270 idoneus²‘?»
428 1225 475 1270 id
490 1236 569 1281 ets,
600 1227 696 1286 quis
718 1227 900 1272 idoneus
922 1227 1164 1287 intelligere
1182 1245 1314 1289 quam
1337 1230 1454 1288 juste

68 1296 156 1340 fiat.
185 1296 310 1349 Quod
331 1296 446 1340 idem
475 1297 681 1340 Dominus
705 1296 810 1341 dicit
831 1317 840 1342 ε
870 1317 889 1338 «
915 1300 1008 1356 Ego
1032 1299 1130 1342 veni
1152 1334 1162 1353 ,
1189 1308 1238 1343 ut
1266 1299 1342 1359 qui
1365 1315 1453 1343 non

70 1385 90 1406 »
125 1366 275 1410 vident
308 1366 506 1421 videant,
540 1377 579 1411 et
611 1368 685 1427 qui
723 1367 873 1412 vident
901 1369 1001 1412 caeci
1032 1370 1181 1413 fiantss.
1211 1389 1230 1410 »
1258 1373 1354 1429 Ipsa
1391 1379 1452 1413 est

66 1437 181 1480 enim
209 1436 396 1482 altitudo
422 1437 669 1481 divitiarum
694 1439 884 1482 scientiae
910 1449 952 1483 et
969 1440 1189 1498 sapientiae
1212 1441 1319 1484 Dei4
1338 1475 1347 1494 ,
1366 1456 1452 1500 qua

5 1500 7 1504 ⁸
66 1507 115 1550 fit
148 1522 201 1551 ex
222 1507 374 1551 eadem
398 1523 554 1562 massa,
586 1508 704 1552 aliud
726 1525 796 1552 vas
818 1510 862 1553 in
884 1510 1095 1554 honorem
1111 1546 1121 1565 ,
1144 1510 1262 1554 aliud
1281 1511 1324 1554 in
1347 1527 1452 1554 con-

66 1576 289 1621 tumeliam
314 1597 322 1623 :
349 1587 392 1622 et
410 1577 568 1622 dicitur
587 1580 704 1623 carni
725 1589 767 1623 ct
789 1580 1001 1637 sanguini,
1020 1600 1038 1622 «
1061 1583 1098 1624 Ο
1116 1582 1262 1634 homo,
1289 1591 1334 1625 tu
1356 1583 1452 1641 quis

67 1665 87 1687 »
123 1661 166 1690 es
182 1682 193 1702 ,
219 1648 294 1707 qui
318 1648 576 1707 respondeas
602 1652 688 1692 Deo
707 1652 720 1674 ⁵
736 1651 753 1692 Ρ
772 1668 789 1689 »
816 1650 921 1701 Quis
939 1665 1041 1708 ergo
1058 1659 1101 1693 et
1120 1651 1167 1693 in
1189 1652 1268 1694 hac
1287 1666 1332 1693 re
1354 1667 1450 1708 cog·

64 1717 204 1761 noscit
219 1717 491 1762 intellectum
512 1719 683 1762 Domini
701 1754 711 1773 ,
737 1728 809 1763 aut
828 1720 923 1778 quis
942 1719 1211 1764 consiliarius
1234 1720 1295 1764 illi
1312 1720 1394 1764 fuit
1408 1724 1446 1774 ⁶,

64 1788 138 1831 ubi
158 1788 217 1831 sic
235 1788 494 1846 gubernavit
510 1790 637 1833 corda
664 1790 1029 1833 reminiscentium
1057 1791 1446 1848 Evangelistarum,

64 1866 107 1901 et
123 1858 168 1900 in
185 1857 389 1901 Ecclesiae
413 1858 581 1915 fastigio
605 1869 726 1903 tanto
745 1860 1011 1916 auctoritatis
1034 1860 1225 1904 culmine
1243 1861 1451 1905 sublima-

62 1927 149 1981 vit,
175 1937 224 1971 ut
246 1942 323 1986 per
346 1927 439 1971 haec
460 1927 550 1986 ipsa
572 1944 670 1987 quae
692 1928 738 1971 in
769 1930 827 1972 cis
850 1931 1065 1973 contraria
1088 1930 1223 1973 videri
1243 1940 1446 1990 possunt,

63 1996 190 2041 multi
212 2007 550 2053 excaecarentur,
576 1999 706 2056 digne
729 1998 874 2042 traditi
897 1999 941 2042 in
961 2001 1331 2059 concupiscentias
1350 2017 1449 2045 cor-

63 2066 127 2111 dis
151 2068 215 2111 sui
232 2102 242 2122 ,
269 2077 311 2111 et
343 2067 388 2111 in
413 2069 646 2127 reprobum
671 2071 900 2125 sensum⁷3
927 2079 970 2113 et
996 2069 1123 2114 multi
1145 2081 1450 2114 exercerentur

64 2136 118 2182 ad
136 2137 403 2197 elimandum
418 2138 537 2197 pium
562 2138 834 2182 intellectum
854 2139 1093 2183 secundum
1114 2140 1329 2184 occultam
1345 2143 1451 2184 Om-

64 2208 298 2268 nipotentis
313 2209 522 2268 justitiam
542 2210 558 2252 Ρ
580 2208 687 2252 Dicit
711 2210 826 2252 enim
846 2211 1061 2269 Propheta
1087 2206 1270 2255 Domino
1291 2230 1299 2254 :
1331 2230 1350 2253 «
1375 2212 1450 2256 Ni-

66 2296 86 2320 »
121 2279 201 2322 mis
223 2278 453 2338 profundae
477 2277 603 2322 factae
626 2287 727 2323 sunt
745 2279 1029 2338 cogitationes
1053 2289 1141 2324 tuae
1158 2316 1169 2335 ,
1195 2280 1259 2324 vir
1279 2281 1450 2340 impru-

66 2367 86 2390 »
121 2349 228 2393 dens
251 2365 340 2394 non
357 2359 608 2408 cognoscet,
635 2360 678 2394 et
694 2351 852 2395 stultus
875 2367 963 2397 non
986 2352 1202 2411 intelliget
1218 2353 1358 2396 haecss.
1388 2373 1406 2394 η

122 2422 280 2464 XLIX.
315 2423 420 2464 Peto
444 2429 589 2464 autem
611 2429 654 2464 et
686 2420 900 2466 admoneo
932 2437 1030 2477 eos,
1062 2422 1139 2482 qui
1169 2423 1262 2465 haec
1298 2421 1452 2481 legunt

60 2504 137 2549 per
158 2505 235 2534 nos
258 2489 489 2549 adjuvante
512 2493 698 2536 Domino
728 2491 975 2549 elaborata,
1009 2502 1057 2538 ut
1089 2494 1220 2554 hujus
1242 2496 1450 2540 sermonis

110 2591 120 2607 ¹
141 2593 160 2618 2
183 2587 254 2618 Cor.
273 2597 320 2625 iv,
346 2585 377 2618 3.
403 2601 445 2609 —-
464 2593 477 2609 ²
495 2587 542 2620 Id.
561 2595 600 2630 1¹,
622 2587 675 2621 16.
695 2604 736 2611 -—-
757 2586 770 2611 3
789 2590 885 2621 Joan.
914 2600 958 2630 ix,
977 2589 1031 2631 39.
1055 2587 1126 2619 -4
1153 2592 1244 2622 Rom.
1262 2601 1307 2632 xr,
1337 2591 1387 2623 13.
1409 2607 1451 2614 —

61 2637 76 2662 ⁵
92 2639 139 2674 Id.
158 2651 202 2682 ix,
217 2649 271 2683 20,
285 2649 395 2677 2ι.--
414 2640 429 2666 6
443 2643 489 2679 Id.
510 2654 554 2684 xi,
571 2643 624 2684 33,
645 2643 744 2685 34-
763 2644 843 2679 71d.
861 2656 884 2684 1,
912 2643 953 2685 24
972 2649 1004 2676 et
1023 2644 1128 2678 28.-
1145 2643 1160 2667 8
1180 2645 1259 2679 Psal.
1281 2657 1342 2687 κει,
1360 2646 1395 2688 6,
1416 2656 1447 2688 7.
