1819 3301
308 231 392 270 206
732 243 765 268 s.
802 238 1032 267 Avensa-mi
1065 237 1246 265 Emscom

310 324 331 347 »
367 305 553 350 Domino
577 302 828 348 laudabitur
862 304 1003 345 anima
1039 317 1155 355 mea,
1182 299 1362 344 audiant
1388 299 1536 354 mites,
1560 308 1603 343 et
1617 300 1692 359 ju-

311 394 331 418 »
367 375 616 420 cundentur
632 377 661 417 ¹.
691 392 710 415 »
739 374 931 417 Pertinet
964 387 1067 430 ergo
1090 370 1145 414 ad
1167 370 1345 415 oculum
1366 370 1583 414 mundum
1605 385 1695 414 non

308 446 467 490 intueri
488 447 534 489 in
556 455 672 489 recte
694 442 893 488 faciendo
924 441 1074 486 laudes
1112 442 1341 486 hominum
1358 477 1368 496 ,
1394 451 1438 485 et
1459 441 1513 485 ad
1535 457 1605 485 eas
1627 456 1696 484 re-

309 516 421 560 ferre
444 516 565 576 quod
588 524 702 559 recte
725 512 849 568 facis,
875 511 921 556 id
953 521 1037 568 est,
1064 522 1290 572 propterea
1317 521 1431 555 recte
1451 511 1593 555 facere
1615 510 1697 555 ali-

311 587 450 647 quid,
487 596 536 630 ut
573 584 822 629 hominibus
855 583 1039 642 placeas.
1080 584 1148 628 Sic
1188 583 1303 627 enim
1334 582 1462 626 etiam
1496 581 1698 626 simulare

312 658 478 701 bonum
516 655 699 710 libebit,
735 654 769 697 si
802 669 892 698 non
926 655 1165 698 attenditur
1198 654 1278 697 nisi
1297 662 1347 696 ut
1366 654 1499 697 homo
1520 652 1697 709 laudet,

313 728 389 787 qui
412 726 617 786 quoniam
652 724 801 770 videre
841 740 915 768 eor
948 741 1036 769 non
1059 733 1223 784 potest,
1250 732 1392 782 potest
1425 723 1554 767 etiam
1594 721 1699 766 salsa

313 797 508 841 laudare.
550 795 679 850 Quod
707 796 783 856 qui
806 794 993 850 faciunt,
1017 795 1062 838 id
1084 803 1169 848 est,
1203 794 1278 854 qui
1301 794 1541 837 bonitatem
1565 792 1701 836 simu-

315 867 430 922 lant,
451 866 615 926 duplici
637 866 767 910 corde
789 874 904 909 sunt.
931 867 1027 910 Non
1050 880 1153 923 ergo
1170 864 1304 908 habet
1325 863 1527 923 simplex,
1554 863 1597 906 id
1620 872 1699 918 est,

316 939 534 983 mundum
568 955 668 993 cor,
705 937 787 981 nisi
820 937 895 997 qui
928 936 1193 980 transcendit
1229 936 1441 979 humanas
1462 934 1636 989 laudes,
1662 944 1704 978 et

317 1009 442 1053 illum
465 1008 606 1053 solum
629 1009 826 1052 intuetur
841 1010 855 1061 ‚⁷
878 1021 979 1051 cum
1002 1015 1118 1050 reete
1138 1005 1243 1050 vivit
1262 1039 1271 1060 ,
1296 1015 1339 1049 et
1358 1005 1395 1048 ei
1417 1005 1586 1064 plaeere
1600 1004 1703 1048 niti-

318 1090 411 1135 tur,
437 1080 513 1139 qui
535 1078 812 1123 conscientiae
840 1077 956 1121 solus
989 1077 1207 1136 inspector
1235 1085 1314 1119 est.
1341 1079 1405 1120 De
1433 1078 1555 1135 cujus
1577 1089 1706 1119 cons-

319 1150 488 1195 cientiae
512 1150 700 1210 puritate
722 1147 937 1208 quidquid
960 1147 1172 1206 procedit,
1198 1156 1320 1190 tanto
1341 1155 1405 1190 est
1425 1144 1704 1201 laudabilius,

320 1230 486 1281 quanto
503 1221 715 1264 humanas
733 1219 884 1262 laudes
903 1218 1045 1262 minus
1061 1217 1292 1261 desiderat.

326 1398 1710 1420 WUMWWWWWWUMMMWWWWWWWWWWUNWWWUWMWWWWWW

863 1539 1085 1586 CAPUT
1123 1540 1157 1584 I.

385 1707 441 1748 ΙΙ.
471 1722 492 1746 ι(
512 1706 687 1749 CAVETE
710 1718 836 1762 ergo,
861 1703 1027 1762 inquit,
1054 1701 1191 1745 facere
1206 1701 1418 1761 justitiam
1434 1710 1620 1745 vestram
1643 1716 1714 1746 co-

328 1794 348 1816 »
384 1791 475 1819 ram
497 1775 748 1819 hominibus
769 1810 779 1829 ,
800 1784 850 1817 ut
867 1773 1101 1818 videamini
1123 1774 1178 1816 ab
1201 1773 1259 1816 eis
1273 1775 1290 1797 2
1308 1791 1316 1816 :
1341 1790 1361 1812 »
1388 1772 1432 1815 id
1454 1782 1545 1827 est,
1565 1781 1713 1816 cavete

323 1847 407 1890 hoe
446 1846 590 1889 animo
607 1847 722 1904 juste
761 1845 926 1897 vivere,
967 1853 1010 1887 et
1040 1843 1100 1886 ibi
1127 1843 1388 1887 constituere
1412 1843 1579 1887 bonum
1614 1857 1714 1886 ves-

325 1926 458 1968 trum,
476 1925 525 1959 ut
540 1931 615 1959 vos
636 1915 814 1958 videant
832 1914 1029 1957 homines
1053 1932 1061 1957 ;
1087 1931 1105 1954 «
1122 1912 1328 1973 Alioquin
1362 1912 1604 1956 mercedem
1623 1927 1714 1956 non

326 2005 346 2028 »
382 1986 601 2031 habebitis
627 1986 744 2045 apud
778 1988 947 2028 Patrem
978 1992 1170 2027 vestrum
1191 2017 1202 2036 ,
1232 1983 1307 2042 qui
1338 1982 1382 2024 in
1414 1981 1536 2026 eoelis
1563 1992 1627 2026 est
1651 2001 1660 2026 ι
1690 1999 1710 2023 »

323 2073 414 2101 non
448 2057 481 2100 si
517 2056 571 2100 ab
604 2054 854 2099 hominibus
882 2052 1146 2109 videamini,
1181 2052 1255 2096 sed
1286 2052 1320 2095 si
1353 2062 1580 2110 propterea
1596 2053 1714 2112 juste

323 2127 476 2171 vivatis
493 2162 503 2181 ‚
531 2135 579 2170 ut
601 2125 655 2170 ab
688 2124 939 2168 hominibus
961 2123 1207 2167 videamini.
1235 2125 1342 2166 Nam
1365 2122 1442 2165 ubi
1465 2122 1568 2176 erit,
1593 2121 1715 2181 quod

326 2198 371 2241 in
393 2196 606 2256 principio
629 2195 836 2239 sermonis
858 2194 986 2253 hujus
1002 2193 1167 2237 dietum
1187 2201 1272 2237 est:
1297 2211 1316 2233 «
1336 2194 1420 2236 Vos
1443 2192 1542 2236 estis
1563 2192 1716 2236 lumen

331 2286 350 2308 »
388 2268 555 2311 mundi.
569 2269 665 2312 Non
678 2274 821 2325 potest
837 2264 986 2308 civitas
1004 2263 1211 2307 abscondi
1232 2277 1362 2322 super
1379 2272 1573 2307 montem
1595 2277 1715 2307 cons-

331 2357 350 2379 »
389 2340 515 2382 tituta
538 2356 547 2381 ε
573 2352 715 2396 neque
739 2333 984 2381 accendunt
1006 2332 1229 2377 lucernam
1252 2341 1295 2375 et
1317 2344 1490 2392 ponunt
1518 2348 1610 2376 eam
1634 2331 1715 2376 sub

331 2427 351 2449 »
387 2408 555 2463 modio,
579 2407 654 2451 sed
670 2422 799 2466 super
820 2403 1133 2449 candelabrum
1149 2438 1160 2458 ,
1180 2413 1230 2447 ut
1246 2403 1390 2447 luceat
1411 2403 1615 2448 omnibus
1636 2402 1714 2463 qui

331 2497 351 2520 »
386 2480 432 2523 in
452 2478 584 2523 domo
606 2486 722 2523 sunt.
754 2477 822 2522 Sie
842 2476 986 2520 luceat
1010 2474 1163 2519 lumen
1184 2484 1378 2519 vestrum
1399 2489 1546 2519 coram
1567 2474 1715 2518 homi-

380 2581 388 2598 ¹
405 2574 485 2608 Psal.
503 2585 616 2614 xuni,
633 2583 666 2607 2.
682 2589 724 2597 -
743 2579 756 2596 ²
775 2572 896 2605 Matth.
918 2581 961 2613 vi,
983 2581 1012 2604 ι.
