1819 3301
344 271 389 296 ΙΝ
420 267 596 296 JOANNIS
628 268 909 297 EVANGELIUM
930 287 941 308 ‚
975 269 1122 298 TRACT.
1159 273 1223 297 111.
1394 260 1476 300 427

100 334 279 392 legitur,
304 334 429 378 obliti
446 343 564 378 tanta
586 335 791 379 miracula
805 351 902 395 quae
924 333 1025 379 fecit
1047 339 1161 380 Deus
1178 352 1322 380 coram
1345 337 1479 382 oculis

101 420 268 448 eorum.
295 408 413 449 Mare
436 404 656 448 discissum
687 414 774 459 est,
806 405 876 449 via
908 404 1021 449 facta
1044 406 1167 449 estin
1199 406 1351 450 mediis
1370 408 1480 452 ssuc-

101 474 245 531 tibus;
270 484 497 533 sequentes
517 475 658 517 hostes
682 490 833 518 eorum
851 475 1011 518 eisdem
1034 477 1155 535 aquis
1178 478 1315 535 operti
1348 486 1448 520 sunt
1465 512 1476 532 ‚

99 559 177 603 per
198 559 304 603 quas
328 543 389 586 illi
420 544 704 587 transierunt¹
727 564 734 588 :
760 554 802 588 et
826 560 924 588 cum
954 549 1123 603 Moyses
1151 547 1283 590 homo
1304 548 1380 599 Dei
1410 563 1479 590 re-

101 613 271 657 cessisse
305 613 360 656 ab
409 613 545 657 oculis
588 629 735 657 eorum
760 649 770 669 ,
817 614 983 658 idolum
1032 617 1252 675 petierunt
1277 652 1287 671 ‚
1329 627 1372 660 et
1410 619 1479 661 di-

100 692 256 727 xerunt
287 704 295 727 :
333 703 352 725 «
386 687 471 727 Fac
506 684 630 728 nobis
667 685 769 728 deos
801 686 875 744 qui
909 701 987 730 nos
1023 696 1242 745 praeeant,
1275 688 1375 747 quia
1407 687 1480 731 ille

104 773 124 796 »
160 756 292 799 homo
313 753 475 798 dimisit
493 771 586 799 nos.
617 774 635 795 »
665 758 768 800 Tota
790 772 886 815 spes
916 772 1065 800 eorum
1083 758 1126 800 in
1148 758 1325 801 homine
1342 760 1480 817 posita

101 835 218 879 erat,
256 841 343 868 non
378 826 424 867 in
461 829 562 869 Deo.
591 828 702 870 Ecce
738 836 935 869 mortuus
967 836 1030 871 est
1062 828 1193 871 homo
1221 847 1227 872 :
1266 828 1481 887 numquid

100 904 298 939 mortuus
330 905 393 938 est
416 898 550 949 Deus,
588 896 664 955 qui
686 905 857 939 eruerat
878 912 949 940 eos
980 896 1035 940 de
1057 906 1168 940 terra
1191 898 1404 956 AEgypti‘?
1426 901 1482 941 Et

101 980 200 1009 cum
225 964 425 1008 fecissent
456 966 532 1008 sihi
564 966 797 1024 imaginem
829 966 982 1020 vituli,
1008 967 1322 1021 adoraverunt,
1349 976 1391 1010 et
1415 967 1483 1010 di-

100 1045 257 1078 xerunt
276 1070 286 1089 ‚
315 1054 335 1076 «
362 1035 417 1077 Hi
437 1044 536 1078 sunt
564 1035 623 1078 dii
657 1036 737 1088 tui,
766 1035 925 1090 lsrael,
953 1036 1028 1095 qui
1054 1045 1095 1079 te
1120 1036 1411 1080 liberaverunt
1429 1038 1482 1079 de

105 1124 124 1146 »
160 1115 273 1149 terra
310 1106 536 1164 AEgypti‘2.
576 1125 596 1146 »
627 1109 766 1159 Quam
803 1107 889 1150 cito
926 1107 1048 1149 obliti
1081 1116 1170 1150 tam
1211 1106 1482 1150 manifestam

101 1176 314 1235 gratiam?
335 1175 502 1227 Quibus
523 1191 625 1233 ergo
646 1175 784 1219 modis
808 1185 1025 1219 teneretur
1046 1177 1234 1235 populus
1256 1175 1374 1230 talis,
1402 1177 1483 1219 nisi

100 1245 317 1305 promissis
339 1244 620 1289 carnalibus?

115 1344 119 1347 -
158 1318 257 1359 XX.
284 1319 343 1359 Ea
368 1315 428 1358 ibi
460 1316 673 1374 jubentur
694 1315 739 1358 in
768 1315 982 1373 Decalogo
1005 1315 1128 1374 Legis
1150 1332 1249 1375 quae
1271 1324 1313 1358 et
1327 1316 1451 1359 nobis
1469 1350 1480 1371 ‚

101 1387 175 1430 sed
198 1402 284 1430 non
308 1401 355 1429 ea
379 1386 695 1444 promittuntur
708 1401 806 1444 quae
824 1386 963 1428 nobis.
986 1385 1119 1430 Nobis
1141 1384 1248 1444 quid
1266 1386 1484 1443 promitti·
1528 1395 1531 1397 “

101 1458 202 1500 tur?
219 1456 316 1500 Vita
337 1465 512 1499 aeterna.
540 1475 558 1496 «
577 1457 679 1498 Haec
697 1464 759 1498 est
778 1463 921 1497 autem
941 1454 1027 1498 vita
1044 1464 1219 1508 aeterna,
1240 1464 1484 1512 utcognos-

105 1545 124 1568 n
160 1536 260 1570 cant
284 1535 325 1569 te
361 1541 499 1569 unum
529 1541 678 1568 verum
724 1528 891 1578 Deum,
917 1534 959 1567 ct
993 1540 1121 1583 quem
1160 1525 1309 1567 misisti
1336 1527 1484 1568 Jesum

104 1615 124 1638 >›
158 1595 381 1640 Christum
397 1596 426 1638 3.
461 1614 480 1635 »
502 1595 704 1652 Cognitio
726 1594 801 1637 Dei
826 1594 1093 1652 promittitur
1121 1613 1128 1638 :
1153 1594 1243 1652 ipsa
1266 1603 1329 1637 est
1350 1595 1484 1652 gratia

101 1682 180 1726 pro
203 1666 352 1724 gratia.
382 1669 574 1719 Fratres,
603 1664 731 1708 modo
755 1664 993 1718 credinuffi,
1021 1681 1109 1708 non
1140 1664 1336 1707 videmus
1366 1684 1374 1708 :
1406 1680 1484 1723 pro

102 1737 179 1780 ista
203 1736 288 1779 fide
313 1736 538 1794 praemium
563 1735 668 1789 erit,
694 1735 840 1777 videre
866 1734 983 1794 quod
1006 1735 1233 1777 credimus.
1267 1737 1487 1779 Noverant

100 1807 184 1850 hoc
209 1807 451 1864 Prophetae,
477 1805 550 1848 sed
568 1805 788 1848 occultum
811 1814 901 1847 erat
920 1814 1151 1863 antequam
1170 1806 1350 1848 veniret.
1376 1807 1485 1848 Nam

102 1876 279 1937 quidam
303 1876 518 1934 suspirans
547 1884 712 1918 amator
732 1875 776 1917 in
809 1875 984 1917 Psalmis
1003 1875 1061 1918 ait
1088 1893 1096 1918 :
1127 1893 1145 1915 «
1173 1877 1312 1918 Unam
1336 1875 1439 1932 petii
1461 1890 1483 1917 a

106 1966 124 1987 »
161 1947 360 1998 Domino,
382 1947 492 1988 hanc
510 1945 796 2004 requiram4.»
816 1945 1041 2003 thuaeris
1063 1944 1167 2004 quid
1192 1946 1337 2003 petat?
1356 1947 1485 1988 Forte

103 2017 218 2060 enim
235 2026 390 2059 terram
408 2016 514 2074 petit
527 2015 736 2058 fluentem
754 2014 863 2057 lacte
877 2023 920 2057 et
934 2015 1060 2058 melle
1074 2014 1316 2068 carnaliter,
1334 2029 1489 2074 quam-

104 2087 165 2130 vis
202 2085 449 2144 spiritaliter
487 2086 565 2128 ista
603 2083 838 2144 quaerenda
873 2084 926 2126 sit
948 2093 990 2127 et
1029 2084 1213 2142 petenda
1240 2103 1249 2127 2
1275 2093 1349 2127 aut
1372 2082 1483 2127 forte

41 2190 44 2192 -
101 2156 412 2215 subjectionem
436 2154 625 2197 hostium
648 2169 825 2196 suorum
847 2188 857 2207 ‚
879 2162 954 2196 aut
977 2163 1159 2197 mortem
1189 2153 1481 2207 inimicorum,

103 2236 178 2269 aut
199 2226 376 2284 imperia
394 2235 437 2267 et
454 2223 679 2268 facultates
700 2225 771 2282 huj
781 2239 827 2266 us
851 2223 1011 2266 saeculi.
1028 2223 1163 2266 Ardet
1182 2223 1481 2278 enim-amore,

104 2306 146 2340 et
168 2296 355 2340 multum
379 2295 576 2353 suspirat,
598 2304 640 2338 et
658 2303 827 2347 aestuat,
854 2303 895 2336 ct
918 2292 1105 2339 anhelat.
1129 2292 1362 2336 Videamus
1378 2291 1483 2352 quid

104 2375 236 2426 petat,
267 2386 285 2406 «
314 2367 450 2409 Unam
489 2364 592 2423 petii
615 2380 637 2407 a
671 2364 883 2417 Domino)
917 2363 1028 2405 hanc
1058 2363 1287 2421 requiram.
1322 2380 1341 2402 1)
1369 2361 1486 2414 Quid

103 2447 166 2481 est
188 2438 270 2481 hoc
299 2436 418 2496 quod
446 2436 641 2495 requirit.
677 2454 696 2476 «
727 2434 1062 2487 Utinhabitem,
1095 2433 1258 2492 inquit,
1283 2432 1325 2475 in
1351 2432 1484 2476 domo

150 2541 159 2557 ¹
180 2535 278 2566 Exod.
300 2545 364 2575 xiv,
381 2533 501 2566 21-31.
522 2549 557 2555 ο
586 2533 662 2564 21d.
683 2543 782 2573 xxxii,
814 2530 884 2572 1-4.
906 2547 947 2553 —
973 2529 986 2553 3
1007 2533 1098 2562 Joan.
1127 2541 1205 2572 xvn,
1226 2530 1257 2562 3.
1279 2547 1319 2552 —-
1348 2528 1365 2559 4
1395 2530 1476 2562 Psal.

104 2601 189 2631 xxvi,
209 2589 242 2630 4.
