1819 3301
345 244 632 281 QUAESTIONUM
664 239 1026 281 EvANGELmRUM,
1061 244 1144 270 Lm.
1180 245 1227 269 11.
1393 233 1475 270 335

95 319 138 355 et
155 311 440 370 perpurgatis,
460 311 607 369 acjam
625 307 944 352 immortalibus
961 307 1058 352 filiis
1071 308 1288 352 habentur
1307 309 1448 351 omnia
1463 343 1474 362 ,

96 389 146 424 ut
162 381 246 424 sint
268 390 310 424 et
333 380 528 424 omnium
546 379 710 437 singula
725 414 734 431 ‚
757 387 798 422 et
820 378 964 423 omnia
981 378 1263 436 singulorum.
1292 381 1346 422 Ut
1364 378 1478 421 enim

96 451 309 510 cupiditas
329 450 438 494 nihil
466 450 556 494 sine
578 449 772 506 angustia
788 483 798 503 ,
824 449 882 492 ita
904 448 1013 492 nihil
1034 464 1134 493 cum
1158 448 1353 506 angustia
1376 449 1479 491 cha-

97 522 198 565 ritas
220 530 353 565 tenet.
391 519 474 564 Sed
504 518 726 578 quomodo
748 519 928 562 onmia?
966 521 1080 563 Num
1109 527 1150 562 et
1177 518 1363 577 Angelos
1383 553 1393 572 ‚
1426 518 1483 561 ait

98 591 251 651 aliquis
265 626 275 645 ,
296 600 338 635 et
350 591 542 634 Virtutes
564 589 769 633 sublimes
788 604 835 632 ae
855 593 1110 643 Potestates‚
1136 599 1266 649 atque
1286 589 1485 633 universa

98 662 289 707 coelestia
311 661 386 705 Dei
409 660 641 704 ministeria
658 663 769 703 Deus
787 660 830 702 in
851 661 1158 718 possessionem
1184 659 1255 703 tali
1273 660 1361 703 filio
1381 661 1487 703 sub-

96 733 246 794 jecisse
263 730 483 791 putandus
502 733 595 774 est?
620 731 662 775 Si
685 731 991 789 possessionem
1016 732 1073 774 sie
1096 731 1275 790 accipias
1291 766 1301 784 ‚
1326 741 1375 774 ut
1397 732 1487 790 ejus

100 818 315 862 possessor
340 803 430 861 ipse
457 802 510 845 sit
532 801 761 858 dominus3
785 816 873 844 non
896 801 1048 860 utique
1070 801 1231 845 omnia.
1256 803 1353 846 Non
1371 801 1486 844 enim

101 873 268 918 domini
289 881 440 926 erunt,
458 872 533 916 sed
546 881 764 916 consortes
786 872 930 931 potius
947 872 1207 929 Angelorum
1224 907 1234 925 ,
1258 872 1312 915 de
1329 872 1489 931 quibus

101 945 266 989 dictum
289 953 354 988 est
373 962 384 989 ε
408 946 585 987 «Erunt
606 942 794 1002 aequales
811 942 986 1000 Angelis
1008 943 1085 986 Dei
1100 945 1159 985 ¹.»
1183 943 1256 987 Sin
1273 957 1373 985 vero
1388 957 1490 1001 pos-

102 1017 230 1060 sessio
257 1016 317 1060 sie
346 1013 628 1072 intelligitur,
659 1012 884 1073 quomodo
913 1022 1029 1057 recte
1061 1011 1245 1056 dicimus
1276 1012 1492 1072 possidere

103 1088 266 1131 animas
296 1085 551 1141 veritatem3
583 1100 671 1128 non
702 1084 875 1128 invenio
902 1100 979 1127 cur
1001 1099 1089 1127 non
1109 1099 1209 1127 vere
1241 1099 1289 1126 ae
1320 1084 1492 1142 proprie

103 1158 295 1217 accipere
318 1157 528 1215 possimus
550 1155 693 1199 omnia
711 1171 812 1214 quae
827 1154 940 1198 dieta
959 1164 1061 1198 sunt
1078 1155 1238 1198 omnia.
1266 1157 1362 1198 Non
1376 1154 1493 1196 enim

102 1227 214 1272 illud
235 1227 294 1270 ita
314 1226 555 1285 loquimur5
578 1234 628 1269 ut
651 1225 849 1268 dominas
871 1224 1060 1267 veritatis
1081 1224 1276 1266 dicamus
1303 1222 1465 1266 animas
1480 1257 1491 1277 ‚

105 1313 237 1358 quam
258 1297 313 1341 ab
336 1297 393 1340 eis
413 1296 595 1340 dicimus
617 1295 840 1354 possideri.
867 1298 956 1339 Aut
973 1295 1006 1338 si
1024 1295 1200 1338 nomine
1222 1293 1496 1353 possessionis

105 1367 160 1412 ad
167 1368 285 1412 hunc
296 1365 753 1425 sensumimpedimur,
768 1364 813 1408 id
825 1381 1001 1425 quoque
1015 1364 1249 1409 auferatur.
1269 1366 1364 1408 Non
1379 1364 1495 1406 enim

106 1439 166 1483 ait
191 1447 313 1498 pater
330 1473 340 1490 ‚
371 1436 527 1481 Omnia
546 1436 590 1479 in
612 1436 924 1495 possessionem
955 1435 1035 1479 tibi
1064 1434 1195 1492 dab03
1213 1435 1321 1489 sive,
1339 1434 1496 1478 Omnia

107 1525 202 1554 mea
224 1507 415 1568 possides
437 1507 506 1551 vel
523 1507 759 1566 possidebis
777 1528 787 1564 3
812 1505 887 1550 sed
909 1525 917 1550 z
942 1506 1134 1549 «Omnia
1148 1521 1241 1549 mea
1256 1514 1330 1548 tua
1347 1514 1493 1548 sunt.»

108 1583 197 1626 Nee
219 1589 365 1624 tamen
387 1579 446 1622 ita
469 1588 570 1622 sunt
589 1580 679 1637 ejus
695 1612 706 1631 ‚
732 1587 781 1621 ut
803 1576 934 1635 ipsius
957 1577 1047 1620 Dei.
1085 1575 1214 1629 Quod
1236 1576 1349 1619 enim
1370 1585 1433 1619 est
1453 1576 1498 1619 in

110 1660 255 1695 nostra
269 1654 286 1676 ²
300 1649 500 1709 pecunia,
520 1658 663 1708 potest
685 1648 859 1691 familiae
875 1657 1033 1691 nostrae
1050 1647 1116 1690 vel
1135 1646 1390 1691 alimentum
1409 1662 1498 1690 esse

110 1721 535 1770 vetornamentum,
570 1719 640 1764 vel
671 1718 834 1778 aliquid
862 1717 1127 1778 hujusmodi.
1166 1721 1222 1762 Et
1253 1727 1367 1761 certe
1398 1733 1498 1761 cum

111 1793 252 1852 ipsum
271 1801 434 1851 patrem
458 1799 574 1834 recte
586 1789 659 1833 ille
675 1798 818 1848 posset
832 1804 959 1832 suum
978 1789 1137 1842 dicere,
1153 1803 1241 1831 non
1257 1787 1384 1831 video
1400 1804 1499 1847 quae

111 1863 244 1922 ipsius
266 1871 382 1906 recte
403 1877 480 1906 sua
501 1876 655 1904 vocare
684 1875 772 1903 non
805 1859 962 1918 possit,
987 1857 1163 1901 diversis
1184 1857 1394 1902 duntaxat
1412 1874 1501 1901 mo-

114 1933 193 1978 dis.
212 1936 324 1978 Cum
340 1933 456 1976 enim
473 1932 721 1975 beatitatem
738 1929 856 1973 illam
869 1929 1202 1981 obtinuerimus,
1216 1939 1359 1972 nostra
1374 1938 1503 1972 erunt

117 2005 171 2048 ad
199 2004 439 2047 videndum
472 2002 690 2061 superiora
709 2036 719 2056 ,
758 2009 903 2044 nostra
937 2009 1065 2047 erunt
1098 1999 1153 2043 ad
1182 1999 1504 2043 convivendum

116 2074 316 2135 aequalia,
342 2084 486 2118 nostra
510 2083 638 2117 erunt
652 2072 704 2116 ad
722 2070 1037 2115 dominandum
1061 2070 1279 2113 inferiora.
1306 2072 1504 2128 Congau-

117 2145 219 2189 deat
232 2160 334 2203 ergo
346 2145 640 2189 securissimus
653 2145 792 2203 major
800 2143 943 2195 frater,
956 2141 1053 2200 quia
1063 2140 1210 2199 junior
1222 2139 1354 2185 frater
1367 2144 1506 2186 «Mor-

121 2234 141 2258 »
177 2226 278 2261 tuus
297 2225 389 2260 erat
409 2225 453 2260 et
471 2216 643 2270 revixit3
667 2214 853 2274 perierat
874 2222 917 2256 et
938 2212 1138 2255 inventus
1160 2220 1223 2255 est
1241 2211 1271 2254 3.
1294 2229 1315 2253 »

168 2320 175 2336 ¹
198 2313 312 2345 Matth.
329 2323 410 2354 xxn,
432 2313 485 2345 30.
508 2328 550 2335 ·—-
570 2318 582 2335 ²
602 2312 707 2344 Forte
728 2309 936 2353 possessione.
958 2325 998 2331 —
1017 2306 1030 2330 3
1049 2309 1125 2340 Luc.
1147 2318 1200 2348 xv,
1221 2310 1275 2340 32.
