1819 3301
393 274 532 303 SERMO
564 276 721 303 nomm
754 276 797 302 m
831 276 1007 313 MONTE,
1043 277 1124 302 LIB.
1162 279 1208 303 11.
1398 270 1480 307 275

101 349 186 384 tur.
209 338 294 385 Sed
314 339 377 385 illi
397 350 499 385 sunt
511 341 679 385 fructus
694 375 705 396 ,
725 339 866 385 facere
881 340 1151 386 voluntatem
1169 342 1305 386 Patris
1323 344 1399 402 qui
1417 354 1482 388 est

99 410 146 454 in
179 409 300 455 coelis
319 445 330 466 ,
364 412 486 471 cujus
518 409 729 455 faciendae
750 426 794 455 se
825 412 967 471 ipsum
1003 411 1253 471 exemplum
1284 413 1482 471 praebere

98 478 300 538 dignatus
312 490 391 525 est.

157 552 404 594 LXXXIII.
431 550 516 595 Sed
547 550 703 594 merito
730 559 871 610 potest
894 566 1069 596 movere
1087 586 1099 607 ,
1127 551 1350 612 quomodo
1378 553 1482 599 huic

98 621 322 665 sententiae
357 621 587 666 conveniat
614 620 726 665 illud.
755 621 951 680 Apostoli
985 622 1062 666 ubi
1102 622 1160 666 ait
1185 642 1194 668 :
1223 642 1244 666 «
1271 625 1410 669 Nemo
1436 625 1482 669 in

101 708 122 732 »
158 690 321 750 Spiritu
336 692 412 736 Dei
431 691 631 753 loquenS,
656 690 762 736 dicit
784 693 1015 736 anathema
1037 695 1163 748 Jesu,
1187 703 1231 738 et
1250 709 1379 739 nemo
1400 711 1484 755 po-

101 777 122 801 »
157 769 239 804 test
257 760 416 817 dicere,
436 762 672 806 Dominum
685 764 850 816 Jesum,
871 761 952 805 nisi
973 761 1018 806 in
1043 763 1206 824 Spiritu
1226 767 1402 821 sancto¹
1427 785 1435 810 :
1458 784 1478 807 »

98 831 202 891 quia
222 847 366 892 neque
387 832 555 893 aliquos
573 833 784 877 habentes
807 832 1014 891 Spiritum
1037 842 1234 878 sanctum
1256 850 1484 894 possumus

98 901 242 946 dicere
263 917 352 948 non
368 903 622 949 introituros
642 904 689 948 in
710 918 892 962 regnum
920 903 1157 961 coelorum,
1182 906 1216 949 si
1238 922 1486 965 persevera-

34 1000 42 1008 κ
97 973 240 1018 verint
256 975 455 1036 usquein
481 976 641 1033 finem3
660 990 805 1035 neque
826 975 921 1019 illos
942 976 1018 1035 qui
1036 974 1210 1031 dicunt,
1240 996 1260 1019 «
1281 978 1480 1034 Domine,

102 1061 123 1085 »
156 1045 364 1100 Domine,
394 1064 413 1087 »
436 1055 479 1090 et
493 1055 640 1090 tamen
660 1061 750 1090 non
771 1047 936 1089 intrant
952 1045 998 1089 in
1022 1061 1205 1104 regnum
1237 1048 1449 1092 coelorum
1469 1084 1481 1104 ,

98 1128 325 1173 possumus
342 1114 484 1160 dicere
499 1116 660 1160 habere
675 1115 883 1175 Spiritum
902 1125 1116 1160 sanctum.
1134 1119 1365 1170 Quomodo
1382 1135 1485 1178 ergo

98 1199 227 1229 nemo
249 1184 354 1229 dicit
366 1186 599 1230 Dominum
614 1188 780 1240 Jesum,
795 1185 875 1228 nisi
895 1186 939 1228 in
961 1204 979 1226 α
1003 1186 1164 1245 Spiritu
1178 1198 1342 1242 sancto,
1361 1208 1380 1229 »
1400 1189 1482 1232 nisi

97 1255 199 1314 quia
210 1256 383 1315 proprie
396 1256 628 1315 Apostolus
643 1256 787 1316 posuit
800 1255 982 1300 verbum
998 1257 1118 1316 quod
1132 1267 1211 1311 est,
1231 1278 1247 1296 «
1270 1260 1392 1313 Dicit,
1403 1269 1479 1304 »ut

97 1325 309 1384 significet
324 1326 594 1370 voluntatem
612 1335 743 1390 atque
763 1326 1030 1370 intellectum
1051 1326 1258 1371 dicentis?
1273 1329 1483 1373 Dominus

96 1411 200 1439 vero
222 1395 474 1454 generaliter
506 1397 652 1455 posuit
682 1396 863 1440 verbum
888 1398 1012 1455 quod
1047 1398 1106 1439 ait
1133 1416 1141 1439 ;
1172 1416 1190 1437 «
1216 1400 1313 1441 Non
1343 1401 1483 1444 omnis

101 1484 120 1507 n
155 1469 232 1526 qui
244 1466 349 1510 dicit
366 1467 489 1521 mihi,
511 1467 710 1521 Domine,
730 1467 930 1518 Domine,
948 1466 1127 1509 intrabit,
1140 1466 1184 1509 in
1200 1482 1380 1526 regnum
1396 1485 1482 1513 cte-

101 1553 121 1576 »
155 1535 314 1579 lorum.
336 1537 547 1580 »Videtur
558 1537 673 1579 enim
687 1537 830 1578 dicere
851 1535 979 1577 etiam
994 1534 1084 1589 ille,
1105 1536 1181 1595 qui
1199 1552 1278 1581 nec
1290 1539 1384 1582 vult
1402 1556 1483 1584 nec

97 1604 301 1663 intelligit
321 1605 442 1665 quod
459 1604 565 1664 dicit
590 1624 598 1649 :
624 1604 700 1648 sed
721 1603 795 1647 ille
816 1603 988 1662 proprie
1021 1604 1146 1661 dicit,
1171 1608 1245 1667 qui
1274 1608 1481 1653 volunta<

96 1683 186 1718 tem
207 1690 256 1718 ac
288 1684 478 1718 mentem
515 1690 634 1718 suam
671 1689 778 1718 sono
812 1674 927 1716 vocis
965 1671 1178 1719 enuntiat,
1207 1678 1327 1722 Sicut
1348 1679 1481 1737 paulo

96 1753 197 1788 ante
219 1744 340 1803 quod
361 1744 526 1788 dictum
544 1754 628 1799 est,
645 1764 664 1786 «
681 1743 916 1797 Gaudium,
937 1761 958 1783 »
978 1744 1021 1788 in
1043 1744 1260 1791 fructibus
1276 1749 1476 1807 Spiritus,

95 1815 268 1874 proprie
281 1815 447 1859 dictum
476 1824 566 1871 est3
602 1830 690 1858 non
725 1830 776 1858 eo
813 1811 944 1859 modo
979 1831 1068 1874 quo
1091 1816 1195 1859 alibi
1228 1818 1328 1861 dicit
1361 1818 1479 1863 idern

95 1885 328 1944 Apostolus
347 1920 358 1940 ‚
401 1905 421 1927 «
454 1888 552 1930 Non
585 1885 746 1943 gaudet
778 1901 907 1944 super
941 1886 1239 1946 iniquitatem2
1265 1908 1274 1932 ι
1304 1907 1323 1930 »
1355 1891 1479 1949 quasi

93 1956 321 2016 quisquam
336 1956 468 2015 possit
486 1956 900 2015 superiniquitatem
917 1956 1104 2014 gaudere
1121 1977 1129 2001 :
1144 1959 1248 2018 quia
1261 1958 1333 2003 illa
1348 1960 1477 2005 elatio

93 2034 157 2069 est
178 2026 310 2074 animi
328 2025 504 2070 turbide
527 2025 746 2084 gestientis
762 2060 774 2080 ,
800 2041 888 2069 non
912 2026 1117 2084 gaudium
1145 2047 1153 2071 :
1175 2044 1274 2072 nam
1297 2030 1379 2074 hoc
1397 2031 1478 2075 soli

91 2095 198 2140 boni
218 2096 398 2143 habent.
417 2097 532 2153 Ergo
551 2095 694 2140 dicere
709 2094 915 2140 videntur
936 2096 1063 2140 etiam
1079 2096 1164 2150 illi,
1190 2099 1267 2157 qui
1289 2115 1377 2143 non
1392 2101 1476 2145 hoc

91 2166 211 2226 quod
230 2177 389 2212 sonant
409 2176 452 2211 et
481 2166 708 2211 intellectu
736 2176 921 2211 cernunt
940 2202 951 2222 ,
975 2177 1025 2222 ‘et
1053 2167 1278 2212 voluntate
1306 2181 1471 2227 agunt,

90 2237 166 2282 sed
179 2253 284 2282 voce
296 2246 468 2282 tantum
479 2246 654 2282 sonant:
667 2238 909 2282 secundum
927 2253 1059 2297 quem
1070 2238 1250 2282 modum
1265 2241 1473 2286 Dominus

91 2307 151 2351 ait
169 2325 179 2352 ;
194 2310 326 2352 «Non
342 2307 482 2351 omnis
504 2309 580 2367 qui
601 2307 706 2352 dicit
721 2308 840 2361 mihi,
858 2308 1055 2361 Domine,
1075 2308 1271 2362 Domine,
1292 2310 1474 2356 intrabit

92 2395 113 2418 »
147 2377 193 2420 in
206 2393 386 2435 regnum
404 2377 633 2421 coelorum.
654 2380 796 2421 »Vere
808 2386 952 2420 autem
969 2392 1017 2420 ac
1033 2378 1205 2436 proprie
1223 2378 1283 2421 illi
1299 2378 1469 2437 dicunt,

89 2464 114 2493 a
131 2463 319 2508 quorum
336 2449 561 2493 voluntate
583 2465 631 2493 ac
654 2458 799 2492 mente
826 2463 916 2491 non
938 2448 1142 2492 abhorret
1174 2449 1358 2506 prolatio
1380 2467 1472 2495 ser-

89 2519 230 2564 monis
251 2520 332 2575 sui,
357 2518 593 2564 secundum
616 2534 748 2579 quam
764 2517 1121 2577 significationem
1153 2517 1260 2563 dixit
1286 2523 1474 2580 Aposto-

138 2610 147 2627 ¹
173 2615 186 2636 1
205 2605 277 2637 Cor.
298 2614 354 2644 ιιι,
374 2604 404 2636 3.
425 2620 468 2627 -
487 2609 501 2626 ²
520 2603 568 2637 Id.
588 2604 702 2646 xu1,6.

1229 2657 1292 2697 18.
