1819 3301
362 288 500 315 SERMO
532 286 689 313 Domum
722 286 767 311 nv
799 284 974 320 MONTE,
1009 284 1092 310 Lm.
1129 285 1158 309 1.
1378 271 1456 311 159

78 351 181 411 quia
201 364 368 408 semper
389 350 517 394 solvit
538 349 819 393 novissimum
834 347 1120 406 quadrantem
1139 381 1149 400 ,
1175 346 1282 389 dum
1305 347 1458 405 sempi-

79 430 222 465 ternas
243 434 396 478 poenas
418 428 689 462 terrenorum
710 426 986 476 peccatorum
1008 416 1105 460 luit.
1131 419 1281 475 Neque
1298 416 1358 459 ita
1376 417 1458 459 hoc

80 489 261 533 dixerim
276 497 325 531 ut
341 488 658 545 diligentiorem
683 487 981 531 tractationem
1002 485 1150 530 videar
1171 486 1379 529 ademisse
1404 484 1459 528 de

79 559 221 617 poenis
242 566 536 616 peccatorum,
555 555 778 615 quomodo
796 556 841 598 in
867 556 1097 614 Scripturis
1118 555 1318 599 dicantur
1339 564 1462 598 aeter-

79 642 160 671 ne:
183 641 431 686 quanquam
454 624 655 686 quolibet
681 625 809 669 modo
834 624 1020 669 vitandae
1039 634 1140 668 sunt
1156 626 1300 684 potius
1329 640 1460 684 quam

79 697 280 741 sciendae.

137 768 301 810 XXXI.
330 765 414 809 Sed
437 764 658 808 videamus
673 765 762 823 jam
786 764 883 822 quis
905 763 958 806 sit
980 764 1070 822 ipse
1093 764 1373 819 adversarius,
1390 765 1460 808 cui

74 836 283 895 jubemur
303 849 393 878 esse
414 833 617 876 benevoli
638 834 724 877 cito
753 848 852 878 cum
891 849 1038 876 sumus
1074 849 1175 877 cum
1212 834 1287 877 illo
1309 835 1354 877 in
1374 835 1458 878 via.

80 909 168 948 Aut
191 904 306 948 enim
329 902 529 946 diabolus
551 912 615 946 est
631 937 643 956 ,
664 911 739 945 aut
777 903 909 946 homo
930 938 940 956 ,
967 913 1043 947 aut
1064 919 1162 947 caro
1184 938 1194 957 ,
1221 914 1295 947 aut
1317 908 1430 947 Deus
1448 939 1459 958 ,

80 982 155 1016 aut
175 981 441 1031 praeceptum
464 972 569 1030 ejus.
597 970 681 1015 Sed
703 971 878 1015 diabolo
899 987 988 1015 non
1009 972 1136 1016 video
1153 973 1376 1032 quomodo
1391 975 1464 1032 ju-

79 1043 261 1092 beamur
281 1039 482 1084 benevoli
502 1055 591 1083 esse
605 1075 615 1093 ‚
630 1039 677 1083 id
691 1050 771 1094 est,
787 1041 1022 1084 concordes
1036 1051 1108 1084 aut
1127 1044 1459 1087 consentientes.

80 1114 276 1169 Namque
293 1109 365 1153 alii
385 1108 506 1168 quod
522 1123 659 1166 graece
671 1108 860 1167 positum
877 1119 941 1153 est
954 1119 1061 1150 έυνιῶν
1076 1111 1345 1170 interpretati
1362 1121 1464 1155 sunt

85 1199 104 1221 «
138 1183 353 1236 Concor53
369 1178 458 1232 alii,
477 1179 751 1222 consentiens
771 1198 779 1222 ;
800 1197 818 1219 »
845 1179 920 1222 sed
943 1195 1084 1239 neque
1115 1180 1461 1224 benevolentiam

79 1249 255 1293 diabolo
271 1250 485 1308 jubemur
496 1249 713 1301 exhibere,
736 1249 812 1291 ubi
828 1249 943 1293 enim
959 1251 1274 1305 benevolentia,
1287 1251 1347 1293 ibi
1361 1251 1464 1294 ami-

80 1320 202 1376 citia;
221 1334 362 1378 neque
387 1319 616 1378 quisquam
641 1317 796 1361 dixerit
821 1321 1052 1363 amicitiam
1073 1336 1172 1364 cum
1185 1320 1360 1364 diabolo
1374 1336 1464 1364 esse

79 1387 344 1444 faciendam,
362 1402 504 1446 neque
525 1388 788 1430 concordare
811 1404 911 1431 cum
935 1388 1010 1432 illo
1036 1391 1224 1448 expedit,
1246 1392 1316 1434 cui
1331 1390 1463 1434 semel

80 1457 370 1502 renuntiando
383 1457 548 1501 bellum
561 1458 792 1501 indiximus
808 1492 818 1512 ,
834 1468 876 1501 et
894 1475 982 1518 quo
994 1461 1108 1503 victo
1126 1461 1434 1504 coronabimur
1450 1481 1460 1516 3

79 1543 222 1587 neque
256 1527 500 1571 consentire
528 1525 591 1568 illi
606 1527 695 1585 jam
729 1537 922 1584 oportet,
948 1530 1017 1572 cui
1046 1531 1079 1572 si
1102 1545 1327 1589 nunquam
1354 1545 1460 1573 con-

79 1598 353 1640 sensissemus
373 1630 383 1650 ,
409 1610 634 1654 nunquam
672 1596 716 1638 in
737 1596 836 1639 istas
858 1597 1154 1642 incidissemus
1178 1600 1378 1642 miserias.
1399 1603 1458 1642 De

78 1667 253 1710 homine
277 1674 423 1708 autem
446 1680 696 1724 quanquam
713 1665 948 1723 jubeamur
969 1683 1069 1710 cum
1092 1669 1293 1711 omnibus
1317 1684 1460 1727 quan-

78 1744 171 1779 tum
192 1735 238 1777 in
259 1735 383 1778 nobis
407 1743 470 1777 est
491 1748 642 1792 pacem
660 1734 842 1788 habere,
864 1736 939 1777 ubi
962 1736 1114 1794 utique
1136 1746 1178 1780 et
1197 1736 1460 1780 benevolen-

78 1804 136 1848 tia
158 1813 202 1848 et
222 1802 453 1847 concordia
475 1811 517 1845 et
547 1803 772 1846 consensio
803 1813 945 1860 potest
978 1805 1184 1863 intelligi,
1222 1822 1309 1849 non
1334 1806 1460 1850 video

77 1883 224 1918 tamen
245 1872 468 1933 quomodo
485 1872 691 1930 accipiam
704 1872 758 1915 ab
775 1873 951 1916 homine
968 1890 1045 1917 nos
1061 1875 1198 1933 judici
1222 1877 1354 1927 tradi,
1380 1876 1457 1918 ubi

77 1943 295 1987 Christum
317 1940 508 2000 judicem
530 1940 749 1998 intelligo,
791 1951 891 1984 ante
926 1943 1048 1999 cujus
1085 1943 1275 1987 tribunal
1312 1959 1460 1987 omnes

77 2021 247 2070 oportet
270 2010 462 2053 exhiberi
480 2044 491 2063 ,
523 2010 634 2053 sicut
664 2009 770 2053 dicit·
793 2011 1053 2069 Apostolus¹
1078 2031 1086 2055 ;
1112 2012 1334 2071 quomodo
1357 2029 1459 2070 ergo

74 2082 213 2138 judici
238 2080 478 2124 traditurus
496 2089 583 2133 est,
614 2081 689 2138 qui
711 2089 810 2123 ante
822 2082 1014 2140 judicem
1046 2083 1204 2140 pariter
1233 2083 1460 2126 exhibebi-

80 2149 182 2190 tur?
212 2150 301 2190 Aut
317 2150 351 2189 si
376 2158 599 2204 propterea
622 2149 808 2192 traditur
824 2151 1008 2209 quisque
1023 2151 1159 2210 judici
1176 2186 1185 2204 ,
1201 2153 1301 2211 quia
1322 2152 1462 2195 homi-

79 2232 176 2260 nem
200 2216 327 2268 laesit,
343 2216 538 2274 quamvis
559 2215 634 2257 illo
655 2235 745 2259 non
763 2220 960 2263 tradente
977 2221 1188 2279 quilaesus
1209 2231 1294 2277 est,
1321 2222 1460 2265 multo

80 2284 351 2345 commodius
373 2284 582 2342 accipitur
599 2300 620 2327 a
639 2288 751 2341 Lege
773 2284 863 2343 ipsa
886 2301 1018 2330 reum.
1032 2289 1143 2329 tradi
1166 2289 1328 2345 judici,
1353 2304 1461 2333 con-

84 2364 145 2398 tra
161 2369 292 2413 quam
310 2352 428 2407 fecit,
445 2368 544 2396 cum
559 2353 780 2397 hominem
797 2353 990 2397 laederet.
1008 2355 1117 2407 Quia
1131 2358 1206 2399 etsi
1223 2357 1462 2401 occidendo

81 2424 177 2482 quis
197 2414 394 2467 nocuerit
410 2423 575 2466 homini
592 2458 603 2477 ,
625 2439 712 2467 non
728 2424 811 2467 erit
829 2426 919 2483 jam
938 2434 1107 2484 tempus
1122 2442 1210 2485 quo
1228 2429 1463 2472 concordet

82 2507 182 2536 cum
207 2507 258 2535 eo
279 2512 290 2548 3
314 2491 415 2550 quia
431 2493 521 2551 jam
537 2507 626 2535 non
648 2502 712 2535 est
732 2508 833 2536 cum
857 2492 931 2537 illo
961 2495 1005 2537 in
1031 2495 1111 2548 via,
1138 2494 1182 2538 id
1204 2505 1282 2550 est,
1322 2497 1367 2540 in
1381 2498 1462 2541 hac

133 2581 139 2596 ¹
160 2577 251 2606 Rom.
272 2585 337 2611 xiv,
365 2584 416 2614 10,
436 2580 467 2605 et
484 2582 503 2606 2
524 2576 595 2607 Cor.
618 2585 651 2614 v,
675 2585 724 2606 10.
