1819 3301
236 254 288 280 DE
321 254 528 281 consmsu
562 250 947 281 EvAmGEns'rAnum
969 269 980 290 ,
1016 252 1097 280 Lus.
1134 253 1199 278 ιιι.
1349 242 1398 279 61

24 404 88 420 §mx
94 404 230 420 ἋΛΛΜἜ
235 404 300 420 tm
306 403 512 420 WWU'UM
518 403 654 419 mmmm
660 404 726 420 ᾺἊ
731 402 1365 420 wwmmvvwwwwwumumwvnww
1372 402 1400 419 Ἃ

546 525 762 574 CAPUT
799 527 906 575 XV.

50 674 312 721 Insultatc'o
334 674 614 720 chdoeorum
637 672 864 721 adversus
885 673 926 720 J
923 690 1053 720 esum
1074 677 1371 730 crucifixum.

79 827 174 868 LII.
198 826 414 878 SEQUITUR
434 825 667 869 Matthaeus
683 833 726 869 et
739 824 865 868 dicit:
887 842 907 866 «
926 827 1241 869 Praetereuntes
1259 832 1402 868 autem

23 912 43 936 »
79 894 438 954 blasphemabant
460 911 576 950 eum,
596 904 820 940 moventes
841 895 980 954 capita
1004 910 1096 950 sua,
1123 903 1165 938 et
1183 894 1402 939 dicentes:
1442 906 1445 909 ⁴

22 982 43 1005 »
78 965 162 1017 Qui
198 965 381 1009 destruis
415 964 626 1024 templum
646 1000 656 1019 ,
688 974 729 1009 et
751 965 795 1008 in
819 965 965 1009 triduo
993 964 1104 1009 illud
1137 965 1371 1009 reaedificas
1391 999 1402 1019 ,

23 1053 42 1077 »
76 1035 191 1080 salva
214 1035 516 1094 temetipsum3
538 1035 570 1079 si
587 1034 720 1078 Filius
738 1035 816 1079 Dei
832 1051 890 1090 es,
910 1035 1123 1080 descende
1141 1035 1195 1080 de
1208 1037 1401 1080 cruce¹.»

20 1105 130 1149 Huic
169 1109 340 1149 Marcus
371 1120 481 1165 pene
515 1105 570 1148 ad
592 1105 743 1149 eadem
772 1106 904 1149 verba
939 1115 1162 1150 consonat.
1199 1106 1405 1166 Sequitur

0 1174 174 1233 1deinde
190 1176 443 1230 Matthaeus,
465 1184 508 1218 et
530 1174 634 1218 dicit
661 1194 669 1218 :
692 1194 710 1216 «
741 1174 945 1219 Similiter
966 1185 1008 1219 et
1030 1175 1245 1235 principes
1263 1190 1405 1219 sacer-

0 1254 40 1306 p>
74 1244 226 1288 dotum
256 1244 489 1288 illudentes
517 1260 618 1288 cum
656 1245 813 1289 Scribis
840 1254 883 1288 et
904 1246 1143 1289 senioribus
1167 1245 1371 1289 dicebant
1394 1265 1401 1290 ;

0 1320 37 1368 f»
72 1313 189 1358 Alios
211 1315 347 1359 salvos
364 1315 492 1369 fecit,
517 1330 560 1358 se
582 1315 724 1374 ipsum
753 1330 841 1360 non
872 1324 1013 1375 potest
1035 1316 1199 1360 salvum
1228 1315 1368 1360 facere
1393 1335 1401 1360 :

0 1369 1 1404 ¹
20 1402 39 1424 »
74 1384 108 1427 si
126 1400 199 1427 rex
225 1384 353 1428 Israel
374 1394 436 1428 est
457 1419 466 1438 ,
493 1383 727 1428 descendat
747 1400 864 1428 nunc
883 1383 936 1428 de
953 1401 1103 1440 cruce,
1125 1396 1167 1429 et
1189 1385 1405 1430 credimus

0 1472 40 1501 u»
75 1454 113 1497 ei
140 1473 148 1498 ;
170 1454 351 1498 confidit
370 1455 415 1498 in
444 1458 581 1498 Deum
600 1489 610 1508 ,
648 1453 804 1498 liberet
825 1471 941 1499 nunc
967 1472 1064 1499 eum
1086 1457 1118 1499 si
1140 1456 1236 1499 vult
1263 1475 1272 1499 2
1297 1456 1406 1499 dixit

22 1541 41 1564 »
79 1524 214 1579 enim,
233 1526 334 1584 quia
360 1524 494 1568 Filius
518 1525 590 1568 Dei
615 1540 726 1568 sum.
757 1521 975 1570 »Marcus
996 1537 1038 1570 et
1051 1530 1188 1571 Lucas
1210 1526 1408 1586 quamvis

18 1592 96 1637 alia
125 1595 255 1638 verba
283 1594 452 1649 dicant,
485 1595 539 1638 ad
572 1594 769 1638 eamdem
798 1604 945 1639 tamen
977 1597 1235 1640 sententiam
1258 1597 1405 1640 conci-

17 1674 152 1719 nunt,
178 1681 276 1710 cum
297 1666 403 1710 alius
422 1666 714 1725 praetermittit
734 1701 744 1720 ‚
770 1666 890 1726 quod
917 1666 1023 1710 alius
1044 1676 1355 1711 commemorat
1368 1671 1400 1710 2.

18 1737 77 1778 De
94 1736 363 1794 principibus
381 1737 495 1790 enim
512 1735 784 1780 sacerdotum
799 1736 918 1795 quod
934 1737 1203 1781 insultaverit
1219 1738 1404 1781 Domino

18 1805 219 1849 crucifixo
242 1807 399 1864 pariter
422 1822 510 1850 non
524 1815 690 1862 tacent3
711 1807 908 1866 quamvis
926 1808 1114 1851 seniores
1139 1808 1272 1851 tacuit
1288 1810 1405 1851 Mar-

18 1890 88 1918 cus
110 1894 118 1919 :
145 1879 283 1920 Lucas
306 1886 451 1919 autem
471 1877 571 1935 quia
590 1877 804 1935 principes
822 1876 949 1932 dixit,
974 1894 1053 1922 nec
1075 1878 1242 1922 addidit
1264 1894 1403 1922 sacer-

19 1945 187 2001 dotum,
213 1947 345 2005 magis
360 1947 535 1989 nomine
558 1945 744 2004 generali
762 1961 910 1990 omnes
933 1948 1135 2006 primates
1155 1948 1404 2008 complexus

20 2024 104 2071 est,
133 2025 179 2060 ut
205 2015 265 2059 ibi
288 2015 452 2075 possint
473 2014 657 2074 intelligi
677 2024 721 2060 et
745 2016 903 2061 Scribae
926 2026 969 2061 et
991 2018 1193 2064 seniores.

73 2116 79 2133 ¹
100 2111 220 2143 Matth.
241 2121 342 2144 xxvn.
365 2109 466 2154 39-43
483 2128 523 2133 -
544 2117 557 2133 ²
584 2113 688 2143 Marc.
711 2122 763 2153 xv,
783 2112 899 2153 29-32.
917 2117 950 2146 et
969 2115 1046 2146 Luc.
1067 2126 1159 2156 xxm,
1180 2115 1297 2155 35-37.
