1819 3301
378 276 434 314 76
808 285 841 316 s.
877 285 1109 316 Aucus’rnu
1140 288 1322 317 nmscom

380 371 401 394 «
435 354 493 396 At
513 351 600 395 illae
627 360 830 396 exeuntes
864 351 1074 410 fugerunt
1111 352 1165 396 de
1201 361 1515 408 monumento,
1546 353 1760 399 invaserat
1818 377 1819 382 =

380 440 400 463 »
435 422 549 466 enim
562 437 631 466 eas
643 431 804 467 tremor
821 431 863 466 et
876 437 1031 481 pavor3
1046 431 1090 466 et
1106 423 1269 466 nemini
1283 422 1526 484 quidquam
1539 421 1755 481 dixerunt,

379 510 400 534 »
436 492 648 537 timebant
683 493 799 536 enim
821 511 829 536 :
857 510 876 533 »
903 507 1003 536 cum
1027 491 1142 536 dicat
1158 494 1413 548 Matthaeus,
1444 495 1542 537 «Et
1564 493 1761 539 exierunt
1818 504 1819 508 ’

377 580 399 604 »
429 563 514 607 cito
536 562 590 606 de
611 570 897 607 monumento
914 577 1015 607 cum
1038 563 1191 607 timore
1212 573 1255 607 et
1277 562 1436 622 gaudio
1464 577 1639 621 magno,
1660 579 1762 608 cur-

377 651 397 674 »
433 642 574 677 rentes
591 634 793 677 nuntiare
810 633 1037 693 Discipulis
1052 634 1143 693 ejus
1163 653 1171 678 :
1196 651 1215 675 »
1237 633 1319 676 nisi
1335 632 1626 690 intelligamus
1642 635 1761 693 ipso-

375 718 471 747 rum
486 702 753 761 Angelorum
774 703 939 747 nemini
965 718 1088 748 ausas
1106 704 1236 747 fuisse
1260 702 1427 763 aliquid
1439 703 1599 759 dicere,
1617 704 1663 748 id
1678 714 1758 760 est,
1817 715 1819 763 ζ

374 773 634 832 respondere
655 773 710 818 ad
733 789 781 817 ea
799 790 897 834 quae
920 774 972 817 ab
994 773 1077 817 illis
1100 774 1327 818 audierant
1343 810 1354 829 ,
1380 783 1456 819 aut
1476 784 1592 819 certe
1612 784 1760 819 custo·
1817 786 1819 831 j

374 844 502 887 dibus
525 859 634 903 quos
662 845 853 903 jacentes
887 844 1107 887 viderunt.
1130 847 1238 889 Nam
1261 844 1371 888 illud
1401 845 1612 903 gaudium
1639 845 1762 905 quod

373 914 606 958 Matthaeus
628 922 955 968 commemorat,
973 929 1063 957 non
1081 923 1295 973 repugnat
1311 915 1457 958 timori
1480 915 1535 958 de
1548 931 1636 975 quo
1648 918 1764 960 Mar-

373 1000 448 1028 cus
482 984 584 1027 dicit
611 1003 619 1027 :
655 983 887 1028 debuimus
917 984 1035 1028 enim
1058 993 1295 1045 utrumque
1326 985 1372 1027 in
1405 983 1578 1028 illarum
1615 986 1760 1031 animo

373 1054 537 1097 factum
559 1052 798 1111 intelligere
815 1089 826 1108 ‚
858 1054 1023 1098 etiamsi
1058 1054 1146 1111 ipse
1168 1055 1403 1099 Matthaeus
1425 1055 1479 1098 de
1498 1054 1653 1100 timore
1670 1070 1761 1101 non
1818 1064 1819 1102 ὲ

372 1123 534 1168 diceret
556 1144 563 1169 :
588 1139 687 1167 cum
712 1140 814 1168 vero
839 1133 884 1168 et
905 1124 995 1183 ipse
1017 1123 1133 1168 dicat
1160 1143 1168 1168 :
1199 1143 1219 1166 «
1246 1124 1460 1168 Exierunt
1481 1125 1566 1168 cito
1586 1125 1641 1168 de
1662 1140 1760 1169 mo-

376 1212 395 1234 »
432 1205 643 1239 numento
665 1210 766 1238 cum
789 1195 944 1239 timore
965 1204 1008 1239 et
1036 1195 1193 1252 gaudio
1215 1210 1376 1254 magno
1398 1230 1408 1251 ‚
1431 1212 1452 1236 »
1477 1195 1586 1239 nihil
1606 1210 1658 1239 ex
1679 1196 1760 1242 hac

372 1280 416 1308 re
433 1265 683 1324 quaestionis
702 1281 923 1309 remanere
938 1265 1167 1325 permittit.

431 1338 562 1379 LXV.
590 1339 650 1380 De
673 1337 779 1381 hora
801 1352 978 1396 quoque
999 1337 1112 1396 ipsa,
1139 1352 1224 1396 qua
1243 1345 1462 1381 venerunt
1482 1335 1687 1381 mulieres
1705 1337 1760 1382 ad

371 1415 706 1450 monumentum
725 1442 735 1460 ‚
769 1422 858 1450 non
875 1407 1195 1451 contemnenda
1217 1407 1407 1451 exoritur
1426 1406 1624 1466 quaestio.
1646 1408 1760 1452 Cum

372 1475 487 1518 enim
510 1476 742 1519 Matthaeus
764 1476 880 1520 dicat
907 1497 914 1521 :
938 1496 959 1518 ‹<
983 1479 1171 1536 Vespere
1194 1485 1340 1520 autem
1360 1476 1550 1530 sabbati,
1576 1492 1676 1535 quae
1693 1475 1757 1520 lu-

374 1564 393 1586 »
430 1547 559 1589 cescit
578 1546 623 1590 in
641 1548 823 1605 primam
843 1546 1011 1590 sabbati
1033 1581 1043 1601 ,
1068 1547 1184 1591 venit
1207 1547 1342 1590 Maria
1359 1544 1618 1604 Magdalene
1630 1555 1673 1590 et
1693 1546 1759 1589 al-

374 1635 393 1658 »
431 1625 520 1660 tera
552 1618 687 1661 Maria
732 1618 879 1662 videre
907 1618 1156 1676 sepulcrum
1184 1637 1192 1661 ;
1222 1635 1241 1658 »
1275 1616 1383 1676 quid
1414 1625 1477 1660 est
1505 1616 1627 1676 quod
1655 1616 1761 1661 dicit

370 1690 539 1731 Marcus
567 1707 574 1731 :
606 1707 625 1728 «
651 1690 715 1746 Etv
738 1686 865 1731 valde
897 1703 1025 1731 mane
1056 1703 1146 1731 una
1180 1687 1463 1731 sabbatorum
1500 1687 1684 1731 veniunt
1705 1687 1760 1736 ad

374 1776 393 1798 »
429 1767 765 1801 monumentum
801 1759 965 1801 oriente
1000 1759 1090 1816 jam
1125 1757 1249 1802 sole?
1276 1776 1295 1798 »
1323 1760 1374 1801 In
1403 1773 1492 1817 quo
1524 1756 1703 1817 quidem
1735 1772 1759 1801 a

369 1827 534 1869 caetcris
559 1826 732 1871 duobus
749 1862 760 1882 ‚
785 1827 830 1870 id
869 1837 931 1870 est
948 1862 958 1881 ‚
984 1830 1100 1871 Luca
1134 1837 1178 1871 et
1208 1830 1376 1871 Joanne
1407 1843 1497 1871 non
1525 1827 1754 1886 discrepat.

370 1897 499 1949 Quod
517 1896 632 1940 enim
654 1897 758 1941 dicit
781 1900 918 1941 Lucas
947 1914 954 1936 :
988 1915 1007 1938 «
1029 1896 1168 1940 Valde
1190 1897 1412 1953 diluculo3
1434 1914 1453 1937 n
1482 1906 1525 1940 et
1547 1899 1754 1952 Joannes,

373 1985 392 2008 «
428 1969 556 2009 Mane
586 1982 685 2010 cum
720 1967 863 2010 adhuc
893 1965 1084 2009 tenebrae
1111 1975 1285 2010 essent:
1321 1984 1340 2006 »
1379 1967 1462 2010 hoc
1494 1965 1756 2026 intelligitur

368 2038 537 2080 Marcus
570 2035 713 2079 dicere
735 2056 742 2079 :
773 2054 793 2076 «
814 2034 951 2079 Valde
972 2050 1098 2078 mane
1130 2036 1294 2079 oriente
1315 2036 1405 2094 jam
1427 2034 1532 2090 sole⁷
1562 2053 1582 2076 »
1604 2034 1650 2079 id
1672 2044 1752 2091 est,

368 2122 467 2150 cum
497 2105 660 2150 coelum
682 2106 735 2149 ab
769 2105 944 2150 orientis
965 2114 1087 2164 parte
1110 2107 1200 2165 jam
1230 2105 1488 2163 albesceret3
1523 2105 1644 2165 quod
1665 2121 1754 2150 non

368 2180 418 2222 fit
442 2179 591 2237 utiquc
616 2178 696 2221 nisi
718 2177 815 2221 solis
839 2176 1014 2221 orientis
1053 2177 1271 2221 vicinitate
1294 2195 1301 2221 :
1328 2178 1420 2236 ejus
1457 2177 1573 2221 enim
1595 2185 1659 2220 est
1679 2176 1754 2221 ille

368 2247 538 2306 fulgor,
589 2248 664 2308 qui
699 2248 887 2292 nomime
920 2262 1086 2291 aurorae
1120 2246 1328 2306 appellari
1356 2246 1478 2291 solet.
1516 2246 1621 2291 Ideo
1663 2262 1754 2292 non

368 2327 583 2378 repugnat
602 2318 663 2361 illi
685 2318 761 2377 qui
784 2319 840 2361 ait
864 2336 876 2364 ι
905 2336 924 2358 «
945 2319 1057 2361 Cum
1075 2318 1218 2361 adhuc
1242 2317 1433 2361 tenebrae
1453 2326 1607 2360 essent.
1633 2334 1652 2357 »
1675 2317 1753 2361 Die

366 2389 528 2448 quippe
551 2397 754 2446 surgente
770 2423 780 2443 ,
807 2387 962 2447 aliqufe
986 2387 1180 2447 reliquiae
1204 2388 1483 2431 tenebrarum
1506 2396 1628 2432 tanto
1658 2402 1751 2431 ma-

369 2460 429 2515 gis
452 2467 765 2512 extenuantur,
801 2466 964 2517 quanto
985 2458 1118 2515 magis
1146 2458 1283 2501 oritur
1304 2456 1395 2500 lux.
1421 2460 1509 2502 Nec
1539 2459 1598 2501 sic
1637 2458 1751 2502 acci-

368 2527 576 2586 piendum
600 2538 663 2572 cst
683 2528 802 2588 quod
826 2528 884 2572 ait
910 2547 918 2572 :
950 2546 968 2569 «
990 2526 1126 2570 Valde
1142 2543 1269 2571 mane
1281 2563 1296 2583 ,
1313 2546 1332 2568 »
1356 2537 1560 2588 tanquam
1582 2527 1645 2572 sol
1660 2528 1752 2586 ipse

371 2597 590 2642 videretur
601 2600 689 2657 jam
709 2614 837 2658 super
853 2607 986 2642 terras
1004 2617 1011 2642 :
1031 2598 1104 2642 scd
1128 2598 1271 2656 potius
1285 2599 1395 2643 sieut
1408 2598 1550 2643 dicere
1564 2597 1751 2644 solemus
