1819 3301
358 285 376 320 1
387 284 439 321 98
788 295 818 320 s.
858 292 1080 319 incusum
1114 292 1293 318 EPISCOI‘I

358 376 378 399 »
413 357 476 401 illi
497 357 705 401 Dominus
727 357 859 400 vitam
884 356 957 414 qui
983 364 1131 413 peccat
1154 370 1243 398 non
1264 354 1318 398 ad
1340 362 1522 398 mortem
1542 373 1550 399 ε
1576 363 1640 399 est
1661 369 1741 398 au-

357 446 377 469 »
410 438 496 472 tem
516 437 740 486 peecatum
759 426 813 469 ad
837 435 1036 479 mortem,
1059 440 1147 468 non
1167 440 1245 483 pro
1266 423 1339 468 illo
1362 424 1460 468 dico
1483 433 1532 468 ut
1548 427 1738 482 roget¹.n

356 501 516 557 Aperte
551 498 664 540 enim
703 495 894 539 ostendit
926 510 1016 538 esse
1047 494 1257 555 quosdam
1299 493 1450 538 fratres
1482 510 1561 553 pro
1583 494 1744 554 quibus

355 584 477 613 orare
511 583 599 610 non
636 566 761 609 nobis
796 565 1076 624 praecipitur,
1114 580 1215 609 cum
1248 564 1457 608 Dominus
1493 564 1620 608 etiam
1666 579 1744 623 pro

354 636 705 699 persecutoribus
743 637 898 679 nostris
933 651 1054 679 orare
1081 636 1234 695 jubeat
1256 637 1286 678 ².
1324 638 1413 681 Nec
1444 635 1523 679 ista
1563 636 1744 695 quaestio

352 710 458 753 solvi
483 716 638 768 potest,
658 707 736 750 nisi
760 706 975 750 fateamur
990 722 1079 750 esse
1097 706 1240 765 aliqua
1259 715 1430 765 peccata
1454 705 1496 748 in
1522 703 1742 760 fratribus,

353 795 450 839 quae
468 778 740 821 inimicorum
762 777 1060 836 persecutione
1083 776 1278 833 graviora
1296 776 1395 819 sint.
1417 779 1586 820 Fratres
1600 785 1745 820 autem

354 848 621 894 Christianos
656 848 896 906 significare
918 882 928 901 ,
961 847 1109 889 multis
1141 846 1387 889 divinarum
1425 845 1746 905 Scripturarum

356 919 629 964 documentis
658 918 831 978 probari
860 926 1014 976 potest.
1036 915 1431 961 Manifestissimum
1460 925 1606 960 tamen
1636 914 1747 960 illud

353 1000 439 1044 est,
461 989 582 1049 quod
600 988 833 1047 Apostolus
856 988 913 1031 ita
935 987 1079 1046 ponit:
1096 1006 1114 1028 «
1137 986 1439 1031 Sanctificatus
1461 995 1524 1029 est
1548 985 1664 1028 enim
1681 985 1746 1029 vir

357 1077 378 1101 »
414 1059 601 1104 infidelis
631 1060 673 1102 in
696 1074 856 1112 uxore,
887 1067 929 1101 et
947 1057 1211 1101 sanctificata
1235 1066 1298 1099 est
1322 1055 1476 1099 mulier
1493 1053 1678 1099 infidelis
1699 1055 1746 1098 in

355 1149 374 1171 n
412 1130 543 1175 fratre
561 1132 592 1174 ³.
618 1149 636 1171 »
671 1133 765 1175 Non
796 1129 911 1172 enim
935 1127 1131 1183 addidit,
1160 1136 1309 1171 nostro
1336 1146 1344 1170 2
1374 1126 1447 1170 sed
1467 1125 1746 1170 manifestum

352 1201 632 1254 existimavit,
659 1215 760 1244 curn
779 1200 922 1243 fratris
945 1198 1121 1242 nomine
1148 1197 1443 1242 Christianum
1462 1196 1646 1255 intelligi
1665 1211 1746 1241 vo-

351 1272 461 1322 luit,
497 1273 572 1332 qui
602 1270 824 1314 infidelem
855 1270 1032 1313 haberet
1064 1284 1254 1312 uxorem.
1289 1270 1345 1311 Et
1365 1267 1464 1311 ideo
1490 1267 1620 1326 paulo
1648 1276 1745 1326 post

355 1343 461 1387 dicit
485 1361 493 1386 :
524 1362 544 1383 «
575 1341 704 1395 Quod
731 1341 763 1384 si
791 1340 974 1384 infidelis
998 1339 1202 1393 discedit,
1229 1338 1424 1382 discedat
1450 1357 1458 1382 :
1486 1353 1576 1381 non
1598 1346 1743 1381 autem

352 1432 373 1454 »
411 1412 606 1456 servituti
628 1412 846 1472 subjectus
869 1419 932 1453 est
954 1410 1086 1454 frater
1108 1409 1177 1454 vel
1200 1424 1319 1453 soror
1342 1409 1387 1452 in
1410 1407 1737 1468 hujusmodi⁴.»

353 1487 584 1528 Peccatum
603 1498 706 1541 ergo
724 1481 865 1525 fratris
884 1481 938 1524 ad
961 1489 1144 1523 mortem
1169 1489 1278 1539 puto
1300 1494 1404 1532 esse,
1431 1493 1531 1521 eum
1556 1487 1653 1536 post
1675 1492 1744 1535 ag·
1773 1480 1776 1482 ’

354 1553 564 1597 nitionem
583 1553 659 1595 Dei
677 1568 753 1612 per
777 1551 956 1609 gratiam
976 1550 1149 1594 Domini
1172 1549 1307 1593 nostri
1325 1551 1349 1592 J
1354 1564 1427 1592 esu
1446 1547 1605 1592 Christi
1628 1547 1750 1607 quis-

354 1639 441 1683 que
469 1632 695 1682 oppugnat
727 1622 1040 1665 fraternitatem
1059 1655 1070 1674 ,
1091 1629 1134 1663 et
1151 1618 1357 1663 adversus
1380 1620 1514 1677 ipsam
1538 1619 1719 1676 gratiam
1734 1650 1746 1673 ,

356 1709 442 1754 qua
467 1692 769 1736 reconciliatus
793 1700 856 1734 est
879 1694 967 1734 Deo
984 1726 995 1745 ‚
1036 1689 1289 1733 invidentiae
1312 1687 1479 1732 facibus
1509 1687 1698 1746 agitatur
1714 1687 1746 1730 ⁵.

358 1768 590 1808 Peccatum
625 1772 769 1806 autem
803 1778 893 1805 non
923 1761 978 1805 ad
1016 1770 1201 1804 mortem
1230 1768 1315 1814 est,
1346 1759 1380 1802 si
1408 1747 1638 1818 quisquam
1660 1771 1751 1801 non

356 1851 546 1879 amorem
576 1851 597 1878 a
631 1834 761 1876 fratre
786 1832 1058 1886 alienaverit,
1096 1831 1171 1875 sed
1194 1831 1337 1875 officia
1359 1829 1641 1873 fraternitatis
1663 1827 1750 1871 de-

356 1906 446 1948 bita
465 1920 541 1963 per
563 1904 752 1963 aliquam
776 1902 1073 1945 infirmitatem
1098 1901 1231 1944 animi
1252 1916 1339 1944 non
1356 1899 1615 1943 exhibuerit.
1634 1900 1751 1951 Qua-

356 1984 532 2034 propter
555 1982 597 2016 et
622 1974 829 2016 Dominus
862 1972 906 2014 in
930 1987 1057 2014 cruce
1081 1971 1139 2013 ait
1164 1990 1171 2014 :
1203 1989 1221 2011 «
1246 1974 1397 2023 Pater,
1432 1971 1604 2026 ignosce
1634 1966 1716 2011 illis
1736 2001 1748 2022 ,

360 2063 380 2086 »
415 2045 517 2104 quia
547 2043 746 2086 nesciunt
772 2041 878 2100 quid
915 2040 1110 2084 faciuntG
1137 2059 1145 2084 :
1185 2059 1203 2080 »
1232 2038 1429 2082 nondum
1459 2038 1575 2080 enim
1600 2037 1751 2096 gratiae

360 2115 544 2173 Spiritus
565 2113 702 2156 sancti
726 2112 954 2170 participes
978 2108 1079 2153 facti
1099 2110 1345 2153 societatem
1366 2118 1526 2151 sancta:
1549 2106 1752 2150 fraterni-

356 2185 455 2228 tatis
479 2184 680 2226 inierant.
708 2185 763 2225 Et
790 2182 942 2224 beatus
980 2180 1223 2237 Stephanus
1244 2179 1289 2221 in
1313 2178 1493 2221 Actibus
1517 2174 1750 2235 Apostolo-
1802 2198 1811 2208 π

356 2270 453 2297 rum
469 2263 561 2297 orat
577 2268 655 2312 pro
668 2252 726 2295 eis
741 2267 764 2294 a
779 2251 939 2310 quibus
952 2249 1171 2308 lapidatur
1185 2250 1199 2272 ⁷
1220 2268 1229 2303 3
1246 2248 1346 2307 quia
1359 2246 1557 2291 nondum
1575 2245 1751 2290 Christo

355 2324 645 2377 crediderant,
667 2338 809 2381 neque
827 2321 1028 2364 adversus
1051 2318 1166 2361 illam
1186 2332 1463 2364 communem
1483 2316 1663 2374 gratiam
1681 2314 1751 2359 di-

354 2394 587 2438 micabant.
624 2395 679 2436 Et
702 2380 922 2451 apostolus
954 2387 1112 2433 Paulus
1139 2397 1364 2447 propterea
1387 2386 1518 2430 eredo
1541 2400 1630 2429 non
1652 2393 1749 2429 orat

407 2514 415 2530 ¹
435 2519 446 2540 1
467 2511 558 2540 Joan.
574 2518 605 2546 v,
629 2507 681 2539 16.
701 2522 742 2531 -
763 2512 775 2528 ²
797 2505 909 2538 Matth.
928 2515 959 2545 v,
975 2502 1031 2545 44.
1053 2520 1091 2532 ε·
1114 2500 1128 2525 3
1155 2513 1165 2534 1
1190 2504 1260 2534 Cor.
1282 2512 1337 2542 vn,
1360 2499 1412 2543 14.
1440 2497 1691 2534 -.41bid.15.
1708 2513 1752 2524 —·

351 2561 462 2594 5Vide
489 2565 631 2595 Reti-act.
663 2561 719 2593 lib.
754 2571 779 2602 ι,
809 2571 881 2602 cap.
922 2570 970 2600 ¹9·
1008 2568 1039 2589 n.
1068 2568 1098 2598 7.
1119 2573 1160 2579 —
1189 2555 1203 2579 6
1230 2559 1305 2588 Luc.
1341 2566 1430 2597 xxiii,
1455 2555 1507 2595 34.
1541 2571 1583 2578 —
1617 2560 1630 2586 7
1658 2554 1749 2584 Act.

360 2629 420 2659 vu,
441 2617 496 2657 59.
