1819 3301
283 266 568 302 QUAESTIONUM
599 263 898 294 snpmssmnzcnvr
919 283 930 304 ,
966 266 1085 293 Lmen
1126 266 1245 293 enus.
1372 255 1456 294 369

78 329 304 389 vioresque
325 340 442 374 sunt.
465 334 553 376 Nec
577 340 722 376 tamen
744 346 1012 391 consequens
1035 339 1098 374 est
1114 365 1124 384 ,
1146 339 1196 374 ut
1212 331 1350 374 omnis
1372 331 1459 374 hae-

77 399 234 443 reticus
250 400 318 444 vel
340 402 632 446 schismaticus
649 402 927 461 corporaliter
941 402 994 445 ab
1014 401 1202 446 Ecclesia
1218 410 1454 460 separetur.

80 469 120 513 Si
144 470 258 512 enim
280 470 385 515 falsa
405 470 460 514 de
482 474 570 515 Deo
593 473 751 526 eredit,
775 472 844 516 vel
865 471 918 515 de
941 471 1084 531 aliqua
1103 480 1227 531 parte
1249 470 1459 514 doctrinae

77 555 176 598 quae
192 539 246 584 ad
268 540 368 584 fidei
390 542 576 599 pertinet
593 541 922 586 aedificationem
936 577 946 597 ,
966 542 1025 586 ita
1043 551 1092 585 ut
1114 557 1203 586 non
1226 541 1459 601 quaerentis

78 610 354 654 cunctatione
372 620 634 670 temperatus
655 613 709 656 sit
723 647 735 667 ,
761 613 836 657 sed
853 613 1105 656 inconcusse
1122 611 1334 656 credentis
1351 646 1361 664 ,
1380 625 1459 654 nec

78 680 256 725 omnino
278 681 447 725 scientis
468 683 671 742 opinione
693 692 824 743 atque
852 699 994 727 errore
1024 682 1294 737 discordans,
1320 682 1460 725 haere-

78 751 188 794 ticus
216 760 299 805 est,
331 761 374 795 et
408 751 511 797 foris
541 763 584 797 et
611 755 780 808 animo,
817 754 1012 813 quamvis
1041 752 1318 812 corporaliter
1345 753 1461 796 intus

79 820 289 864 videatur.
310 821 471 866 Multos
487 824 600 866 enim
624 823 728 867 tales
746 832 891 882 portat
909 823 1099 866 Ecclesia
1115 857 1125 877 ,
1151 823 1251 882 quia
1279 837 1368 866 non
1401 822 1461 865 ita

79 889 323 934 defendunt
340 891 570 936 falsitatem
589 894 813 937 sententiae
830 908 919 937 suae
937 928 948 947 ,
974 902 1022 936 ut
1036 893 1247 936 intentam
1267 892 1461 935 multitu·

79 961 224 1005 dinem
249 960 408 1006 faciant
429 982 436 1007 :
468 964 588 1023 quod
602 964 635 1007 si
651 962 829 1008 fecerint
848 973 953 1007 tunc
970 963 1210 1022 pelluntur.
1232 966 1340 1007 Item
1357 962 1460 1022 qui-

78 1048 268 1093 cumque
291 1034 486 1078 invident
509 1035 655 1089 bonis,
680 1035 740 1080 ita
762 1044 811 1078 ut
832 1044 1030 1094 quaerant.
1051 1035 1293 1078 occasiones
1314 1034 1461 1077 exclu-

79 1103 296 1148 (lendicos
312 1139 322 1159 ,
347 1114 422 1149 aut
443 1104 709 1163 degradandi
728 1127 738 1163 3
759 1105 828 1150 vel
850 1106 1029 1150 crimina
1043 1121 1122 1149 sua
1147 1106 1204 1148 sic
1226 1104 1461 1148 defendere

79 1174 216 1232 parati
238 1183 339 1218 sunt
359 1210 369 1229 ,
395 1175 428 1218 si
450 1175 619 1235 objecta
641 1175 709 1219 vel
732 1176 901 1234 prodita
920 1175 1106 1229 fuerint,
1133 1184 1183 1217 ut
1204 1175 1333 1218 etiam
1355 1190 1461 1218 con-

78 1243 396 1287 venticulorum
431 1245 748 1303 segregationes
778 1245 848 1289 vel
880 1244 1081 1289 Ecclesiae
1114 1244 1462 1304 perturbationes

78 1315 269 1373 cogitent
292 1315 477 1359 excitare
499 1337 509 1372 3
541 1317 631 1375 jam
670 1316 927 1360 schismatici
965 1326 1067 1359 sunt
1087 1351 1097 1367 ,
1143 1325 1186 1358 et
1219 1315 1273 1358 ab
1296 1315 1461 1358 unitate

15 1439 17 1442 Α
79 1385 209 1428 corde
238 1384 423 1437 discissi,
450 1386 615 1429 etiamsi
637 1401 726 1430 non
748 1386 933 1430 inventis
956 1384 1252 1429 occasionibus
1290 1394 1364 1428 aut
1391 1400 1463 1429 oc-

78 1453 250 1498 cultatis
273 1452 396 1498 factis
419 1455 505 1499 suis
532 1458 810 1500 Sacramento
831 1454 1035 1499 Ecclesiae
1056 1454 1267 1515 corporali
1284 1470 1462 1500 conver-

77 1533 242 1568 satlone
266 1534 497 1570 socientur.

138 1597 218 1638 III.
245 1597 518 1654 Quapropter
539 1594 602 1638 illi
620 1594 698 1639 soli
713 1594 913 1639 catholici
930 1595 1032 1638 mali
1046 1603 1161 1639 recte
1175 1595 1457 1653 deputantur,

78 1664 154 1724 qui
177 1665 372 1725 quamvis
393 1680 493 1709 vera
516 1664 696 1708 credant
717 1681 815 1724 quae
838 1663 892 1708 ad
923 1664 1024 1707 fidei
1058 1664 1298 1708 doctrinam
1327 1663 1460 1722 perti-

78 1743 185 1778 nent
201 1770 211 1788 ,
237 1736 328 1779 etsi
353 1734 460 1795 quid
495 1734 605 1778 forte
634 1736 854 1788 nesciunt,
880 1735 1166 1792 quaerendum
1193 1734 1457 1788 existiment,

78 1813 121 1848 et
146 1804 262 1849 salva
291 1805 451 1864 pietate
480 1804 714 1848 discutiant
748 1804 837 1847 sine
870 1803 1015 1863 aliquo
1049 1803 1301 1863 praejudicio
1330 1803 1462 1862 ipsius

78 1875 267 1920 veritatis
283 1910 293 1929 ,
311 1884 354 1918 et
369 1876 506 1918 bonos
520 1873 590 1918 vel
611 1889 719 1933 quos
741 1874 877 1917 bonos
899 1882 1056 1932 putant
1073 1883 1219 1916 ament
1237 1882 1367 1932 atque
1384 1874 1462 1917 ho-

78 1955 235 1989 norent
263 1954 476 2004 quantum
508 1953 715 2004 possunt,
747 1953 892 1987 tamen
915 1944 1124 2001 flagitiose
1148 1952 1277 2003 atque
1296 1943 1462 1987 facino-

78 2031 173 2060 rose
193 2016 349 2060 vivunt
365 2051 375 2070 ,
401 2025 550 2060 contra
572 2030 704 2075 quam
727 2015 962 2059 vivendum
993 2030 1082 2058 esse
1110 2013 1309 2058 credunt.
1339 2014 1460 2058 Tales

79 2087 194 2130 enim
232 2086 396 2130 etiamsi
430 2085 673 2144 prodantur
707 2094 782 2129 aut
819 2094 1090 2139 accusentur,
1124 2100 1203 2144 pro
1235 2084 1460 2144 disciplina

80 2156 286 2201 Ecclesiae
318 2155 554 2216 salutisque
591 2171 678 2199 suae
708 2171 836 2199 causa
869 2155 1077 2213 correpti,
1108 2154 1175 2198 vel
1213 2171 1234 2197 a
1263 2170 1460 2198 commu-

79 2227 211 2271 nione
239 2227 453 2285 suspensi,
478 2225 600 2270 nullo
617 2225 747 2270 modo
770 2225 850 2269 sibi
872 2224 1163 2268 recedendum
1188 2240 1275 2268 esse
1297 2240 1320 2267 a
1342 2240 1462 2269 com-

80 2297 288 2341 munione
302 2296 511 2340 catholica
525 2296 778 2349 existimant,
793 2310 1074 2355 quocumque
1090 2295 1282 2353 permissi
1300 2294 1463 2339 fuerint

80 2366 381 2412 satisfactionis
402 2376 646 2426 quaerentes
671 2367 818 2410 locum
843 2385 852 2410 ε
880 2375 923 2409 et
952 2364 1187 2425 aliquando
1218 2381 1294 2424 per
1316 2366 1460 2425 poeni-

81 2438 262 2483 tentiam
285 2438 330 2481 in
347 2437 565 2481 frumenta
587 2446 828 2491 mutantur,
850 2436 936 2480 sive
953 2436 1164 2495 correpti,
1184 2436 1271 2480 sive
1289 2439 1457 2493 remoti,

82 2510 170 2554 sive
202 2509 331 2553 etiam
353 2508 487 2553 verbo
514 2509 591 2553 Dei
614 2508 735 2552 nullo
760 2507 1014 2551 nominatim
1038 2516 1265 2550 accusante
1288 2517 1363 2551 aut
1391 2508 1461 2551 in-

82 2587 285 2639 crepante
308 2578 536 2638 perterriti.
573 2577 821 2638 Aliquando
857 2586 1001 2621 autem
1030 2576 1157 2620 etiam
1180 2577 1261 2619 sub
1285 2578 1460 2622 nomine

243 2660 363 2690 cxxl.
1221 2648 1272 2685 224
