1819 3301
319 299 604 335 QUAESTIONUM
636 293 1002 333 EVANGELIORUM‚
1036 294 1119 322 un.
1155 295 1185 321 1.
1358 281 1441 321 297

65 366 143 421 sit,
168 381 267 425 quoe
289 365 332 408 in
363 380 406 408 sc
429 365 518 423 ipsa
540 378 718 407 manens
740 362 885 407 omnia
920 361 1097 405 innovat
1116 361 1145 403 ¹.
1171 361 1445 418 Quapropter

65 436 167 497 quia
189 435 295 479 fides
317 435 621 479 incarnationis
646 433 890 494 temporalis
913 431 967 476 ad
984 441 1144 476 aeter-na
1162 428 1445 487 intelligenda

66 522 144 551 nos
168 515 400 565 praeparat,
439 514 690 549 transeunte
718 508 819 548 Jesu
843 503 1052 547 admoniti
1079 510 1181 546 sunt
1202 509 1250 544 ut
1280 498 1446 543 illumi-

66 586 293 630 narentur,
332 585 374 619 et
397 576 451 619 ab
485 584 624 619 stante
646 575 876 619 illuminati
898 584 1014 618 sunt.
1042 570 1310 632 Temporalia
1331 569 1448 615 enim

68 655 317 702 transeunt,
343 654 503 690 aeterna
520 655 649 689 stant.

553 794 789 846 QUAESTIO
821 795 960 833 xxm.

124 931 250 982 Qnon
282 928 491 972 Dominus
523 927 628 972 dicit
655 925 882 987 Discipulis
911 926 996 971 suis
1035 944 1043 970 :
1074 943 1093 967 «
1123 924 1279 968 Dicetis
1312 923 1450 967 monti

69 1017 89 1040 »
124 999 225 1043 huic
252 1018 261 1043 ε
295 998 415 1042 Tolle
441 1008 483 1042 ct
509 1000 624 1058 jacta
657 1007 698 1042 te
721 999 763 1041 in
788 1000 936 1040 mare2
953 1032 963 1051 ‚
992 1014 1012 1037 »
1038 994 1092 1040 de
1113 994 1314 1054 superbia
1344 993 1451 1038 dixit

65 1086 164 1130 quae
187 1070 239 1113 ad
257 1069 481 1113 saeculares
501 1071 689 1129 pertinet
712 1089 719 1114 :
742 1070 825 1113 hoc
849 1069 929 1113 sibi
953 1083 1098 1112 servus
1117 1067 1193 1111 Dei
1215 1066 1357 1111 dicere
1374 1065 1452 1110 de-

64 1141 164 1194 bet,
201 1152 246 1184 ut
269 1156 361 1183 eam
399 1157 421 1184 a
459 1156 502 1183 se
525 1139 730 1199 repellat,
763 1140 864 1199 quia
886 1139 965 1198 ipsi
996 1154 1083 1181 non
1120 1137 1333 1195 congruit.
1372 1135 1452 1180 Vel

66 1211 184 1271 quod
213 1227 287 1269 per
316 1226 465 1255 eorum
488 1211 617 1254 fidem
637 1246 648 1265 ,
674 1210 775 1270 quia
799 1225 874 1270 per
896 1225 967 1253 eos
988 1208 1270 1266 Evangelium
1290 1207 1452 1266 praedi-

66 1291 209 1326 catum
229 1291 290 1325 est
305 1317 315 1333 ,
337 1282 426 1336 ipse
448 1283 655 1326 Dominus
673 1282 748 1342 qui
772 1297 895 1326 mons
914 1280 1154 1340 appellatus
1175 1289 1258 1334 cst,
1282 1279 1453 1323 ablatus

68 1361 131 1395 cst
163 1369 184 1396 a
221 1351 411 1409 Judaeis,
445 1363 494 1397 ut
522 1353 565 1396 in
601 1362 749 1412 gentes
780 1362 985 1413 tanquam
1020 1352 1062 1395 in
1086 1367 1203 1395 mare
1226 1366 1355 1410 porro
1384 1351 1452 1409 ja-

67 1432 250 1467 ceretur.

569 1570 804 1619 QUAESTIO
836 1571 957 1609 xxx.

125 1706 250 1756 Quon
275 1701 483 1746 Dominus
511 1701 613 1760 dicit
636 1721 644 1746 2
675 1722 693 1743 «
714 1705 771 1745 Et
793 1701 868 1761 qui
887 1700 1092 1745 ceciderit
1114 1716 1242 1760 super
1260 1700 1451 1759 lapidem

71 1793 90 1816 »
125 1775 277 1828 istum,
304 1773 604 1831 confringetur
630 1793 638 1817 :
665 1789 793 1832 super
816 1788 947 1833 quem
969 1788 1071 1816 vcro
1094 1771 1294 1815 ceciderit
1311 1807 1320 1825 ‚
1346 1787 1453 1815 con-

70 1864 89 1886 »
126 1853 234 1888 teret
252 1859 349 1887 eum
365 1846 410 1901 '2³5
436 1864 454 1885 »
478 1844 532 1887 dc
551 1844 615 1887 his
633 1843 736 1887 dicit
759 1843 878 1903 quod
901 1843 1058 1887 cadent
1076 1858 1204 1901 super
1227 1858 1353 1896 eum,
1380 1842 1456 1901 qui

66 1915 191 1960 illum
216 1915 345 1959 modo
363 1925 650 1959 contemnunt
669 1951 678 1968 ,
705 1915 770 1958 vcl
793 1915 959 1974 injuriis
974 1915 1168 1958 alliciunt
1187 1935 1197 1970 3
1218 1914 1315 1957 ideo
1338 1929 1452 1957 non-

68 1986 173 2030 dum
193 1985 364 2045 penitus
386 1986 627 2039 intereunt,
653 1985 727 2028 scd
751 1995 896 2029 tamen
913 1985 1249 2042 confringuntur
1265 2020 1275 2039 ‚
1296 1993 1346 2027 ut
1367 2000 1455 2028 non

68 2066 182 2100 recte
212 2056 435 2099 ambulent
459 2076 466 2100 :
495 2071 622 2114 snpcr
645 2071 752 2115 quos
776 2065 920 2099 autem
947 2055 1083 2108 cadit,
1113 2055 1259 2098 veniet
1279 2054 1362 2098 illis
1380 2054 1455 2098 de-

68 2142 196 2186 super
213 2126 434 2185 injudicio
458 2142 557 2170 cum
581 2142 710 2184 poena
730 2126 987 2185 perditionis
1004 2146 1015 2182 3
1035 2124 1133 2168 ideo
1152 2125 1258 2168 dixit
1281 2144 1288 2169 ε
1309 2143 1324 2163 «
1344 2127 1457 2168 Con-

71 2216 92 2240 »
128 2206 238 2242 teret
259 2213 351 2251 eos,
385 2207 435 2241 ut
465 2197 550 2241 sint
570 2197 691 2257 impii
711 2206 920 2258 tanquam
940 2195 1103 2256 pulvis,
1130 2211 1259 2256 quem
1283 2195 1455 2255 projicit

72 2285 92 2309 ))
127 2276 280 2312 ventus
296 2283 323 2328 a
342 2265 450 2311 facie
468 2277 592 2311 terrae
609 2268 640 2310 ⁴.
671 2286 689 2308 »

119 2371 127 2386 ¹
155 2366 230 2407 Sap.
252 2375 306 2405 vu,
332 2373 385 2406 27.
409 2382 448 2386 -—
471 2372 482 2387 ²
504 2365 622 2397 Mami.
642 2376 707 2405 xxi,
733 2373 787 2397 21.
811 2381 851 2386 —-
873 2362 885 2386 3
906 2363 985 2395 lbid.
1008 2361 1061 2405 44.
1083 2361 1155 2392 -4
1176 2362 1251 2394 Psalv
1274 2373 1296 2403 1,
1313 2362 1345 2405 4.
