1819 3301
370 322 507 349 sERMo
539 321 696 348 nomm
728 321 772 347 m
805 320 951 347 MONTE
972 337 982 357 ,
1018 319 1100 345 Lini
1137 320 1184 344 11.
1377 308 1461 346 213

88 388 352 442 invenimus,
381 406 400 430 «
427 386 568 447 palam
585 422 595 442 ‚
629 404 648 428 »
676 401 764 430 non
786 385 1031 445 putavimus
1065 384 1167 429 hinc
1189 398 1279 428 esse
1302 383 1466 440 aliquid

89 457 399 502 disserendum.

88 637 510 655 MMWOEOEMWVRAMWQWV!
515 636 580 653 ἋΜ
585 635 650 652 m
656 635 1004 652 vaWWX<MM⁴UM
1010 636 1286 653 vmmmMMMMM
1292 636 1467 653 WWMNWW

544 770 762 822 CAPUT
796 773 886 819 ΙΙΙ.

144 933 201 976 X.
231 949 252 973 «
274 933 338 975 ΕΤ
355 946 455 975 cum
475 931 605 976 oratis
623 966 633 987 ,
657 930 802 992 inquit
816 965 827 987 ‚
852 945 942 975 non
958 929 1073 975 eritis
1094 930 1205 975 sieut
1224 930 1468 990 hypocritae

89 1019 110 1044 »
145 1002 220 1062 qui
238 1011 385 1046 amant
400 1002 445 1045 in
467 1002 710 1062 synagogis,
736 1011 778 1046 et
795 1003 840 1046 in
862 1001 1029 1059 angulis
1048 1000 1285 1060 platearum
1310 1010 1470 1045 stantes

88 1090 108 1114 »
145 1087 287 1126 orare,
309 1081 358 1116 ut
374 1071 604 1117 videantur
626 1073 681 1116 ab
706 1071 957 1117 hominibus
977 1074 1007 1115 ¹.
1032 1088 1050 1113 »
1068 1074 1218 1132 Neque
1238 1072 1309 1116 hie
1331 1071 1470 1116 videri

86 1143 141 1187 ab
159 1143 409 1187 hominibus
427 1141 547 1187 nefas
569 1152 657 1200 est3
682 1142 758 1187 sed
774 1142 873 1187 ideo
888 1143 980 1186 haec
1001 1158 1126 1201 agere
1144 1152 1192 1186 ut
1208 1143 1391 1187 videaris
1413 1143 1468 1187 ab

85 1213 335 1258 hominibus
361 1233 369 1257 :
396 1223 438 1257 et
464 1214 685 1273 superfluo
713 1213 840 1257 toties
863 1212 1014 1256 eadem
1036 1203 1271 1268 dicuntur,
1293 1228 1394 1256 cum
1416 1213 1470 1257 sit

79 1286 167 1345 jam
202 1301 287 1329 una
308 1284 456 1344 regula
480 1284 763 1329 custodienda
782 1320 792 1339 ‚
818 1300 904 1344 qua
943 1285 1164 1342 cognitum
1194 1293 1284 1339 est,
1323 1300 1412 1329 non
1434 1286 1468 1329 si

83 1357 177 1400 haec
205 1356 340 1400 sciant
376 1356 571 1400 homines
587 1392 597 1411 ,
623 1355 947 1400 formidandum
976 1371 1065 1400 esse
1088 1365 1162 1400 aut
1178 1356 1466 1415 sugiendum3

84 1426 158 1470 sed
187 1428 219 1470 si
245 1428 326 1470 hoc
344 1427 488 1471 animo
516 1428 646 1480 fiant,
674 1436 723 1471 ut
744 1426 911 1471 fruetus
942 1427 987 1470 in
1012 1427 1070 1471 eis
1092 1435 1343 1486 expectatur
1370 1426 1467 1487 pla-

83 1496 209 1542 cendi
237 1497 501 1541 hominibus.
531 1500 680 1542 Servat
708 1498 834 1541 etiam
859 1499 949 1557 ipse
967 1498 1176 1542 Dominus
1194 1496 1344 1542 eadem
1365 1513 1466 1542 ver-

83 1568 137 1612 ba
154 1603 165 1623 ‚
191 1583 291 1612 cum
315 1567 514 1627 adjungit
535 1568 729 1612 similiter
751 1588 759 1612 :
789 1587 808 1610 «
835 1571 974 1612 Amen
993 1568 1239 1623 dicovolns,
1258 1585 1464 1631 percepe-

56 1692 59 1696 γ
85 1658 104 1681 »
140 1648 243 1682 runt
261 1637 503 1682 mercedem
521 1653 663 1682 suam:
683 1657 702 1680 »
719 1639 821 1683 hinc
834 1640 1065 1683 ostendens
1085 1639 1131 1683 id
1153 1655 1197 1683 se
1214 1640 1460 1699 prohibere,

81 1724 136 1753 ne
157 1725 205 1753 ea
229 1724 391 1753 merces
420 1717 648 1767 appetatur
665 1743 675 1763 ‚
700 1725 787 1768 qua
813 1708 933 1753 stulti
957 1709 1147 1767 gaudent
1164 1725 1264 1755 cum
1281 1710 1464 1755 laudan-

82 1789 152 1824 tur
169 1780 223 1824 ab
246 1779 513 1824 hominibus.

138 1853 218 1894 XI.
242 1869 261 1891 «
283 1852 368 1894 Vos
382 1860 528 1894 autem
542 1864 642 1894 cum
657 1849 786 1893 oratis
800 1884 810 1904 ‚
832 1850 991 1909 inquit,
1010 1850 1186 1894 introite
1201 1850 1247 1894 in
1261 1852 1464 1898 cubicula

83 1939 103 1962 »
137 1928 276 1965 vestra
294 1923 325 1963 2.
347 1938 365 1960 n
380 1923 486 1973 Quae
508 1929 609 1963 sunt
626 1920 703 1963 ista
720 1919 936 1975 cubicula,
954 1920 1033 1964 nisi
1047 1921 1135 1980 ipsa
1156 1921 1286 1966 corda
1303 1940 1402 1983 quse
1418 1924 1464 1968 in

81 1990 250 2034 Psalmo
268 1991 395 2033 etiam
419 1989 734 2047 significantur,
756 2005 855 2034 cum
880 1989 1038 2035 dieitur
1064 2010 1072 2035 :
1094 2010 1113 2033 «
1134 1994 1241 2045 Quae
1261 1992 1400 2038 dicitis
1418 1995 1464 2039 in

85 2080 103 2103 υ
123 2062 326 2106 cordibus
344 2062 491 2105 vestris
522 2071 565 2105 et
596 2062 642 2105 in
664 2061 879 2106 cubilibus
895 2063 1044 2106 vestris
1067 2064 1464 2123 compungiminiss?

85 2152 105 2175 «
123 2136 177 2177 Et
189 2132 438 2177 claudentes
453 2133 558 2177 ostia
575 2142 708 2188 orate,
727 2133 799 2188 ait,
819 2137 990 2178 Patrem
1012 2143 1203 2178 vestrum
1219 2136 1263 2178 in
1278 2136 1463 2180 abscon-

84 2222 103 2245 »
126 2203 447 2247 dito4.»Parum
463 2204 694 2248 cstintrare
706 2204 751 2248 in
763 2204 980 2259 cubicula,
999 2205 1031 2248 si
1045 2205 1202 2249 ostium
1216 2215 1360 2265 pateat
1377 2207 1462 2251 im-

81 2274 299 2332 portunis,
321 2289 398 2333 per
424 2274 543 2334 quod
570 2275 724 2319 ostium
753 2290 801 2319 ea
828 2291 927 2335 quae
954 2275 1057 2319 foris
1073 2285 1175 2320 sunt
1193 2277 1390 2336 improbe
1418 2294 1462 2323 se

80 2344 360 2403 immergunt,
379 2353 421 2388 et
441 2345 642 2389 interiora
655 2355 801 2389 nostra
815 2355 1040 2405 appetunt.
1060 2347 1181 2390 Foris
1195 2356 1339 2391 autem
1352 2347 1463 2394 dixi-

81 2430 176 2459 mus
200 2431 289 2459 esse
308 2416 451 2459 omnia
479 2417 733 2476 temporalia
759 2426 802 2461 et
823 2416 1003 2461 visibilia
1020 2453 1031 2472 ,
1055 2433 1155 2478 quae
1182 2434 1258 2477 per
1282 2420 1457 2478 ostium,

81 2485 124 2528 id
147 2495 210 2530 est
231 2520 240 2540 ‚
263 2501 340 2544 per
357 2485 569 2529 carnalem
594 2502 767 2531 sensum
790 2488 833 2530 in
848 2487 1127 2546 cogitationes
1145 2497 1309 2533 nostras
1328 2506 1462 2549 pene·
1490 2520 1493 2523 »

85 2565 218 2611 trant,
245 2565 287 2600 et
310 2556 436 2600 turba
448 2572 659 2601 vanorum
675 2558 1026 2617 phantasmatum
1051 2559 1273 2604 orantibus
1295 2562 1462 2607 obstre-

131 2660 138 2675 ¹
166 2653 286 2685 Matth.
310 2666 354 2694 vx,
375 2653 405 2685 f).
426 2672 453 2677 —
491 2654 655 2686 ²1bi‹1.6.
681 2672 721 2676 ——
748 2653 761 2677 3
782 2655 859 2686 Psal.
881 2667 927 2697 lv,
948 2655 980 2687 6.
1014 2674 1044 2678 -
1063 2655 1077 2686 ’4
1098 2658 1218 2689 Manli.
1241 2670 1284 2699 vr,
1302 2659 1335 2690 G.
