1819 3301
317 235 319 237 ’
380 246 519 272 summ
552 245 709 272 nomm
741 245 786 271 m
819 244 989 282 MONTE,
1026 245 1108 271 Lm.
1144 246 1191 271 11.
1395 234 1476 272 271

100 327 120 350 »
154 307 289 352 malos
307 308 476 353 fructus
497 308 603 353 facit
629 328 637 353 :
658 324 747 353 non
763 318 906 368 potest
926 308 1054 353 arbor
1075 308 1190 353 bona
1213 308 1346 352 malos
1360 308 1482 354 fruc-

38 382 45 386 ’
98 396 119 420 n
154 388 223 422 tus
265 376 428 436 facere3
464 394 606 439 neque
639 380 769 423 arbor
797 378 909 423 mala
941 378 1111 422 fructus
1150 378 1290 422 bonos
1321 377 1478 423 facere.

98 466 119 490 »
153 449 303 492 Omnis
322 449 436 492 enim
460 449 590 492 arbor
611 464 711 508 quae
733 464 823 493 non
843 447 949 492 facit
971 446 1164 492 fructum
1195 449 1384 502 bonum,
1409 463 1485 492 ex-

97 537 117 561 »
153 518 337 574 cidetur,
352 529 394 563 et
406 519 452 563 in
470 519 614 577 ignem
632 519 848 564 mittetur.
868 521 1005 578 Igitur
1028 535 1078 563 ex
1099 518 1316 564 fructibus
1332 534 1486 563 eorum

99 607 120 630 »
155 590 421 647 cognoscetis
439 591 553 634 eos¹.
583 607 602 630 »

154 661 355 702 LXXIX.
388 662 486 712 Quo
507 659 604 703 loco
626 658 800 703 illorum
824 675 942 703 error
963 660 1146 703 maxime
1169 660 1387 704 cavendus
1403 670 1482 715 est,

95 729 173 789 qui
193 729 247 773 de
268 729 334 774 his
355 729 455 789 ipsis
477 730 646 773 duabus
668 730 894 774 arboribus
918 729 1025 774 duas
1049 740 1225 774 naturas
1249 731 1486 790 opinantur

97 816 201 854 esse,
224 817 409 860 quarum
424 817 510 845 una
532 802 583 845 sit
597 803 697 856 Dei,
718 800 850 844 altera
874 817 976 846 vcro
1000 817 1141 860 neque
1158 802 1249 855 Dei,
1271 818 1413 862 neque
1436 818 1487 846 ex

97 873 201 914 Deo.
229 874 290 914 De
312 887 401 930 quo
436 886 588 929 errore
611 871 656 915 in
679 871 772 915 aliis
795 872 913 916 libris
946 882 987 914 et
1005 873 1092 931 jam
1130 871 1400 931 disputatum
1424 881 1488 916 est

95 941 300 996 uberius,
325 951 369 985 et
391 942 423 984 si
448 940 591 986 adhuc
621 957 774 1000 parum
798 951 890 996 θεῖ,
917 942 1213 1000 disputabitur
1240 962 1248 987 :
1271 958 1388 986 nunc
1408 958 1486 986 au-

96 1022 206 1066 tem,
232 1027 321 1056 non
343 1028 414 1056 eos
438 1012 646 1072 adjuvare
670 1013 776 1056 duas
796 1013 897 1056 istas
920 1014 1095 1057 arbores
1109 1049 1118 1067 ,
1136 1012 1384 1057 docendum
1406 1023 1483 1057 est.

99 1083 290 1127 Primum
313 1117 323 1137 ‚
349 1082 450 1142 quia
472 1083 527 1126 de
550 1083 802 1127 hominibus
824 1098 923 1126 cum
947 1082 1090 1127 dicere
1114 1093 1201 1126 tam
1217 1083 1381 1127 clarum
1406 1093 1484 1139 θεῖ,

96 1161 146 1196 ut
169 1152 364 1211 quisquis
386 1151 676 1211 praecedentia
698 1162 741 1196 et
763 1154 1073 1212 consequentia
1101 1153 1252 1210 legerit
1270 1189 1279 1207 ,
1306 1154 1489 1197 miretur

97 1238 247 1267 eorum
262 1224 516 1266 caecitatem.
529 1223 693 1266 Deinde
711 1223 944 1267 attendunt
959 1224 1079 1282 quod
1092 1223 1257 1267 dictum
1272 1233 1335 1267 cst
1348 1243 1355 1268 :
1366 1227 1488 1269 «Non

100 1311 120 1334 »
155 1302 298 1352 potest
323 1293 453 1337 arbor
488 1294 602 1337 bona
640 1292 806 1338 fructus
829 1293 964 1338 malos
993 1292 1157 1349 facere,
1183 1310 1325 1354 neque
1360 1295 1489 1339 arbor

101 1382 120 1404 »
156 1363 269 1406 mala
290 1363 459 1407 fructus
483 1364 621 1407 bonos
643 1362 784 1407 facere
812 1383 820 1408 :
844 1373 888 1407 et
907 1363 1008 1407 ideo
1030 1373 1187 1423 putant
1205 1399 1214 1416 ,
1236 1380 1379 1424 neque
1394 1366 1488 1409 ani-

97 1449 212 1477 mam
235 1432 393 1477 malam
418 1434 511 1477 fieri
527 1450 650 1493 posse
668 1443 716 1477 ut
738 1434 783 1477 in
800 1433 956 1477 melius
989 1443 1305 1496 commutetur,
1343 1451 1486 1495 neque

97 1502 143 1545 in
165 1503 353 1546 deterius
387 1503 571 1560 bonam3
608 1503 731 1563 quasi
761 1502 928 1547 dictum
952 1504 1035 1558 sit,
1060 1500 1160 1548 'Non
1189 1514 1330 1563 potest
1362 1505 1488 1549 arbor

98 1572 213 1616 bona
236 1572 347 1616 mala
376 1573 489 1628 fieri⁷
527 1589 669 1633 neque
693 1574 823 1617 arbor
858 1573 971 1616 mala
997 1574 1112 1618 bona
1135 1575 1227 1617 ficri
1256 1594 1263 1618 :
1295 1574 1370 1618 scd
1393 1574 1488 1619 dic-

97 1651 192 1687 tum
211 1652 299 1688 est:
320 1663 339 1685 «
355 1646 451 1688 Non
465 1654 606 1703 potest
620 1645 748 1688 arhor
770 1645 881 1688 bona
898 1644 1033 1687 malos
1051 1644 1219 1688 fructus
1238 1644 1390 1700 facere,
1407 1661 1485 1689 ne-

102 1731 122 1754 »
158 1730 243 1773 que
262 1715 517 1758 arbormala
536 1716 673 1759 bonos
692 1714 858 1760 fructus
877 1715 1034 1760 facere.
1055 1734 1074 1756 »
1092 1716 1234 1759 Arbor
1251 1726 1312 1759 est
1326 1717 1487 1776 quippe

100 1784 189 1842 ipsa
212 1784 370 1837 anima,
388 1785 432 1827 id
451 1794 529 1837 cst,
551 1785 641 1842 ipse
655 1786 802 1837 homo,
824 1785 989 1829 fructus
1005 1801 1107 1829 vero
1125 1801 1254 1844 opera
1270 1787 1457 1830 hominis
1476 1806 1484 1831 ε

99 1870 189 1898 non
213 1870 315 1913 ergo
331 1863 474 1913 potest
497 1854 636 1898 malus
664 1854 794 1897 homo
820 1853 932 1896 bona
958 1854 1142 1911 operari,
1176 1868 1319 1912 neque
1348 1857 1489 1897 bonus

100 1925 227 1968 mala.
239 1924 379 1968 Malus
392 1940 494 1982 ergo
512 1924 545 1967 si
560 1923 655 1968 vult
670 1923 785 1967 bona
799 1923 982 1982 operari,
1003 1923 1142 1966 bonus
1156 1923 1296 1981 primo
1311 1923 1397 1966 fiat.
1419 1924 1487 1968 Sic

102 1994 184 2039 alio
199 1995 295 2039 loco
310 1994 552 2039 evidentius
566 1994 668 2038 dicit
682 1994 771 2053 ipse
781 1993 989 2037 Dominus
1003 2012 1010 2037 :
1022 1996 1133 2036 «Aut
1151 1991 1276 2036 facite
1290 1993 1490 2037 arborem

105 2082 125 2104 »
153 2066 330 2119 bonam,
352 2074 426 2108 aut
442 2063 570 2108 facite
584 2064 780 2107 arborem
800 2063 995 2106 malam?
1020 2063 1182 2115 »Quod
1200 2062 1233 2106 si
1247 2062 1354 2106 duas
1368 2072 1491 2109 natu-

105 2149 169 2178 ras
186 2135 366 2179 istorum
392 2135 459 2178 his
483 2134 653 2177 duabus
683 2133 911 2176 arboribus
931 2133 1152 2190 figuraret,
1186 2147 1274 2175 non
1292 2132 1456 2176 diceret
1480 2152 1488 2177 :

109 2222 129 2245 «
144 2203 290 2247 Facite
304 2222 339 2247 ι»
348 2207 443 2262 quis
454 2205 567 2247 enim
581 2203 808 2247 hominum
825 2211 964 2262 potest
978 2202 1119 2246 facere
1132 2210 1326 2244 naturam
1338 2204 1355 2244 P
1365 2203 1491 2247 Dein-

106 2273 161 2318 de
175 2274 302 2317 etiam
319 2273 380 2316 ibi
402 2289 501 2317 cum
516 2265 703 2332 ipsarum
721 2273 905 2317 duarum
923 2272 1126 2315 arborum
1150 2272 1414 2315 mentionem
1430 2273 1491 2317 fc-

107 2344 246 2398 cisset,
262 2344 466 2404 subjecit:
483 2362 501 2384 «
516 2344 780 2403 Hypocritae‚
794 2342 1014 2403 quomodo
1028 2342 1204 2401 potestis
1218 2342 1333 2386 bona
1348 2342 1485 2403 loqui,

108 2431 129 2454 τι
165 2414 356 2458 cumsitis
370 2413 471 2457 mali
487 2415 534 2454 3?
554 2431 573 2454 υ
595 2413 798 2466 Quamdiu
816 2429 917 2470 ergo
936 2412 1119 2472 quisque
1140 2412 1276 2455 malus
1298 2422 1383 2467 est,
1401 2429 1490 2457 non

108 2493 250 2544 potest
268 2483 406 2528 facere
425 2482 591 2527 fructus
610 2484 746 2527 bonos
764 2503 772 2527 ;
794 2483 827 2527 si
846 2483 961 2526 enim
978 2482 1116 2526 bonos
1140 2482 1306 2526 fructus
1323 2482 1488 2540 fecerit,

160 2576 164 2589 ¹
189 2568 302 2600 Matth.
324 2579 379 2608 vu,
403 2567 520 2599 16-20.
542 2585 582 2589 -—
604 2576 614 2589 ²
636 2568 679 2599 Id.
707 2578 760 2606 xii,
781 2566 821 2597 33
855 2583 895 2588 --
913 2563 925 2587 3
951 2565 1030 2597 Ibid.
1054 2565 1105 2605 34.
