1819 3301
337 257 381 282 IN
413 253 589 284 JOANNIS
622 252 935 294 nvANGELmM,
970 252 1115 282 TRAcT.
1153 258 1194 283 v.
1377 245 1459 285 445

79 319 169 361 sine
193 317 319 373 Filio,
346 320 421 363 sed
453 319 580 363 simul
609 329 651 364 te
676 319 791 363 misit
821 322 946 363 Pater
977 328 1021 364 et
1043 319 1177 363 Filius
1207 320 1270 363 :si
1299 335 1398 378 ergo
1420 331 1462 365 et

79 387 214 432 Filius
234 398 273 432 te
294 390 411 433 misit
432 405 532 433 011111
555 393 697 443 Patre,
722 390 944 449 quomodo
964 389 1183 433 nesciebas
1205 403 1303 432 eum
1323 405 1345 432 a
1374 406 1461 449 quo

77 460 230 504 missus
247 475 290 503 es
304 462 321 504 Ρ
336 462 476 513 Quem
495 459 661 504 videras
677 460 722 503 in
737 460 933 515 veritate,
954 461 1044 520 ipse
1063 469 1104 504 te
1121 460 1235 504 misit
1253 469 1303 504 ut
1316 476 1463 518 agnos-

78 539 247 574 ceretur
265 530 310 573 in
330 545 474 585 carne,
500 539 544 574 et
563 529 674 574 dixit
701 549 709 574 :
733 549 752 572 «
775 533 912 589 Super
929 546 1059 590 quem
1076 529 1237 575 videris
1257 530 1463 589 Spiritum

81 617 101 641 »
136 600 473 644 descendentem
513 601 624 645 sicut
661 601 908 644 columbam
927 635 938 656 ,
981 610 1023 644 et
1053 610 1302 645 manentem
1337 616 1465 661 super

80 689 100 713 »
136 686 252 726 eum,
276 671 366 730 ipse
385 681 448 716 est
470 672 544 731 qui
568 671 760 730 baptizat
775 672 819 715 in
838 672 999 731 Spiritu
1021 681 1185 717 sancto,
1214 691 1234 713 »

136 743 192 785 II.
230 744 323 785 Hoc
351 742 515 786 audivit
557 744 744 786 Joannes
761 777 772 797 ,
802 750 853 785 ut
891 751 1034 786 nosset
1074 757 1174 786 eum
1208 757 1339 802 quem
1375 758 1464 787 uon

77 822 277 867 noverat,
304 828 359 856 an
375 821 425 856 ut
447 812 617 872 plenius
640 822 783 858 nosset
805 829 934 873 quem
950 814 1039 872 jam
1058 815 1265 858 noverat?
1289 813 1332 857 Si
1349 813 1465 856 enim

78 883 198 927 omni
215 899 265 927 ex
283 893 403 943 parte
422 899 512 928 non
531 893 688 938 nosset,
709 899 799 928 non
814 884 1005 929 venienti
1020 883 1074 928 ad
1088 885 1271 929 fluvium
1286 894 1336 928 ut
1358 884 1466 943 bap-

78 954 281 998 tizaretur
303 953 465 998 diceret
501 974 510 998 ι
543 958 667 1013 «Ego
689 971 712 999 a
737 964 779 999 te
800 954 940 999 debeo
957 955 1187 1014 baptizari,
1213 965 1255 1000 et
1278 964 1327 998 tu
1349 955 1466 999 venis

81 1044 101 1067 »
138 1025 192 1069 ad
215 1027 310 1069 me?
334 1027 347 1051 1
371 1044 390 1066 »
417 1035 596 1070 noverat
620 1041 735 1083 ergo.
760 1025 946 1079 Quando
969 1036 1113 1070 autem
1144 1025 1346 1071 columba
1370 1025 1468 1069 des·-

78 1095 250 1139 cendit?
272 1098 367 1139 Jam
401 1096 619 1155 baptizato
648 1097 861 1151 Domino,
885 1106 928 1140 et
956 1097 1010 1140 ab
1047 1112 1159 1155 aqua
1190 1097 1462 1140 ascendente.

78 1170 136 1212 At
157 1167 191 1210 si
212 1166 284 1209 ille
306 1166 382 1226 qui
404 1182 503 1210 eum
526 1167 660 1222 misit,
686 1167 794 1210 dixit
817 1186 825 1210 ε
852 1169 1022 1225 «Super
1045 1182 1176 1225 quem
1193 1166 1349 1210 videris
1375 1166 1468 1224 Spi-

85 1253 105 1276 »
142 1236 271 1279 ritum
302 1236 662 1291 descendentem,
693 1237 805 1280 sicut
833 1236 1109 1291 columbam,
1143 1245 1185 1279 et
1220 1245 1468 1279 manentem

81 1324 101 1347 »
138 1321 266 1365 super
287 1321 385 1350 eum
400 1341 410 1361 ,
436 1307 526 1365 ipse
548 1316 612 1350 est
637 1306 713 1366 qui
735 1306 925 1365 baptizat
947 1306 991 1349 in
1012 1306 1173 1365 Spiritu
1194 1315 1343 1349 5311010
1361 1324 1369 1350 ;
1388 1324 1405 1346 »
1426 1314 1469 1348 et

79 1393 169 1421 non
187 1387 366 1422 noverat
382 1393 498 1432 eum,
520 1377 594 1421 sed
610 1377 812 1422 columba
827 1376 1116 1421 descendente
1130 1377 1333 1435 cognovit
1349 1392 1466 1435 eum3

79 1447 283 1492 columba
305 1464 407 1492 vero
429 1457 522 1492 tum
545 1447 788 1502 descendit,
814 1447 991 1506 quando
1015 1447 1224 1491 Dominus
1263 1448 1317 1490 ab
1358 1463 1469 1506 aqua

80 1519 274 1562 ascendit
297 1539 308 1576 3
349 1528 454 1562 111110
493 1526 636 1561 autem
683 1526 945 1576 cognoverat
979 1520 1167 1561 Joannes
1204 1517 1435 1561 Dominum
1455 1551 1465 1571 ,

80 1590 257 1650 quando
280 1590 335 1633 ad
352 1605 451 1633 eum
474 1590 682 1633 Dominus
705 1588 758 1632 ad
784 1604 943 1648 aquam
965 1588 1169 1633 veniebat
1188 1603 1197 1629 t
1225 1587 1471 1632 manifesta-

81 1669 153 1704 tur
174 1659 315 1714 nobis,
337 1660 437 1720 quia
453 1662 642 1703 Joannes
657 1660 898 1703 secundum
921 1658 1085 1718 aliquid
1109 1667 1470 1712 noverat,secun-

81 1731 187 1774 dum
211 1730 376 1790 aliquid
398 1729 597 1775 nondum
620 1738 801 1775 noverat
822 1730 1072 1773 Dominum.
1106 1729 1193 1774 Nisi
1219 1738 1365 1772 autem
1386 1729 1470 1772 1100

81 1801 416 1845 intellexerimus
437 1837 447 1857 ,
474 1802 660 1845 mendax
682 1810 787 1845 erat.
813 1800 1043 1853 Quomodo
1063 1809 1154 1843 erat
1174 1815 1301 1843 verax
1324 1813 1470 1856 agnos-

82 1887 209 1926 cens,
234 1872 311 1932 qui
334 1871 440 1916 dicit
466 1891 474 1916 ε
505 1875 603 1915 «Tu
627 1871 681 1915 ad
712 1886 780 1914 me
814 1871 933 1914 venis
956 1869 1188 1929 baptizari,
1214 1878 1257 1912 et
1283 1883 1361 1925 ego
1384 1884 1406 1912 3
1430 1878 1471 1912 10

86 1961 106 1984 »
133 1942 274 1987 debeo
293 1943 550 2001 baptizariP»
570 1944 708 1985 Verax
723 1950 785 1985 est
808 1956 909 1984 cum
930 1941 1013 1984 hoc
1035 1940 1158 1983 dicit?
1176 1941 1232 1982 Et
1249 1937 1471 1997 quomodo

83 2028 228 2057 rursus
252 2028 377 2057 verax
401 2021 464 2056 est
484 2027 584 2056 cum
607 2011 710 2055 dicit
733 2030 741 2055 :
768 2014 897 2069 «Ego
920 2026 1008 2054 11011
1032 2024 1235 2054 noveram
1260 2023 1376 2062 eum,
1397 2006 1472 2051 sed

86 2102 107 2125 )›
143 2084 218 2144 qui
240 2084 354 2146 misit
377 2099 445 2126 me
467 2082 684 2141 baptizare
701 2082 746 2125 in
766 2098 899 2141 aqua,
925 2082 1015 2140 ipse
1037 2081 1144 2124 mihi
1166 2080 1272 2123 dixit
1297 2099 1305 2123 2
1336 2082 1473 2137 Super

88 2173 108 2197 »
144 2169 274 2215 quem
297 2153 452 2197 videris
478 2154 683 2212 Spiritum
704 2151 1035 2196 descendentem
1049 2186 1059 2205 ,
1080 2151 1190 2194 sicut
1204 2149 1468 2202 columbam,

89 2243 109 2266 »
145 2234 188 2268 et
210 2233 456 2267 manentem
479 2239 608 2282 super
631 2238 753 2276 eum,
778 2222 868 2280 ipse
891 2231 954 2264 est
975 2221 1049 2280 qui
1078 2220 1268 2278 baptizat
1298 2219 1342 2262 in
1374 2218 1472 2277 Spi-

89 2314 110 2338 »
146 2296 231 2338 ritu
260 2296 443 2339 531101οΡ
469 2312 488 2335 »
525 2294 722 2338 Innotuit
742 2308 818 2351 per
840 2291 1086 2335 columbam
1112 2291 1347 2344 Dominus,
1383 2304 1473 2332 non

89 2366 126 2409 ei
158 2366 234 2425 qui
262 2380 306 2409 se
338 2381 426 2409 non
458 2373 658 2418 noverat,
686 2363 760 2407 sed
783 2362 820 2405 ei
848 2362 922 2421 qui
944 2362 986 2404 in
1010 2376 1060 2404 eo
1084 2360 1247 2419 aliquid
1266 2367 1469 2413 noverat,

89 2434 254 2494 aliquid
282 2450 371 2478 non
399 2443 592 2478 noverat.
642 2436 845 2477 Nostrum
870 2440 933 2474 est
954 2446 1056 2488 ergo
1078 2445 1271 2489 quaerere
1293 2429 1401 2488 quid
1428 2428 1475 2471 in

90 2521 140 2550 eo
164 2508 350 2550 Joaunes
373 2504 569 2549 nondum
601 2512 810 2557 noverat,
847 2511 890 2546 et
913 2517 989 2561 per
1020 2500 1269 2545 columbam
1302 2498 1469 2543 didicit.

139 2597 145 2612 ¹
168 2590 266 2622 Matth
299 2600 345 2631 iu,
368 2589 418 2631 14.
