1819 3301
361 289 446 329 300
798 303 831 330 s.
867 298 1098 330 Auensnm
1131 295 1326 331 13121800121'

829 435 1065 485 QUAESTIO
1097 438 1273 477 XXXVI.

416 582 539 632 Quoi)
560 576 670 622 dixit
688 577 897 622 Dominus
913 576 968 623 ad
990 579 1231 624 Jerusalem
1251 597 1260 624 z
1279 579 1495 633 «Quoties
1511 579 1631 625 volui
1646 596 1746 627 con-

358 666 379 692 »
416 663 592 708 gregare
617 647 728 692 filios
758 657 856 694 tuos
876 684 887 704 ‚
918 649 1030 695 sieut
1057 650 1215 709 gallina
1250 659 1488 710 congregat
1516 651 1627 696 filios
1647 668 1746 698 suos

358 737 378 761 »
414 718 497 763 sub
518 717 605 763 alas
623 754 634 773 ,
661 728 704 763 et
721 718 955 764 noluisti1?
980 740 998 762 υ
1023 723 1115 765 Hoc
1134 736 1270 780 genus
1286 721 1516 766 animantis
1538 737 1746 780 magnum

356 788 562 833 affectum
586 789 631 832 in
654 789 763 834 filios
792 790 950 845 habet,
981 790 1040 835 ita
1062 799 1111 835 ut
1132 806 1284 835 eorum
1314 791 1567 836 infirmitate
1589 793 1746 839 affecta

354 869 398 904 et
420 860 510 919 ipsa
537 860 810 918 infirmetur3
837 870 880 905 et
902 861 1022 921 quod
1047 861 1268 906 difficilius
1291 862 1337 905 in
1357 862 1522 907 caeteris
1545 864 1746 908 animan-

354 931 471 975 tibus
503 931 720 987 invenies,
747 930 823 976 alis
858 933 944 977 suis
978 933 1104 989 filios,
1138 943 1368 993 protegens
1390 943 1541 979 eontra
1562 934 1746 980 milvum

354 1012 520 1062 pugnet
547 1022 556 1047 ε
582 1003 640 1047 sic
673 1002 802 1046 etiam
825 1013 962 1048 mater
980 1013 1125 1048 nostra
1153 1004 1370 1064 Sapientia
1390 1005 1489 1061 Dei,
1515 1021 1590 1066 per
1606 1008 1746 1051 carnis

353 1074 670 1132 susceptionem
692 1074 907 1118 infirmata
926 1074 1117 1135 quodam
1142 1076 1273 1120 modo
1299 1095 1307 1120 :
1327 1075 1475 1134 (unde
1497 1086 1539 1121 et
1560 1080 1746 1136 Aposto—

353 1143 421 1188 lus
444 1144 550 1188 dieit
576 1164 584 1189 ;
615 1163 635 1186 «
656 1144 784 1197 Quod
815 1145 1037 1189 infirmum
1067 1156 1130 1191 est
1154 1147 1259 1201 Dei,
1296 1145 1448 1191 fortius
1473 1157 1535 1193 est
1553 1148 1745 1192 homini-

357 1233 376 1256 »
413 1215 556 1259 bus²z
595 1233 615 1256 »
642 1218 658 1273 >
690 1217 876 1275 protegit
915 1217 1213 1266 infirmitatem
1250 1227 1472 1273 nostram,
1510 1227 1551 1262 et
1590 1219 1747 1264 resistit

355 1285 552 1339 diabolo,
580 1301 634 1330 ne
667 1302 744 1330 nos
767 1287 920 1345 rapiat.
945 1291 993 1331 In
1017 1304 1103 1347 qua
1125 1287 1401 1341 defensione,
1428 1290 1549 1349 quod
1571 1289 1644 1333 illa
1672 1289 1746 1333 ad-

353 1372 499 1401 versus
522 1355 703 1400 milvum
726 1368 906 1402 conatur
937 1358 1121 1414 affeetu,
1158 1359 1251 1402 haee
1286 1358 1491 1404 adversus
1521 1359 1745 1405 diabolum

354 1428 523 1486 perficit
545 1437 773 1487 potestate.

823 1577 1058 1627 QUAESTIO
1089 1580 1281 1618 XXXVII.

415 1713 537 1763 Qnon
560 1710 770 1754 Dominus
789 1710 898 1753 dixit
920 1729 928 1754 :
950 1711 1111 1753 «Orate
1129 1725 1182 1753 ne
1204 1710 1280 1753 fiat
1298 1708 1401 1768 fuga
1424 1719 1564 1754 vestra
1588 1711 1746 1768 hyeme

358 1800 378 1823 »
414 1781 483 1825 vel
507 1781 688 1825 sabbato
708 1816 718 1835 ‚
748 1800 766 1821 >i
789 1780 834 1824 id
860 1790 944 1834 est,
971 1796 1025 1824 ne
1043 1780 1359 1839 impedimento
1380 1779 1528 1840 aliquo
1549 1780 1746 1825 detinea-

356 1852 463 1895 mini
491 1872 498 1896 :
525 1853 627 1911 quia
649 1861 691 1894 et
715 1852 870 1908 hyeme
889 1887 899 1905 ,
926 1851 1141 1895 imbribus
1163 1850 1232 1894 vel
1252 1851 1409 1909 frigore
1437 1870 1445 1894 :
1471 1861 1513 1894 et
1535 1852 1718 1895 sabbato
1733 1887 1744 1907 ‚

356 1922 402 1965 in
423 1938 511 1981 quo
539 1921 752 1981 proficisci
777 1937 866 1965 non
900 1921 1085 1976 licebat,
1124 1922 1445 1980 impediebatur
1478 1922 1574 1981 quis
1603 1921 1657 1965 ab
1682 1921 1750 1965 iti-

358 2008 475 2036 nere.
502 1992 582 2036 Vel
605 1991 748 2046 aliud,
774 2007 828 2034 ne
857 1991 901 2034 in
931 1992 1100 2035 tristitia
1129 2002 1203 2036 aut
1234 1991 1384 2036 laetitia
1407 2007 1550 2035 rerum
1576 2001 1747 2051 tempo-

361 2062 517 2108 ralium
540 2065 636 2123 quis
658 2063 907 2109 inveniatur
931 2078 953 2106 a
977 2061 1046 2105 die
1069 2061 1157 2106 illa.

816 2203 1050 2252 QUAESTIO
1082 2204 1291 2242 XXXVIII.

437 2339 563 2390 Quoi)
604 2335 815 2380 Dominus
848 2334 953 2378 dicit
987 2355 994 2378 z
1039 2354 1058 2375 «
1096 2336 1214 2378 Sicut
1244 2334 1358 2377 enim
1401 2332 1547 2391 fulgur
1581 2333 1669 2376 exit
1691 2333 1746 2377 ab

361 2427 381 2450 »
417 2408 595 2452 Oriente
611 2443 621 2461 ‚
644 2417 686 2451 et
715 2408 908 2466 pervenit
942 2422 1078 2466 iisqne
1109 2406 1162 2449 ad
1186 2406 1467 2449 Occidentem
1485 2441 1495 2459 ‚
1520 2405 1577 2448 ita
1600 2405 1680 2448 erit
1704 2413 1747 2448 et

362 2497 382 2519 ))
419 2478 630 2522 adventus
652 2478 750 2521 Filii
783 2478 996 2521 liominis⁴
1025 2497 1032 2521 :
1063 2476 1290 2519 »Orientis
1320 2486 1362 2519 et
1394 2475 1639 2519 Occidentis
1662 2490 1745 2519 no-

359 2549 476 2593 mine
496 2558 634 2593 totum
658 2550 808 2593 orbem
827 2548 922 2594 vult
939 2548 1178 2606 significare
1195 2583 1205 2602 ,
1227 2562 1302 2606 per
1325 2562 1456 2607 quem
1480 2545 1627 2590 futura
1651 2555 1760 2598 erat„

406 2652 415 2669 ¹
438 2646 657 2687 Matth.xx111,
679 2646 731 2688 37.
753 2664 793 2669 —
811 2654 823 2669 ⁷
847 2657 858 2678 1
879 2648 949 2679 Cor.
976 2657 999 2686 i,
1015 2645 1068 2677 ⁴15.
1089 2661 1128 2667 -—
1150 2642 1163 2667 3
1181 2644 1303 2676 Matth.
1329 2654 1414 2684 xxiv,
1434 2651 1533 2676 ⁴10.—-
1553 2642 1663 2675 lilbiit
1685 2651 1740 2684 27.
