<?xml version="1.0" encoding="UTF-8"?>
<!DOCTYPE html PUBLIC "-//W3C//DTD XHTML 1.0 Transitional//EN"
    "http://www.w3.org/TR/xhtml1/DTD/xhtml1-transitional.dtd">
<html xmlns="http://www.w3.org/1999/xhtml" xml:lang="en" lang="en">
 <head>
  <title>
</title>
<meta http-equiv="Content-Type" content="text/html;charset=utf-8" />
  <meta name='ocr-system' content='tesseract 3.04.00' />
  <meta name='ocr-capabilities' content='ocr_page ocr_carea ocr_par ocr_line ocrx_word'/>
</head>
<body>
  <div class='ocr_page' id='page_1' title='image "./operaomniaaccura14auguuoft_0255.png"; bbox 0 0 1819 3301; ppageno 0'>
   <div class='ocr_carea' id='block_1_1' title="bbox 411 284 1494 325">
    <p class='ocr_par' dir='ltr' id='par_1_1' title="bbox 411 284 1494 325">
     <span class='ocr_line' id='line_1_1' title="bbox 411 284 1494 325; baseline 0.007 -12"><span class='ocrx_word' id='word_1_1' title='bbox 411 287 548 315; x_wconf 71' lang='lat' dir='ltr'>sssnMo</span> <span class='ocrx_word' id='word_1_2' title='bbox 582 289 739 315; x_wconf 64' lang='lat' dir='ltr'>nonum</span> <span class='ocrx_word' id='word_1_3' title='bbox 771 288 814 314; x_wconf 75' lang='grc' dir='ltr'>ΙΝ</span> <span class='ocrx_word' id='word_1_4' title='bbox 849 289 1015 325; x_wconf 55' lang='lat' dir='ltr'><strong>MONTE,</strong></span> <span class='ocrx_word' id='word_1_5' title='bbox 1053 290 1132 315; x_wconf 64' lang='grc' dir='ltr'>ΜΒ.</span> <span class='ocrx_word' id='word_1_6' title='bbox 1172 292 1216 315; x_wconf 81' lang='lat'>11.</span> <span class='ocrx_word' id='word_1_7' title='bbox 1413 284 1494 321; x_wconf 68' lang='lat'>‘220</span> 
     </span>
    </p>
   </div>
   <div class='ocr_carea' id='block_1_2' title="bbox 109 353 1583 2535">
    <p class='ocr_par' dir='ltr' id='par_1_2' title="bbox 117 353 1523 1123">
     <span class='ocr_line' id='line_1_2' title="bbox 120 353 1496 417; baseline 0.001 -18"><span class='ocrx_word' id='word_1_8' title='bbox 120 353 407 399; x_wconf 77' lang='lat' dir='ltr'>occultissimo</span> <span class='ocrx_word' id='word_1_9' title='bbox 429 369 478 398; x_wconf 79' lang='lat' dir='ltr'>ae</span> <span class='ocrx_word' id='word_1_10' title='bbox 495 353 669 397; x_wconf 81' lang='lat' dir='ltr'>meritis.</span> <span class='ocrx_word' id='word_1_11' title='bbox 686 353 833 398; x_wconf 80' lang='lat' dir='ltr'>Causis</span> <span class='ocrx_word' id='word_1_12' title='bbox 856 353 983 396; x_wconf 83' lang='lat' dir='ltr'>etiam</span> <span class='ocrx_word' id='word_1_13' title='bbox 1006 369 1119 412; x_wconf 77' lang='lat' dir='ltr'>saepe</span> <span class='ocrx_word' id='word_1_14' title='bbox 1143 355 1377 400; x_wconf 74' lang='lat' dir='ltr'>manifestis</span> <span class='ocrx_word' id='word_1_15' title='bbox 1400 357 1496 417; x_wconf 75' lang='lat' dir='ltr'>dig-</span> 
     </span>
     <span class='ocr_line' id='line_1_3' title="bbox 119 423 1496 484; baseline 0.003 -15"><span class='ocrx_word' id='word_1_16' title='bbox 119 440 225 469; x_wconf 85' lang='lat' dir='ltr'>num</span> <span class='ocrx_word' id='word_1_17' title='bbox 243 424 412 484; x_wconf 85' lang='lat' dir='ltr'>judicat</span> <span class='ocrx_word' id='word_1_18' title='bbox 428 423 500 467; x_wconf 84' lang='lat' dir='ltr'>ille</span> <span class='ocrx_word' id='word_1_19' title='bbox 523 439 652 483; x_wconf 83' lang='lat' dir='ltr'>quem</span> <span class='ocrx_word' id='word_1_20' title='bbox 676 423 863 478; x_wconf 82' lang='lat' dir='ltr'>deserat,</span> <span class='ocrx_word' id='word_1_21' title='bbox 899 432 942 467; x_wconf 88' lang='lat' dir='ltr'>et</span> <span class='ocrx_word' id='word_1_22' title='bbox 970 423 1014 466; x_wconf 90' lang='lat' dir='ltr'>in</span> <span class='ocrx_word' id='word_1_23' title='bbox 1042 424 1325 468; x_wconf 77' lang='lat' dir='ltr'>tentationem</span> <span class='ocrx_word' id='word_1_24' title='bbox 1348 426 1496 473; x_wconf 83' lang='lat' dir='ltr'>induci</span> 
     </span>
     <span class='ocr_line' id='line_1_4' title="bbox 118 492 1497 550; baseline 0.002 -11"><span class='ocrx_word' id='word_1_25' title='bbox 118 495 244 539; x_wconf 88' lang='lat' dir='ltr'>sinat.</span> <span class='ocrx_word' id='word_1_26' title='bbox 265 493 397 538; x_wconf 87' lang='lat' dir='ltr'>Aliud</span> <span class='ocrx_word' id='word_1_27' title='bbox 423 502 486 537; x_wconf 90' lang='lat' dir='ltr'>est</span> <span class='ocrx_word' id='word_1_28' title='bbox 513 503 658 537; x_wconf 82' lang='lat' dir='ltr'>autem</span> <span class='ocrx_word' id='word_1_29' title='bbox 680 492 829 537; x_wconf 85' lang='lat' dir='ltr'>induci</span> <span class='ocrx_word' id='word_1_30' title='bbox 851 493 896 538; x_wconf 90' lang='lat' dir='ltr'>in</span> <span class='ocrx_word' id='word_1_31' title='bbox 920 493 1204 538; x_wconf 79' lang='lat' dir='ltr'>tentationem</span> <span class='ocrx_word' id='word_1_32' title='bbox 1220 529 1232 550; x_wconf 90' lang='lat'>,</span> <span class='ocrx_word' id='word_1_33' title='bbox 1257 495 1376 540; x_wconf 85' lang='lat' dir='ltr'>aliud</span> <span class='ocrx_word' id='word_1_34' title='bbox 1398 506 1497 542; x_wconf 84' lang='lat' dir='ltr'>ten·</span> 
     </span>
     <span class='ocr_line' id='line_1_5' title="bbox 118 564 1517 626; baseline 0.002 -16"><span class='ocrx_word' id='word_1_35' title='bbox 118 565 214 610; x_wconf 84' lang='lat' dir='ltr'>tari.</span> <span class='ocrx_word' id='word_1_36' title='bbox 235 566 344 610; x_wconf 87' lang='lat' dir='ltr'>Nam</span> <span class='ocrx_word' id='word_1_37' title='bbox 360 564 452 607; x_wconf 89' lang='lat' dir='ltr'>siue</span> <span class='ocrx_word' id='word_1_38' title='bbox 473 564 712 607; x_wconf 72' lang='lat' dir='ltr'>tentatione</span> <span class='ocrx_word' id='word_1_39' title='bbox 730 564 939 622; x_wconf 86' lang='lat' dir='ltr'>probatus</span> <span class='ocrx_word' id='word_1_40' title='bbox 962 579 1051 609; x_wconf 88' lang='lat' dir='ltr'>esse</span> <span class='ocrx_word' id='word_1_41' title='bbox 1066 564 1213 610; x_wconf 89' lang='lat' dir='ltr'>nullus</span> <span class='ocrx_word' id='word_1_42' title='bbox 1233 575 1391 626; x_wconf 88' lang='lat' dir='ltr'>potest,</span> <span class='ocrx_word' id='word_1_43' title='bbox 1408 568 1497 614; x_wconf 88' lang='lat' dir='ltr'>sive</span> <span class='ocrx_word' id='word_1_44' title='bbox 1516 567 1517 570; x_wconf 63' lang='grc'>’</span> 
     </span>
     <span class='ocr_line' id='line_1_6' title="bbox 117 634 1497 699; baseline 0.004 -20"><span class='ocrx_word' id='word_1_45' title='bbox 117 635 198 679; x_wconf 90' lang='lat' dir='ltr'>sibi</span> <span class='ocrx_word' id='word_1_46' title='bbox 220 635 323 694; x_wconf 84' lang='lat' dir='ltr'>ipsi,</span> <span class='ocrx_word' id='word_1_47' title='bbox 344 635 455 678; x_wconf 84' lang='lat' dir='ltr'>sieut</span> <span class='ocrx_word' id='word_1_48' title='bbox 471 634 681 693; x_wconf 84' lang='lat' dir='ltr'>seriptum</span> <span class='ocrx_word' id='word_1_49' title='bbox 703 642 766 677; x_wconf 87' lang='lat' dir='ltr'>est</span> <span class='ocrx_word' id='word_1_50' title='bbox 792 653 801 679; x_wconf 90' lang='lat'>:</span> <span class='ocrx_word' id='word_1_51' title='bbox 826 651 845 675; x_wconf 89' lang='lat'>«</span> <span class='ocrx_word' id='word_1_52' title='bbox 866 634 950 687; x_wconf 89' lang='lat' dir='ltr'>Qui</span> <span class='ocrx_word' id='word_1_53' title='bbox 968 650 1058 679; x_wconf 90' lang='lat' dir='ltr'>non</span> <span class='ocrx_word' id='word_1_54' title='bbox 1076 645 1139 680; x_wconf 88' lang='lat' dir='ltr'>est</span> <span class='ocrx_word' id='word_1_55' title='bbox 1160 645 1368 696; x_wconf 81' lang='lat' dir='ltr'>tentatus,</span> <span class='ocrx_word' id='word_1_56' title='bbox 1394 655 1497 699; x_wconf 86' lang='lat' dir='ltr'>qua-</span> 
     </span>
     <span class='ocr_line' id='line_1_7' title="bbox 120 703 1498 765; baseline 0.005 -16"><span class='ocrx_word' id='word_1_57' title='bbox 120 725 141 749; x_wconf 88' lang='lat'>»</span> <span class='ocrx_word' id='word_1_58' title='bbox 176 705 231 751; x_wconf 83' lang='lat' dir='ltr'>lia</span> <span class='ocrx_word' id='word_1_59' title='bbox 248 706 327 753; x_wconf 83' lang='lat' dir='ltr'>scit</span> <span class='ocrx_word' id='word_1_60' title='bbox 345 708 358 731; x_wconf 84' lang='lat'>²</span> <span class='ocrx_word' id='word_1_61' title='bbox 379 708 397 750; x_wconf 74' lang='grc' dir='ltr'>Ρ</span> <span class='ocrx_word' id='word_1_62' title='bbox 422 724 440 747; x_wconf 76' lang='lat' dir='ltr'>n</span> <span class='ocrx_word' id='word_1_63' title='bbox 462 706 548 750; x_wconf 89' lang='lat' dir='ltr'>sive</span> <span class='ocrx_word' id='word_1_64' title='bbox 572 703 659 760; x_wconf 91' lang='lat' dir='ltr'>alii,</span> <span class='ocrx_word' id='word_1_65' title='bbox 683 706 792 749; x_wconf 88' lang='lat' dir='ltr'>sieut</span> <span class='ocrx_word' id='word_1_66' title='bbox 812 705 1044 765; x_wconf 87' lang='lat' dir='ltr'>Apostolus</span> <span class='ocrx_word' id='word_1_67' title='bbox 1065 707 1125 751; x_wconf 88' lang='lat' dir='ltr'>ait</span> <span class='ocrx_word' id='word_1_68' title='bbox 1146 726 1155 753; x_wconf 72' lang='grc' dir='ltr'>ε</span> <span class='ocrx_word' id='word_1_69' title='bbox 1185 726 1205 750; x_wconf 89' lang='lat'>«</span> <span class='ocrx_word' id='word_1_70' title='bbox 1226 711 1282 753; x_wconf 88' lang='lat' dir='ltr'>Et</span> <span class='ocrx_word' id='word_1_71' title='bbox 1301 711 1498 756; x_wconf 88' lang='lat' dir='ltr'>tentatio-</span> 
     </span>
     <span class='ocr_line' id='line_1_8' title="bbox 120 776 1498 836; baseline 0.004 -16"><span class='ocrx_word' id='word_1_72' title='bbox 120 796 141 821; x_wconf 83' lang='lat'>»</span> <span class='ocrx_word' id='word_1_73' title='bbox 176 793 276 821; x_wconf 89' lang='lat' dir='ltr'>nem</span> <span class='ocrx_word' id='word_1_74' title='bbox 297 785 483 822; x_wconf 83' lang='lat' dir='ltr'>vestram</span> <span class='ocrx_word' id='word_1_75' title='bbox 501 776 546 820; x_wconf 88' lang='lat' dir='ltr'>in</span> <span class='ocrx_word' id='word_1_76' title='bbox 568 791 694 820; x_wconf 88' lang='lat' dir='ltr'>carne</span> <span class='ocrx_word' id='word_1_77' title='bbox 714 791 810 820; x_wconf 87' lang='lat' dir='ltr'>mea</span> <span class='ocrx_word' id='word_1_78' title='bbox 831 792 920 821; x_wconf 89' lang='lat' dir='ltr'>non</span> <span class='ocrx_word' id='word_1_79' title='bbox 936 777 1179 836; x_wconf 80' lang='lat' dir='ltr'>sprevistis²</span> <span class='ocrx_word' id='word_1_80' title='bbox 1196 798 1204 823; x_wconf 90' lang='lat'>:</span> <span class='ocrx_word' id='word_1_81' title='bbox 1222 797 1242 820; x_wconf 93' lang='lat'>»</span> <span class='ocrx_word' id='word_1_82' title='bbox 1258 780 1360 826; x_wconf 88' lang='lat' dir='ltr'>hine</span> <span class='ocrx_word' id='word_1_83' title='bbox 1382 783 1498 826; x_wconf 89' lang='lat' dir='ltr'>enim</span> 
     </span>
     <span class='ocr_line' id='line_1_9' title="bbox 118 847 1499 913; baseline 0.002 -19"><span class='ocrx_word' id='word_1_84' title='bbox 118 865 190 895; x_wconf 90' lang='lat' dir='ltr'>eos</span> <span class='ocrx_word' id='word_1_85' title='bbox 218 851 364 893; x_wconf 77' lang='lat' dir='ltr'>firmos</span> <span class='ocrx_word' id='word_1_86' title='bbox 398 849 487 908; x_wconf 90' lang='lat' dir='ltr'>ipse</span> <span class='ocrx_word' id='word_1_87' title='bbox 511 848 740 907; x_wconf 81' lang='lat' dir='ltr'>cognovit,</span> <span class='ocrx_word' id='word_1_88' title='bbox 768 847 887 908; x_wconf 87' lang='lat' dir='ltr'>quod</span> <span class='ocrx_word' id='word_1_89' title='bbox 909 848 968 892; x_wconf 89' lang='lat' dir='ltr'>eis</span> <span class='ocrx_word' id='word_1_90' title='bbox 987 848 1339 900; x_wconf 79' lang='lat' dir='ltr'>tribulationibus</span> <span class='ocrx_word' id='word_1_91' title='bbox 1356 886 1367 906; x_wconf 86' lang='lat'>‚</span> <span class='ocrx_word' id='word_1_92' title='bbox 1399 869 1499 913; x_wconf 80' lang='lat' dir='ltr'>quae</span> 
     </span>
     <span class='ocr_line' id='line_1_10' title="bbox 117 918 1500 981; baseline 0.001 -15"><span class='ocrx_word' id='word_1_93' title='bbox 117 920 326 981; x_wconf 82' lang='lat' dir='ltr'>Apostolo</span> <span class='ocrx_word' id='word_1_94' title='bbox 343 919 585 965; x_wconf 89' lang='lat' dir='ltr'>seeundum</span> <span class='ocrx_word' id='word_1_95' title='bbox 607 934 781 964; x_wconf 88' lang='lat' dir='ltr'>earnem</span> <span class='ocrx_word' id='word_1_96' title='bbox 804 918 1071 976; x_wconf 85' lang='lat' dir='ltr'>acciderant,</span> <span class='ocrx_word' id='word_1_97' title='bbox 1096 935 1186 964; x_wconf 89' lang='lat' dir='ltr'>non</span> <span class='ocrx_word' id='word_1_98' title='bbox 1207 931 1309 966; x_wconf 88' lang='lat' dir='ltr'>sunt</span> <span class='ocrx_word' id='word_1_99' title='bbox 1325 938 1347 966; x_wconf 81' lang='lat' dir='ltr'>a</span> <span class='ocrx_word' id='word_1_100' title='bbox 1365 924 1500 968; x_wconf 87' lang='lat' dir='ltr'>chari-</span> 
     </span>
     <span class='ocr_line' id='line_1_11' title="bbox 117 991 1499 1040; baseline 0.002 -3"><span class='ocrx_word' id='word_1_101' title='bbox 117 1001 204 1037; x_wconf 84' lang='lat' dir='ltr'>tate</span> <span class='ocrx_word' id='word_1_102' title='bbox 225 992 395 1036; x_wconf 77' lang='lat' dir='ltr'>deflexi.</span> <span class='ocrx_word' id='word_1_103' title='bbox 421 994 530 1037; x_wconf 87' lang='lat' dir='ltr'>Nam</span> <span class='ocrx_word' id='word_1_104' title='bbox 549 994 638 1035; x_wconf 91' lang='lat' dir='ltr'>Deo</span> <span class='ocrx_word' id='word_1_105' title='bbox 656 991 749 1036; x_wconf 87' lang='lat' dir='ltr'>noti</span> <span class='ocrx_word' id='word_1_106' title='bbox 771 1006 919 1035; x_wconf 90' lang='lat' dir='ltr'>sumus</span> <span class='ocrx_word' id='word_1_107' title='bbox 941 1000 984 1036; x_wconf 88' lang='lat' dir='ltr'>et</span> <span class='ocrx_word' id='word_1_108' title='bbox 1006 1000 1105 1036; x_wconf 87' lang='lat' dir='ltr'>ante</span> <span class='ocrx_word' id='word_1_109' title='bbox 1122 1007 1271 1038; x_wconf 87' lang='lat' dir='ltr'>omnes</span> <span class='ocrx_word' id='word_1_110' title='bbox 1296 995 1499 1040; x_wconf 88' lang='lat' dir='ltr'>tentatio-</span> 
     </span>
     <span class='ocr_line' id='line_1_12' title="bbox 117 1062 967 1123; baseline -0.002 -16"><span class='ocrx_word' id='word_1_111' title='bbox 117 1079 191 1107; x_wconf 86' lang='lat' dir='ltr'>nes</span> <span class='ocrx_word' id='word_1_112' title='bbox 208 1098 218 1117; x_wconf 88' lang='lat'>,</span> <span class='ocrx_word' id='word_1_113' title='bbox 244 1064 320 1123; x_wconf 83' lang='lat' dir='ltr'>qui</span> <span class='ocrx_word' id='word_1_114' title='bbox 340 1063 418 1107; x_wconf 87' lang='lat' dir='ltr'>seit</span> <span class='ocrx_word' id='word_1_115' title='bbox 436 1063 579 1107; x_wconf 85' lang='lat' dir='ltr'>omnia</span> <span class='ocrx_word' id='word_1_116' title='bbox 596 1071 830 1122; x_wconf 79' lang='lat' dir='ltr'>antequam</span> <span class='ocrx_word' id='word_1_117' title='bbox 846 1062 967 1106; x_wconf 87' lang='lat' dir='ltr'>fiant.</span> 
     </span>
    </p>

    <p class='ocr_par' dir='ltr' id='par_1_3' title="bbox 109 1132 1540 2386">
     <span class='ocr_line' id='line_1_13' title="bbox 174 1132 1500 1192; baseline 0.002 -15"><span class='ocrx_word' id='word_1_118' title='bbox 174 1135 345 1178; x_wconf 68' lang='lat' dir='ltr'>XXXI..</span> <span class='ocrx_word' id='word_1_119' title='bbox 362 1132 487 1186; x_wconf 87' lang='lat' dir='ltr'>Quod</span> <span class='ocrx_word' id='word_1_120' title='bbox 508 1133 656 1192; x_wconf 85' lang='lat' dir='ltr'>itaque</span> <span class='ocrx_word' id='word_1_121' title='bbox 685 1132 894 1191; x_wconf 86' lang='lat' dir='ltr'>seriptum</span> <span class='ocrx_word' id='word_1_122' title='bbox 916 1141 980 1176; x_wconf 89' lang='lat' dir='ltr'>est</span> <span class='ocrx_word' id='word_1_123' title='bbox 1005 1150 1014 1177; x_wconf 74' lang='grc' dir='ltr'><em>τ</em></span> <span class='ocrx_word' id='word_1_124' title='bbox 1046 1150 1064 1174; x_wconf 89' lang='lat'>«</span> <span class='ocrx_word' id='word_1_125' title='bbox 1088 1135 1243 1178; x_wconf 82' lang='lat' dir='ltr'>Tentat</span> <span class='ocrx_word' id='word_1_126' title='bbox 1260 1150 1335 1179; x_wconf 90' lang='lat' dir='ltr'>vos</span> <span class='ocrx_word' id='word_1_127' title='bbox 1358 1137 1500 1180; x_wconf 89' lang='lat' dir='ltr'>Domi-</span> 
     </span>
     <span class='ocr_line' id='line_1_14' title="bbox 120 1201 1500 1261; baseline 0.004 -16"><span class='ocrx_word' id='word_1_128' title='bbox 120 1222 140 1245; x_wconf 90' lang='lat'>»</span> <span class='ocrx_word' id='word_1_129' title='bbox 176 1219 257 1247; x_wconf 91' lang='lat' dir='ltr'>nus</span> <span class='ocrx_word' id='word_1_130' title='bbox 278 1207 388 1247; x_wconf 91' lang='lat' dir='ltr'>Deus</span> <span class='ocrx_word' id='word_1_131' title='bbox 411 1211 572 1258; x_wconf 86' lang='lat' dir='ltr'>vester,</span> <span class='ocrx_word' id='word_1_132' title='bbox 601 1212 650 1247; x_wconf 87' lang='lat' dir='ltr'>ut</span> <span class='ocrx_word' id='word_1_133' title='bbox 671 1202 776 1247; x_wconf 85' lang='lat' dir='ltr'>sciat</span> <span class='ocrx_word' id='word_1_134' title='bbox 797 1202 831 1246; x_wconf 88' lang='lat' dir='ltr'>si</span> <span class='ocrx_word' id='word_1_135' title='bbox 849 1201 1024 1261; x_wconf 81' lang='lat' dir='ltr'>diligitis</span> <span class='ocrx_word' id='word_1_136' title='bbox 1043 1218 1142 1246; x_wconf 90' lang='lat' dir='ltr'>eum</span> <span class='ocrx_word' id='word_1_137' title='bbox 1159 1205 1175 1230; x_wconf 80' lang='lat'>³</span> <span class='ocrx_word' id='word_1_138' title='bbox 1201 1223 1210 1249; x_wconf 79' lang='lat'>2</span> <span class='ocrx_word' id='word_1_139' title='bbox 1237 1222 1258 1246; x_wconf 93' lang='lat'>»</span> <span class='ocrx_word' id='word_1_140' title='bbox 1282 1204 1356 1249; x_wconf 90' lang='lat' dir='ltr'>illa</span> <span class='ocrx_word' id='word_1_141' title='bbox 1378 1206 1500 1251; x_wconf 88' lang='lat' dir='ltr'>loeu-</span> 
     </span>
     <span class='ocr_line' id='line_1_15' title="bbox 117 1273 1501 1334; baseline 0.003 -16"><span class='ocrx_word' id='word_1_142' title='bbox 117 1275 234 1318; x_wconf 89' lang='lat' dir='ltr'>tione</span> <span class='ocrx_word' id='word_1_143' title='bbox 255 1275 442 1334; x_wconf 77' lang='lat' dir='ltr'>pesitum</span> <span class='ocrx_word' id='word_1_144' title='bbox 465 1283 528 1318; x_wconf 87' lang='lat' dir='ltr'>est</span> <span class='ocrx_word' id='word_1_145' title='bbox 549 1308 560 1328; x_wconf 84' lang='lat'>‚</span> <span class='ocrx_word' id='word_1_146' title='bbox 584 1281 634 1316; x_wconf 88' lang='lat' dir='ltr'>ut</span> <span class='ocrx_word' id='word_1_147' title='bbox 651 1273 777 1328; x_wconf 82' lang='lat' dir='ltr'>sciat,</span> <span class='ocrx_word' id='word_1_148' title='bbox 808 1289 887 1332; x_wconf 87' lang='lat' dir='ltr'>pro</span> <span class='ocrx_word' id='word_1_149' title='bbox 908 1288 959 1317; x_wconf 93' lang='lat' dir='ltr'>eo</span> <span class='ocrx_word' id='word_1_150' title='bbox 982 1275 1102 1333; x_wconf 85' lang='lat' dir='ltr'>quod</span> <span class='ocrx_word' id='word_1_151' title='bbox 1124 1284 1185 1319; x_wconf 88' lang='lat' dir='ltr'>est</span> <span class='ocrx_word' id='word_1_152' title='bbox 1202 1310 1212 1330; x_wconf 81' lang='lat'><strong>‚</strong></span> <span class='ocrx_word' id='word_1_153' title='bbox 1235 1284 1283 1319; x_wconf 90' lang='lat' dir='ltr'>ut</span> <span class='ocrx_word' id='word_1_154' title='bbox 1298 1277 1405 1320; x_wconf 85' lang='lat' dir='ltr'>scire</span> <span class='ocrx_word' id='word_1_155' title='bbox 1427 1293 1501 1322; x_wconf 92' lang='lat' dir='ltr'>vos</span> 
     </span>
     <span class='ocr_line' id='line_1_16' title="bbox 117 1343 1500 1406; baseline 0.002 -17"><span class='ocrx_word' id='word_1_156' title='bbox 117 1343 272 1402; x_wconf 81' lang='lat' dir='ltr'>faeiat3</span> <span class='ocrx_word' id='word_1_157' title='bbox 312 1344 423 1388; x_wconf 85' lang='lat' dir='ltr'>sieut</span> <span class='ocrx_word' id='word_1_158' title='bbox 455 1343 571 1387; x_wconf 89' lang='lat' dir='ltr'>diem</span> <span class='ocrx_word' id='word_1_159' title='bbox 602 1343 755 1387; x_wconf 82' lang='lat' dir='ltr'>laetum</span> <span class='ocrx_word' id='word_1_160' title='bbox 793 1343 1001 1399; x_wconf 81' lang='lat' dir='ltr'>dicimus,</span> <span class='ocrx_word' id='word_1_161' title='bbox 1033 1345 1152 1404; x_wconf 86' lang='lat' dir='ltr'>quod</span> <span class='ocrx_word' id='word_1_162' title='bbox 1188 1345 1310 1390; x_wconf 75' lang='lat' dir='ltr'>laetos</span> <span class='ocrx_word' id='word_1_163' title='bbox 1342 1346 1500 1406; x_wconf 79' lang='lat' dir='ltr'>saeiat3</span> 
     </span>
     <span class='ocr_line' id='line_1_17' title="bbox 116 1413 1503 1474; baseline 0.004 -16"><span class='ocrx_word' id='word_1_164' title='bbox 116 1415 253 1473; x_wconf 83' lang='lat' dir='ltr'>frigus</span> <span class='ocrx_word' id='word_1_165' title='bbox 288 1415 485 1474; x_wconf 83' lang='lat' dir='ltr'>pigrum,</span> <span class='ocrx_word' id='word_1_166' title='bbox 518 1413 638 1474; x_wconf 86' lang='lat' dir='ltr'>quod</span> <span class='ocrx_word' id='word_1_167' title='bbox 669 1413 813 1472; x_wconf 82' lang='lat' dir='ltr'>pigros</span> <span class='ocrx_word' id='word_1_168' title='bbox 842 1413 970 1472; x_wconf 79' lang='lat' dir='ltr'>faeit3</span> <span class='ocrx_word' id='word_1_169' title='bbox 1002 1424 1044 1459; x_wconf 87' lang='lat' dir='ltr'>et</span> <span class='ocrx_word' id='word_1_170' title='bbox 1072 1415 1401 1462; x_wconf 80' lang='lat' dir='ltr'>innumerabilia</span> <span class='ocrx_word' id='word_1_171' title='bbox 1423 1420 1503 1463; x_wconf 90' lang='lat' dir='ltr'>hu-</span> 
     </span>
     <span class='ocr_line' id='line_1_18' title="bbox 109 1483 1501 1545; baseline 0.004 -17"><span class='ocrx_word' id='word_1_172' title='bbox 109 1483 301 1545; x_wconf 85' lang='lat' dir='ltr'>jusmodi</span> <span class='ocrx_word' id='word_1_173' title='bbox 319 1519 329 1539; x_wconf 88' lang='lat'>,</span> <span class='ocrx_word' id='word_1_174' title='bbox 356 1500 455 1545; x_wconf 76' lang='lat' dir='ltr'>quae</span> <span class='ocrx_word' id='word_1_175' title='bbox 472 1484 558 1528; x_wconf 86' lang='lat' dir='ltr'>sive</span> <span class='ocrx_word' id='word_1_176' title='bbox 582 1484 627 1527; x_wconf 89' lang='lat' dir='ltr'>in</span> <span class='ocrx_word' id='word_1_177' title='bbox 650 1483 965 1528; x_wconf 86' lang='lat' dir='ltr'>consuetudine</span> <span class='ocrx_word' id='word_1_178' title='bbox 986 1484 1219 1545; x_wconf 88' lang='lat' dir='ltr'>loquendi,</span> <span class='ocrx_word' id='word_1_179' title='bbox 1246 1487 1334 1531; x_wconf 88' lang='lat' dir='ltr'>sive</span> <span class='ocrx_word' id='word_1_180' title='bbox 1355 1489 1400 1531; x_wconf 86' lang='lat' dir='ltr'>in</span> <span class='ocrx_word' id='word_1_181' title='bbox 1419 1504 1501 1533; x_wconf 88' lang='lat' dir='ltr'>ser-</span> 
     </span>
     <span class='ocr_line' id='line_1_19' title="bbox 116 1555 1497 1618; baseline 0.004 -18"><span class='ocrx_word' id='word_1_182' title='bbox 116 1572 245 1601; x_wconf 89' lang='lat' dir='ltr'>mone</span> <span class='ocrx_word' id='word_1_183' title='bbox 270 1557 521 1610; x_wconf 81' lang='lat' dir='ltr'>doetorum‚</span> <span class='ocrx_word' id='word_1_184' title='bbox 558 1556 645 1600; x_wconf 90' lang='lat' dir='ltr'>sive</span> <span class='ocrx_word' id='word_1_185' title='bbox 674 1555 719 1599; x_wconf 89' lang='lat' dir='ltr'>in</span> <span class='ocrx_word' id='word_1_186' title='bbox 755 1556 985 1615; x_wconf 85' lang='lat' dir='ltr'>Scripturis</span> <span class='ocrx_word' id='word_1_187' title='bbox 1013 1558 1171 1602; x_wconf 82' lang='lat' dir='ltr'>sanetis</span> <span class='ocrx_word' id='word_1_188' title='bbox 1206 1560 1497 1618; x_wconf 88' lang='lat' dir='ltr'>reperiuntur.</span> 
     </span>
     <span class='ocr_line' id='line_1_20' title="bbox 116 1626 1501 1686; baseline 0.004 -15"><span class='ocrx_word' id='word_1_189' title='bbox 116 1627 246 1681; x_wconf 79' lang='lat' dir='ltr'>Quod</span> <span class='ocrx_word' id='word_1_190' title='bbox 278 1643 367 1672; x_wconf 88' lang='lat' dir='ltr'>non</span> <span class='ocrx_word' id='word_1_191' title='bbox 398 1626 687 1684; x_wconf 80' lang='lat' dir='ltr'>intelligentes</span> <span class='ocrx_word' id='word_1_192' title='bbox 723 1626 916 1670; x_wconf 65' lang='lat' dir='ltr'>haeretiei</span> <span class='ocrx_word' id='word_1_193' title='bbox 953 1627 1029 1686; x_wconf 84' lang='lat' dir='ltr'>qui</span> <span class='ocrx_word' id='word_1_194' title='bbox 1051 1628 1194 1671; x_wconf 89' lang='lat' dir='ltr'>Veteri</span> <span class='ocrx_word' id='word_1_195' title='bbox 1228 1632 1501 1676; x_wconf 88' lang='lat' dir='ltr'>Testamento</span> 
     </span>
     <span class='ocr_line' id='line_1_21' title="bbox 116 1696 1502 1758; baseline 0.003 -16"><span class='ocrx_word' id='word_1_196' title='bbox 116 1698 413 1752; x_wconf 77' lang='lat' dir='ltr'>adversantur,</span> <span class='ocrx_word' id='word_1_197' title='bbox 429 1696 550 1741; x_wconf 87' lang='lat' dir='ltr'>velut</span> <span class='ocrx_word' id='word_1_198' title='bbox 567 1696 820 1754; x_wconf 61' lang='lat' dir='ltr'>ignorantiae</span> <span class='ocrx_word' id='word_1_199' title='bbox 840 1697 943 1740; x_wconf 89' lang='lat' dir='ltr'>vitio</span> <span class='ocrx_word' id='word_1_200' title='bbox 961 1697 1205 1741; x_wconf 83' lang='lat' dir='ltr'>notandum</span> <span class='ocrx_word' id='word_1_201' title='bbox 1227 1708 1384 1758; x_wconf 84' lang='lat' dir='ltr'>putant</span> <span class='ocrx_word' id='word_1_202' title='bbox 1401 1716 1502 1746; x_wconf 85' lang='lat' dir='ltr'>eum</span> 
     </span>
     <span class='ocr_line' id='line_1_22' title="bbox 115 1767 1496 1828; baseline 0.001 -16"><span class='ocrx_word' id='word_1_203' title='bbox 115 1768 170 1812; x_wconf 87' lang='lat' dir='ltr'>de</span> <span class='ocrx_word' id='word_1_204' title='bbox 191 1783 279 1828; x_wconf 83' lang='lat' dir='ltr'>quo</span> <span class='ocrx_word' id='word_1_205' title='bbox 297 1768 462 1811; x_wconf 84' lang='lat' dir='ltr'>dietum</span> <span class='ocrx_word' id='word_1_206' title='bbox 485 1775 548 1810; x_wconf 88' lang='lat' dir='ltr'>est</span> <span class='ocrx_word' id='word_1_207' title='bbox 574 1785 582 1810; x_wconf 92' lang='lat'>:</span> <span class='ocrx_word' id='word_1_208' title='bbox 608 1785 628 1808; x_wconf 74' lang='grc' dir='ltr'>κ</span> <span class='ocrx_word' id='word_1_209' title='bbox 655 1769 810 1809; x_wconf 88' lang='lat' dir='ltr'>Tentat</span> <span class='ocrx_word' id='word_1_210' title='bbox 831 1781 906 1810; x_wconf 90' lang='lat' dir='ltr'>vos</span> <span class='ocrx_word' id='word_1_211' title='bbox 930 1767 1141 1811; x_wconf 87' lang='lat' dir='ltr'>Dominus</span> <span class='ocrx_word' id='word_1_212' title='bbox 1160 1771 1273 1812; x_wconf 91' lang='lat' dir='ltr'>Deus</span> <span class='ocrx_word' id='word_1_213' title='bbox 1291 1779 1452 1816; x_wconf 87' lang='lat' dir='ltr'>vester:</span> <span class='ocrx_word' id='word_1_214' title='bbox 1476 1790 1496 1813; x_wconf 85' lang='lat'>»</span> 
     </span>
     <span class='ocr_line' id='line_1_23' title="bbox 114 1835 1500 1898; baseline 0.004 -16"><span class='ocrx_word' id='word_1_215' title='bbox 114 1838 238 1898; x_wconf 86' lang='lat' dir='ltr'>quasi</span> <span class='ocrx_word' id='word_1_216' title='bbox 264 1839 309 1882; x_wconf 90' lang='lat' dir='ltr'>in</span> <span class='ocrx_word' id='word_1_217' title='bbox 332 1835 571 1895; x_wconf 83' lang='lat' dir='ltr'>Evangelio</span> <span class='ocrx_word' id='word_1_218' title='bbox 593 1835 657 1880; x_wconf 65' lang='lat' dir='ltr'>de&#39;</span> <span class='ocrx_word' id='word_1_219' title='bbox 682 1836 867 1879; x_wconf 85' lang='lat' dir='ltr'>Domino</span> <span class='ocrx_word' id='word_1_220' title='bbox 900 1836 1108 1895; x_wconf 84' lang='lat' dir='ltr'>seriptum</span> <span class='ocrx_word' id='word_1_221' title='bbox 1129 1853 1217 1881; x_wconf 90' lang='lat' dir='ltr'>non</span> <span class='ocrx_word' id='word_1_222' title='bbox 1245 1839 1298 1883; x_wconf 90' lang='lat' dir='ltr'>sit</span> <span class='ocrx_word' id='word_1_223' title='bbox 1325 1859 1332 1884; x_wconf 93' lang='lat'>:</span> <span class='ocrx_word' id='word_1_224' title='bbox 1359 1860 1377 1882; x_wconf 87' lang='lat'>«</span> <span class='ocrx_word' id='word_1_225' title='bbox 1407 1835 1500 1887; x_wconf 77' lang='lat' dir='ltr'>Hoe</span> 
     </span>
     <span class='ocr_line' id='line_1_24' title="bbox 118 1906 1500 1970; baseline 0.005 -21"><span class='ocrx_word' id='word_1_226' title='bbox 118 1926 138 1949; x_wconf 86' lang='lat'>»</span> <span class='ocrx_word' id='word_1_227' title='bbox 174 1917 319 1952; x_wconf 84' lang='lat' dir='ltr'>autem</span> <span class='ocrx_word' id='word_1_228' title='bbox 341 1906 515 1951; x_wconf 84' lang='lat' dir='ltr'>dicebat</span> <span class='ocrx_word' id='word_1_229' title='bbox 532 1915 703 1950; x_wconf 85' lang='lat' dir='ltr'>tentans</span> <span class='ocrx_word' id='word_1_230' title='bbox 726 1921 827 1949; x_wconf 90' lang='lat' dir='ltr'>eum</span> <span class='ocrx_word' id='word_1_231' title='bbox 860 1925 867 1950; x_wconf 92' lang='lat'>:</span> <span class='ocrx_word' id='word_1_232' title='bbox 888 1921 989 1949; x_wconf 84' lang='lat' dir='ltr'>nam</span> <span class='ocrx_word' id='word_1_233' title='bbox 1011 1907 1101 1965; x_wconf 90' lang='lat' dir='ltr'>ipse</span> <span class='ocrx_word' id='word_1_234' title='bbox 1124 1909 1286 1953; x_wconf 85' lang='lat' dir='ltr'>sciebat</span> <span class='ocrx_word' id='word_1_235' title='bbox 1307 1910 1412 1970; x_wconf 86' lang='lat' dir='ltr'>quid</span> <span class='ocrx_word' id='word_1_236' title='bbox 1432 1927 1500 1956; x_wconf 90' lang='lat' dir='ltr'>es-</span> 
     </span>
     <span class='ocr_line' id='line_1_25' title="bbox 116 1976 1500 2039; baseline 0.005 -19"><span class='ocrx_word' id='word_1_237' title='bbox 116 1997 137 2021; x_wconf 80' lang='lat'>»</span> <span class='ocrx_word' id='word_1_238' title='bbox 173 1987 236 2022; x_wconf 90' lang='lat' dir='ltr'>set</span> <span class='ocrx_word' id='word_1_239' title='bbox 258 1977 452 2022; x_wconf 84' lang='lat' dir='ltr'>facturus</span> <span class='ocrx_word' id='word_1_240' title='bbox 471 1977 502 2020; x_wconf 77' lang='lat'>4.</span> <span class='ocrx_word' id='word_1_241' title='bbox 531 1994 550 2018; x_wconf 84' lang='lat'>&gt;›</span> <span class='ocrx_word' id='word_1_242' title='bbox 579 1976 621 2021; x_wconf 88' lang='lat' dir='ltr'>Si</span> <span class='ocrx_word' id='word_1_243' title='bbox 642 1976 759 2019; x_wconf 87' lang='lat' dir='ltr'>enim</span> <span class='ocrx_word' id='word_1_244' title='bbox 781 1985 960 2021; x_wconf 86' lang='lat' dir='ltr'>noverat</span> <span class='ocrx_word' id='word_1_245' title='bbox 982 1992 1056 2021; x_wconf 86' lang='lat' dir='ltr'>eor</span> <span class='ocrx_word' id='word_1_246' title='bbox 1080 1979 1172 2037; x_wconf 86' lang='lat' dir='ltr'>ejus</span> <span class='ocrx_word' id='word_1_247' title='bbox 1194 1995 1325 2039; x_wconf 86' lang='lat' dir='ltr'>quem</span> <span class='ocrx_word' id='word_1_248' title='bbox 1356 1990 1500 2028; x_wconf 85' lang='lat' dir='ltr'>tenta—</span> 
     </span>
     <span class='ocr_line' id='line_1_26' title="bbox 114 2045 1500 2109; baseline 0.004 -16"><span class='ocrx_word' id='word_1_249' title='bbox 114 2049 214 2104; x_wconf 82' lang='lat' dir='ltr'>bat,</span> <span class='ocrx_word' id='word_1_250' title='bbox 239 2048 346 2109; x_wconf 89' lang='lat' dir='ltr'>quid</span> <span class='ocrx_word' id='word_1_251' title='bbox 373 2057 436 2092; x_wconf 90' lang='lat' dir='ltr'>est</span> <span class='ocrx_word' id='word_1_252' title='bbox 462 2048 583 2108; x_wconf 85' lang='lat' dir='ltr'>quod</span> <span class='ocrx_word' id='word_1_253' title='bbox 603 2045 743 2091; x_wconf 89' lang='lat' dir='ltr'>voluit</span> <span class='ocrx_word' id='word_1_254' title='bbox 764 2045 910 2090; x_wconf 78' lang='lat' dir='ltr'>videre</span> <span class='ocrx_word' id='word_1_255' title='bbox 931 2048 1138 2093; x_wconf 84' lang='lat' dir='ltr'>tentando</span> <span class='ocrx_word' id='word_1_256' title='bbox 1156 2085 1167 2104; x_wconf 81' lang='lat'>‚</span> <span class='ocrx_word' id='word_1_257' title='bbox 1196 2052 1279 2094; x_wconf 88' lang='lat' dir='ltr'>Sed</span> <span class='ocrx_word' id='word_1_258' title='bbox 1303 2053 1500 2109; x_wconf 84' lang='lat' dir='ltr'>profecto</span> 
     </span>
     <span class='ocr_line' id='line_1_27' title="bbox 115 2117 1494 2181; baseline 0.003 -18"><span class='ocrx_word' id='word_1_259' title='bbox 115 2119 222 2164; x_wconf 87' lang='lat' dir='ltr'>illud</span> <span class='ocrx_word' id='word_1_260' title='bbox 251 2120 417 2164; x_wconf 86' lang='lat' dir='ltr'>factum</span> <span class='ocrx_word' id='word_1_261' title='bbox 440 2128 523 2174; x_wconf 85' lang='lat' dir='ltr'>est,</span> <span class='ocrx_word' id='word_1_262' title='bbox 549 2127 599 2162; x_wconf 90' lang='lat' dir='ltr'>ut</span> <span class='ocrx_word' id='word_1_263' title='bbox 620 2118 709 2178; x_wconf 89' lang='lat' dir='ltr'>ipse</span> <span class='ocrx_word' id='word_1_264' title='bbox 731 2117 812 2162; x_wconf 80' lang='lat' dir='ltr'>sibi</span> <span class='ocrx_word' id='word_1_265' title='bbox 830 2127 959 2162; x_wconf 82' lang='lat' dir='ltr'>notus</span> <span class='ocrx_word' id='word_1_266' title='bbox 977 2120 1098 2163; x_wconf 80' lang='lat' dir='ltr'>fieret</span> <span class='ocrx_word' id='word_1_267' title='bbox 1113 2121 1189 2180; x_wconf 87' lang='lat' dir='ltr'>qui</span> <span class='ocrx_word' id='word_1_268' title='bbox 1213 2123 1463 2168; x_wconf 83' lang='lat' dir='ltr'>tentabatur</span> <span class='ocrx_word' id='word_1_269' title='bbox 1483 2160 1494 2181; x_wconf 85' lang='lat'>‚</span> 
     </span>
     <span class='ocr_line' id='line_1_28' title="bbox 115 2189 1502 2250; baseline 0.004 -16"><span class='ocrx_word' id='word_1_270' title='bbox 115 2206 325 2250; x_wconf 86' lang='lat' dir='ltr'>suamque</span> <span class='ocrx_word' id='word_1_271' title='bbox 347 2189 690 2250; x_wconf 87' lang='lat' dir='ltr'>desperationem</span> <span class='ocrx_word' id='word_1_272' title='bbox 713 2190 1023 2233; x_wconf 79' lang='lat' dir='ltr'>condemnaret</span> <span class='ocrx_word' id='word_1_273' title='bbox 1050 2192 1250 2235; x_wconf 83' lang='lat' dir='ltr'>saturatis</span> <span class='ocrx_word' id='word_1_274' title='bbox 1274 2193 1413 2237; x_wconf 88' lang='lat' dir='ltr'>turbis</span> <span class='ocrx_word' id='word_1_275' title='bbox 1447 2196 1502 2239; x_wconf 88' lang='lat' dir='ltr'>de</span> 
     </span>
     <span class='ocr_line' id='line_1_29' title="bbox 116 2259 1501 2320; baseline 0.004 -16"><span class='ocrx_word' id='word_1_276' title='bbox 116 2276 228 2320; x_wconf 86' lang='lat' dir='ltr'>pane</span> <span class='ocrx_word' id='word_1_277' title='bbox 258 2261 457 2316; x_wconf 80' lang='lat' dir='ltr'>Domini,</span> <span class='ocrx_word' id='word_1_278' title='bbox 488 2261 565 2320; x_wconf 82' lang='lat' dir='ltr'>qui</span> <span class='ocrx_word' id='word_1_279' title='bbox 599 2275 667 2304; x_wconf 83' lang='lat' dir='ltr'>eas</span> <span class='ocrx_word' id='word_1_280' title='bbox 706 2275 796 2304; x_wconf 91' lang='lat' dir='ltr'>non</span> <span class='ocrx_word' id='word_1_281' title='bbox 818 2259 978 2304; x_wconf 87' lang='lat' dir='ltr'>habere</span> <span class='ocrx_word' id='word_1_282' title='bbox 999 2261 1120 2319; x_wconf 85' lang='lat' dir='ltr'>quod</span> <span class='ocrx_word' id='word_1_283' title='bbox 1141 2261 1320 2307; x_wconf 89' lang='lat' dir='ltr'>ederent</span> <span class='ocrx_word' id='word_1_284' title='bbox 1357 2265 1501 2309; x_wconf 78' lang='lat' dir='ltr'>existi-</span> 
     </span>
     <span class='ocr_line' id='line_1_30' title="bbox 117 2340 1540 2386; baseline 0.001 -11"><span class='ocrx_word' id='word_1_285' title='bbox 117 2340 324 2375; x_wconf 86' lang='lat' dir='ltr'>maverat.</span> <span class='ocrx_word' id='word_1_286' title='bbox 1537 2380 1540 2386; x_wconf 62' lang='grc'><em>,</em></span> 
     </span>
    </p>

    <p class='ocr_par' dir='ltr' id='par_1_4' title="bbox 118 2389 1583 2535">
     <span class='ocr_line' id='line_1_31' title="bbox 176 2400 1583 2459; baseline 0.005 -14"><span class='ocrx_word' id='word_1_287' title='bbox 176 2403 364 2445; x_wconf 80' lang='lat' dir='ltr'><strong>XXXII.</strong></span> <span class='ocrx_word' id='word_1_288' title='bbox 391 2402 488 2446; x_wconf 90' lang='lat' dir='ltr'>Non</span> <span class='ocrx_word' id='word_1_289' title='bbox 510 2416 612 2459; x_wconf 81' lang='lat' dir='ltr'>ergo</span> <span class='ocrx_word' id='word_1_290' title='bbox 629 2400 700 2444; x_wconf 84' lang='lat' dir='ltr'>hie</span> <span class='ocrx_word' id='word_1_291' title='bbox 722 2409 870 2444; x_wconf 86' lang='lat' dir='ltr'>oratur</span> <span class='ocrx_word' id='word_1_292' title='bbox 887 2436 897 2456; x_wconf 82' lang='grc'>,</span> <span class='ocrx_word' id='word_1_293' title='bbox 922 2410 972 2446; x_wconf 89' lang='lat' dir='ltr'>ut</span> <span class='ocrx_word' id='word_1_294' title='bbox 988 2416 1077 2445; x_wconf 89' lang='lat' dir='ltr'>non</span> <span class='ocrx_word' id='word_1_295' title='bbox 1099 2410 1333 2459; x_wconf 85' lang='lat' dir='ltr'>tentemur,</span> <span class='ocrx_word' id='word_1_296' title='bbox 1359 2405 1435 2450; x_wconf 87' lang='lat' dir='ltr'>sed</span> <span class='ocrx_word' id='word_1_297' title='bbox 1453 2416 1502 2452; x_wconf 91' lang='lat' dir='ltr'>ut</span> <span class='ocrx_word' id='word_1_298' title='bbox 1578 2434 1583 2439; x_wconf 88' lang='lat'><strong>·</strong></span> 
     </span>
     <span class='ocr_line' id='line_1_32' title="bbox 118 2468 1544 2535; baseline 0.004 -20"><span class='ocrx_word' id='word_1_299' title='bbox 118 2487 208 2516; x_wconf 83' lang='lat' dir='ltr'>non</span> <span class='ocrx_word' id='word_1_300' title='bbox 229 2470 466 2514; x_wconf 82' lang='lat' dir='ltr'>inferamur</span> <span class='ocrx_word' id='word_1_301' title='bbox 501 2471 547 2515; x_wconf 87' lang='lat' dir='ltr'>in</span> <span class='ocrx_word' id='word_1_302' title='bbox 568 2471 852 2515; x_wconf 74' lang='lat' dir='ltr'>tentationem</span> <span class='ocrx_word' id='word_1_303' title='bbox 880 2491 887 2515; x_wconf 90' lang='lat'>:</span> <span class='ocrx_word' id='word_1_304' title='bbox 914 2481 1122 2531; x_wconf 80' lang='lat' dir='ltr'>tanquam</span> <span class='ocrx_word' id='word_1_305' title='bbox 1142 2474 1171 2516; x_wconf 87' lang='lat' dir='ltr'>si</span> <span class='ocrx_word' id='word_1_306' title='bbox 1195 2476 1407 2534; x_wconf 75' lang='lat' dir='ltr'>quispiam</span> <span class='ocrx_word' id='word_1_307' title='bbox 1429 2478 1500 2521; x_wconf 88' lang='lat' dir='ltr'>eui</span> <span class='ocrx_word' id='word_1_308' title='bbox 1536 2468 1544 2535; x_wconf 58' lang='grc' dir='ltr'><strong><em>ξ</em></strong></span> 
     </span>
    </p>
   </div>
   <div class='ocr_carea' id='block_1_3' title="bbox 168 2565 1558 2611">
    <p class='ocr_par' dir='ltr' id='par_1_5' title="bbox 168 2565 1558 2611">
     <span class='ocr_line' id='line_1_33' title="bbox 168 2565 1558 2611; baseline 0.006 -13"><span class='ocrx_word' id='word_1_309' title='bbox 168 2574 178 2588; x_wconf 88' lang='lat'>¹</span> <span class='ocrx_word' id='word_1_310' title='bbox 200 2566 300 2608; x_wconf 65' lang='lat' dir='ltr'>Eccli‚</span> <span class='ocrx_word' id='word_1_311' title='bbox 332 2577 441 2609; x_wconf 76' lang='lat' dir='ltr'>xxxiv,</span> <span class='ocrx_word' id='word_1_312' title='bbox 459 2578 480 2608; x_wconf 79' lang='lat'>9</span> <span class='ocrx_word' id='word_1_313' title='bbox 499 2570 531 2599; x_wconf 86' lang='lat' dir='ltr'>et</span> <span class='ocrx_word' id='word_1_314' title='bbox 551 2577 601 2600; x_wconf 88' lang='lat'>11.</span> <span class='ocrx_word' id='word_1_315' title='bbox 619 2583 659 2590; x_wconf 83' lang='lat'>--</span> <span class='ocrx_word' id='word_1_316' title='bbox 679 2573 691 2590; x_wconf 84' lang='lat'>²</span> <span class='ocrx_word' id='word_1_317' title='bbox 711 2566 779 2599; x_wconf 80' lang='lat' dir='ltr'>Gal.</span> <span class='ocrx_word' id='word_1_318' title='bbox 801 2577 847 2608; x_wconf 75' lang='lat' dir='ltr'>lv,</span> <span class='ocrx_word' id='word_1_319' title='bbox 867 2567 918 2599; x_wconf 84' lang='lat'>13.</span> <span class='ocrx_word' id='word_1_320' title='bbox 936 2584 976 2589; x_wconf 85' lang='lat'>—</span> <span class='ocrx_word' id='word_1_321' title='bbox 996 2565 1009 2591; x_wconf 71' lang='lat'><strong>3</strong></span> <span class='ocrx_word' id='word_1_322' title='bbox 1037 2571 1129 2600; x_wconf 63' lang='lat' dir='ltr'>licut.</span> <span class='ocrx_word' id='word_1_323' title='bbox 1151 2580 1225 2611; x_wconf 77' lang='lat' dir='ltr'>xm,</span> <span class='ocrx_word' id='word_1_324' title='bbox 1251 2570 1281 2603; x_wconf 83' lang='grc'>3.</span> <span class='ocrx_word' id='word_1_325' title='bbox 1309 2570 1383 2601; x_wconf 58' lang='grc'>»4</span> <span class='ocrx_word' id='word_1_326' title='bbox 1407 2575 1498 2606; x_wconf 85' lang='lat' dir='ltr'>Joan.</span> <span class='ocrx_word' id='word_1_327' title='bbox 1554 2567 1558 2570; x_wconf 15' lang='lat' dir='ltr'>i</span> 
     </span>
    </p>
   </div>
   <div class='ocr_carea' id='block_1_4' title="bbox 120 2624 220 2662">
    <p class='ocr_par' dir='ltr' id='par_1_6' title="bbox 120 2624 220 2662">
     <span class='ocr_line' id='line_1_34' title="bbox 120 2624 220 2662; baseline -0.01 -8"><span class='ocrx_word' id='word_1_328' title='bbox 120 2632 167 2662; x_wconf 77' lang='lat' dir='ltr'>w,</span> <span class='ocrx_word' id='word_1_329' title='bbox 189 2624 220 2653; x_wconf 85' lang='grc'>6.</span> 
     </span>
    </p>
   </div>
  </div>
 </body>
</html>
