1819 3301
403 312 542 339 SEnMo
572 311 730 338 nomm
762 311 808 337 m
835 310 1010 347 MONTE,
1045 310 1128 336 ΠΒ.
1164 311 1211 336 11.
1405 299 1488 337 263

108 375 199 435 piat
216 394 225 420 ι
245 375 347 434 quia
365 374 518 434 utique
536 375 569 418 si
592 382 766 433 propter
787 372 932 417 sordes
949 388 1038 417 non
1060 373 1191 432 capit,
1211 371 1490 418 mundandus

107 455 172 489 est
191 444 260 488 vel
282 445 416 488 verbo
436 444 507 487 vel
529 459 657 502 opere
671 478 681 497 ,
708 452 923 503 quantum
946 443 1038 487 fieri
1056 458 1079 486 a
1096 443 1221 487 nobis
1243 451 1400 502 potest.

168 517 303 559 LXX.
321 513 450 567 Quod
467 523 611 557 autem
636 514 845 557 Dominus
865 523 1012 557 noster
1029 513 1232 573 quaedam
1250 513 1404 557 dixisse
1425 513 1493 556 in-

107 585 283 629 venitur
301 618 311 638 ‚
342 600 441 644 quae
463 582 591 627 multi
610 584 687 643 qni
710 583 909 638 aderant,
939 583 1009 628 vel
1032 582 1268 628 resistendo
1295 582 1364 628 vel
1387 599 1493 627 con-

107 654 345 698 temnendo
377 670 466 698 non
499 663 788 713 acceperunt3
822 670 911 697 non
948 654 1168 712 putandus
1196 663 1259 698 est
1296 663 1494 698 sanctum

107 723 275 769 dedisse
293 724 490 779 canibus,
517 733 592 768 aut
614 724 864 783 margaritas
886 724 1047 768 misisse
1072 734 1170 768 ante
1194 740 1346 784 porcos
1369 744 1377 769 ε
1405 740 1493 768 non

107 795 221 839 enim
241 794 362 838 dedit
379 795 437 838 eis
455 830 465 849 ,
499 795 575 854 qui
599 810 752 854 capere
777 810 866 839 non
888 804 1088 854 poterant
1107 830 1117 849 ,
1144 795 1220 839 sed
1241 796 1299 838 eis
1322 795 1398 855 qui
1420 811 1493 854 po-

107 874 274 920 terant,
296 875 338 909 et
359 865 489 909 simul
507 866 687 910 aderant
705 887 716 924 3
736 881 845 926 quos
863 875 1040 925 propter
1061 864 1243 910 aliorum
1262 866 1492 909 immundi-

108 935 209 979 tiam
231 934 391 993 negligi
414 951 503 978 non
526 936 771 994 oportebat.
790 938 845 979 Et
865 951 965 980 cum
984 951 1083 979 eum
1105 944 1340 979 tentatores
1362 936 1493 979 inter-

106 1005 335 1064 rogabant,
357 1005 735 1065 respondebatque
752 1005 851 1060 illis,
868 1006 926 1049 ita
945 1015 993 1049 ut
1016 1004 1123 1065 quid
1145 1004 1493 1050 contradicerent

108 1091 197 1120 non
225 1076 437 1119 haberent
454 1111 464 1130 ,
491 1077 686 1136 quamvis
708 1075 883 1120 venenis
918 1075 1003 1118 suis
1035 1077 1391 1120 contabescerent
1412 1092 1493 1135 po-

110 1145 192 1188 tius
209 1179 219 1198 ,
240 1161 371 1204 quam
390 1144 504 1189 illius
532 1145 630 1189 cibo
653 1154 976 1202 saturarentur,
1003 1144 1073 1188 alii
1097 1154 1243 1188 tamen
1271 1146 1347 1204 qui
1366 1155 1491 1203 pote-

106 1224 205 1258 rant
239 1230 418 1274 capere,
448 1231 498 1258 ex
535 1215 708 1259 illorum
746 1215 971 1259 occasione
995 1214 1131 1258 multa
1156 1214 1318 1257 utiliter
1340 1214 1491 1258 audie-

106 1286 227 1330 bant.
248 1289 340 1330 Hoc
355 1286 458 1340 dixi,
477 1302 531 1329 ne
547 1287 643 1346 quis
666 1285 792 1341 forte,
808 1301 909 1330 cum
927 1286 1209 1344 interroganti
1233 1285 1492 1345 respondere

106 1371 195 1400 non
227 1357 444 1415 potuerit,
473 1357 552 1400 hac
581 1357 794 1401 sententia
827 1357 908 1400 sibi
941 1367 1166 1400 excusatus
1192 1357 1392 1400 videatur
1411 1391 1422 1411 ,
1458 1357 1492 1401 si

106 1427 245 1480 dicat,
282 1426 400 1470 nolle
437 1443 481 1470 se
503 1436 698 1471 sanctum
738 1427 841 1471 dare
876 1427 1077 1481 canibus,
1109 1426 1177 1469 vel
1212 1435 1311 1470 ante
1338 1443 1491 1486 porcos

105 1496 277 1540 mittere
296 1497 561 1554 margaritas⁵
588 1498 669 1550 Qui
692 1497 806 1540 enim
825 1497 947 1541 novit
968 1496 1074 1556 quid
1099 1495 1356 1554 respondeat
1372 1532 1382 1551 ,
1410 1497 1490 1541 de-

106 1567 180 1610 bet
199 1568 458 1626 respondere
473 1602 488 1622 ,
505 1567 574 1611 vel
596 1577 773 1627 propter
795 1567 920 1622 alios,
947 1567 1108 1626 quibus
1127 1567 1369 1625 desperatio
1387 1569 1492 1611 sub-

105 1637 270 1691 oritur,
297 1637 328 1680 si
353 1637 618 1696 propositam
643 1637 926 1696 quaestionem
951 1637 1058 1681 solvi
1087 1653 1175 1680 non
1204 1652 1325 1696 posse
1353 1638 1490 1681 credi-

105 1706 249 1750 derint
275 1726 283 1750 :
315 1716 358 1751 et
385 1708 467 1751 hoc
502 1706 556 1750 de
589 1707 717 1750 rebus
753 1707 933 1751 utilibus
954 1743 964 1761 ,
995 1716 1038 1750 et
1071 1706 1126 1750 ad
1156 1707 1488 1751 instructionem

104 1775 251 1819 salutis
282 1777 616 1834 pertinentibus.
649 1776 787 1820 Multa
825 1786 926 1821 sunt
959 1778 1074 1820 enim
1108 1793 1207 1836 quae
1240 1777 1401 1837 inquiri
1434 1777 1489 1821 ab

105 1847 251 1891 otiosis
267 1856 462 1905 possunt,
483 1862 747 1905 supervacua
760 1856 803 1889 et
824 1846 985 1900 inania,
1002 1855 1044 1888 et
1065 1847 1324 1904 plerumque
1342 1848 1486 1902 noxia,

106 1917 160 1961 de
183 1918 343 1976 quibus
366 1928 511 1961 tamen
534 1918 734 1960 nonnihil
755 1916 989 1960 dicendum
1020 1925 1083 1959 est
1109 1934 1117 1959 :
1143 1914 1218 1958 sed
1243 1916 1327 1959 hoc
1349 1916 1488 1975 ipsum

104 1987 384 2047 aperiendum
420 1999 462 2032 et
488 1987 810 2047 explicandum,
838 2003 916 2031 cur
937 1986 1097 2046 inquiri
1124 1985 1221 2029 talia
1244 2002 1331 2030 non
1357 2003 1488 2046 opor-

104 2067 207 2102 teat.
240 2062 301 2102 De
327 2058 455 2102 rebus
484 2074 584 2115 ergo
606 2058 786 2102 utilibus
813 2057 1047 2118 aliquando
1076 2056 1129 2101 ad
1159 2058 1203 2102 id
1227 2058 1487 2117 responden-

105 2129 209 2173 dum
242 2139 326 2181 est,
352 2131 470 2187 quod
494 2130 812 2186 interrogamur
839 2149 848 2174 :
877 2130 988 2173 sicut
1010 2130 1219 2173 Dominus
1238 2128 1338 2172 fecit
1355 2164 1366 2184 ,
1387 2145 1488 2173 cum

105 2214 204 2243 eum
242 2199 470 2243 Sadducaei
498 2200 552 2243 dc
586 2200 765 2243 muliere
795 2200 1157 2257 interrogassent,
1191 2215 1289 2259 quae
1322 2209 1486 2259 septem

103 2270 217 2313 viros
240 2269 393 2312 habuit
412 2305 421 2323 ,
457 2271 577 2329 cujus
600 2285 751 2314 eorum
777 2270 821 2313 in
856 2270 1167 2313 resurrectione
1190 2269 1337 2313 futura
1359 2279 1484 2315 esset.

104 2339 344 2397 Respondit
367 2340 502 2392 enim,
529 2339 648 2399 quod
671 2340 715 2383 in
740 2340 1050 2384 resurrectione
1072 2355 1215 2399 neque
1240 2356 1390 2384 uxores
1408 2341 1488 2384 du—

104 2420 224 2463 cent,
262 2425 403 2468 neque
434 2410 626 2463 nubent,
663 2410 738 2453 sed
772 2418 900 2452 erunt
937 2411 1046 2453 sicut
1069 2409 1219 2467 Angeli
1241 2411 1284 2453 in
1314 2411 1480 2455 coelis¹.

104 2479 351 2538 Aliquando
380 2488 523 2522 autem
550 2478 620 2522 ille
654 2480 730 2537 qui
765 2480 1027 2537 interrogat,
1065 2480 1395 2537 interrogandus
1423 2490 1485 2525 est

104 2549 222 2593 aliud
239 2585 249 2603 ,
273 2549 391 2608 quod
413 2559 553 2591 tamen
577 2549 609 2592 si
639 2549 818 2617 dixerit,
851 2549 938 2607 ipse
960 2549 1039 2591 sibi
1063 2548 1116 2591 ad
1138 2549 1181 2592 id
1205 2549 1323 2608 qnod
1346 2550 1481 2594 inter-

154 2641 159 2655 ¹
184 2633 302 2664 Matth.
326 2645 399 2673 xxii,
419 2634 471 2673 23,
492 2634 589 2663 Marc.
612 2644 664 2671 xii,
691 2644 737 2672 ις),
756 2637 787 2663 et
805 2634 869 2663 Luc
885 2644 936 2671 xx,
958 2634 1012 2664 28,
