1819 3301
390 300 528 328 sERMO
561 302 717 328 nomm
750 302 794 328 ΙΝ
826 302 995 338 MORTE,
1032 304 1113 329 Lm.
1149 305 1180 329 1.
1391 294 1472 335 149

102 384 121 406 »
157 364 287 408 talem
315 364 608 407 hominibus1.
652 382 671 404 »
704 365 837 423 Cujus
857 364 1047 409 imitator
1075 366 1293 424 apostolus
1318 368 1475 413 Paulus

98 433 202 477 dicit
223 453 230 477 :
257 452 276 475 α
299 436 483 476 Tantum
501 442 645 476 autem
666 433 887 477 audientes
910 444 1056 489 erant,
1079 436 1284 494 quoniam
1303 439 1378 496 qui
1396 437 1476 480 ali-

102 520 122 544 »
157 503 334 562 quando
364 517 442 545 nos
475 501 845 561 persequebatur,
870 519 986 547 nunc
1019 504 1285 562 evangelizat
1316 505 1474 561 fidem,

101 590 121 613 »
155 587 284 631 quam
331 571 567 631 aliquando
604 571 826 629 vastabat,
873 582 916 616 et
969 574 1013 617 in
1060 589 1129 617 me
1178 574 1479 632 glorificabant

65 672 67 674 -
101 659 120 683 »
156 645 297 685 Deum
311 644 342 683 ².
371 658 391 681 »

154 713 275 754 XIX.
308 714 591 770 Posteaquam
614 724 714 768 ergo
737 711 986 754 cohortatus
1008 721 1071 755 est
1092 713 1314 756 audientes
1329 748 1340 768 ,
1359 723 1410 758 ut
1434 730 1479 759 se

96 789 390 839 praepararent
422 779 476 822 ad
498 779 642 822 omnia
669 780 919 823 sustinenda
939 795 1017 838 pro
1038 782 1218 825 veritate
1241 792 1370 842 atque
1381 785 1479 843 jus-

95 851 186 894 titia
205 885 215 905 ‚
257 860 300 893 et
340 859 389 894 ut
416 866 506 893 non
544 850 859 894 absconderent
892 851 1058 894 bonum
1097 852 1217 911 quod
1259 856 1479 912 accepturi

96 928 218 963 erant
234 954 245 974 ‚
271 920 346 963 sed
380 935 428 963 ea
460 918 759 964 benevolentia
792 919 1033 974 discerent,
1068 930 1119 964 ut
1141 929 1318 965 caeteros
1344 922 1477 967 doce-

96 998 214 1043 rent,
245 1004 335 1033 non
357 988 411 1032 ad
431 988 608 1032 laudem
639 1003 760 1031 suam
777 1023 788 1042 ,
812 987 886 1032 sed
906 990 960 1032 ad
975 988 1155 1047 gloriam
1171 990 1248 1033 Dei
1270 991 1385 1035 bona
1401 1008 1479 1038 sua

96 1074 225 1117 opera
248 1057 482 1101 referentes
500 1077 508 1101 :
526 1057 677 1116 incipit
695 1073 766 1101 eos
785 1059 874 1117 jam
890 1057 1125 1102 informare
1138 1068 1181 1102 et
1195 1059 1349 1104 docere
1368 1061 1478 1121 quid

95 1128 300 1182 doceant,
325 1136 534 1186 tanquam
562 1127 593 1170 si
616 1136 862 1186 quaererent
894 1127 1085 1171 dicentes
1111 1147 1119 1172 :
1144 1131 1256 1172 Ecce
1276 1130 1478 1175 volumus

95 1206 138 1241 et
159 1197 303 1241 omnia
325 1196 535 1240 sustinere
556 1212 635 1255 pro
668 1205 745 1239 tuo
774 1197 950 1240 nomine
967 1232 978 1250 ‚
1010 1206 1053 1240 et
1081 1198 1324 1241 doctrinam
1356 1209 1478 1244 tuam

95 1283 184 1311 non
202 1258 467 1311 abscondere
485 1287 495 1323 3
520 1265 595 1310 sed
617 1266 724 1326 quid
746 1276 808 1310 est
832 1267 913 1310 hoc
930 1268 1071 1326 ipsum
1095 1269 1214 1327 quod
1237 1278 1354 1312 vetas
1376 1270 1478 1314 abs-

95 1337 247 1391 condi,
283 1346 326 1381 et
354 1352 434 1396 pro
461 1353 549 1396 quo
579 1337 707 1397 jubes
735 1338 879 1381 omnia
912 1337 1116 1382 tolerari?
1152 1340 1366 1399 numquid
1396 1340 1477 1384 alia

95 1406 289 1451 dicturus
312 1423 355 1450 es
377 1417 526 1451 contra
549 1423 598 1451 ea
625 1423 724 1467 quae
747 1408 791 1450 in
814 1411 925 1465 Lege
948 1409 1103 1467 scripta
1121 1412 1253 1453 sunt?
1274 1413 1386 1464 Non,
1407 1411 1478 1454 in-

95 1477 204 1537 quit.
236 1496 255 1518 «
280 1476 423 1521 Nolite
445 1477 557 1520 enirn
581 1487 734 1536 putare
750 1513 760 1531 ,
786 1479 992 1537 quoniam
1016 1480 1113 1522 veni
1136 1479 1300 1523 solvere
1318 1483 1478 1538 Legem

98 1563 118 1586 »
155 1555 229 1589 aut
249 1547 483 1605 Prophetas
508 1565 516 1591 :
538 1562 626 1590 non
646 1547 743 1590 veni
765 1547 930 1591 solvere
945 1582 955 1602 ,
977 1549 1053 1592 sed
1075 1548 1295 1607 impleress.
1336 1565 1355 1588 υ

105 1724 267 1740 *nummu—M&
272 1725 623 1740 ᾸᾸΜΊΛΙἏΊΜΝΨΚΜΊΛΝΝ
628 1725 976 1740 VVVWWVVWVWWWQM‘R
982 1725 1330 1740 WBA'UM'QNVWWWQAM
1337 1725 1477 1740 WWVVVV

599 1868 609 1878 1
750 1867 756 1879 r
778 1868 788 1879 Ἴ
856 1867 866 1880 7

575 1868 589 1912 4
600 1898 610 1911 Δ
621 1866 649 1912 Α
663 1867 697 1912 Ρ
705 1866 742 1913 U
764 1867 779 1912 i
834 1867 855 1911 ἱ
877 1868 886 1911 l
898 1868 915 1911 l
930 1868 938 1911 l
952 1901 964 1913 .

156 2024 250 2064 XX.
286 2025 334 2065 ln
373 2022 451 2064 hac
488 2020 698 2063 sententia
731 2034 879 2062 sensus
910 2019 1070 2078 duplex
1107 2028 1169 2063 est
1191 2040 1202 2075 3
1237 2019 1479 2063 secundum

97 2100 332 2150 utrumque
350 2092 623 2135 tractandum
639 2099 715 2134 est.
738 2093 843 2134 Nam
861 2091 935 2150 qui
958 2090 1086 2134 dicit:
1115 2109 1133 2130 «
1153 2092 1248 2133 Non
1271 2090 1369 2133 veni
1391 2089 1480 2133 sol-

100 2181 118 2203 »
154 2177 252 2205 vere
282 2164 461 2218 Legem,
487 2162 562 2203 sed
594 2159 801 2219 implerc3
840 2179 858 2201 η
898 2170 973 2203 aut
995 2159 1198 2203 addendo
1234 2158 1339 2202 dicit
1360 2160 1480 2218 quod

96 2232 238 2275 minus
260 2230 420 2284 habet,
445 2239 520 2273 aut
543 2230 744 2273 faciendo
766 2229 887 2289 quod
914 2230 1048 2273 habet
1069 2249 1077 2273 :
1099 2227 1210 2272 illud
1232 2244 1335 2286 ergo
1364 2229 1482 2287 prius

97 2301 417 2346 consideremus
436 2335 446 2354 ,
484 2299 603 2358 quod
633 2299 772 2356 primo
796 2299 935 2357 posui.
975 2301 1083 2342 Nam
1112 2298 1187 2356 qui
1218 2297 1339 2341 addit
1361 2297 1483 2356 quod

97 2372 240 2415 minus
267 2370 426 2424 habet,
454 2385 542 2413 non
579 2369 732 2427 utique
751 2368 879 2412 solvit
902 2366 1022 2427 quod
1045 2368 1232 2420 invenit,
1253 2366 1327 2410 sed
1350 2367 1482 2423 magis

99 2440 361 2501 perficiendo
383 2439 610 2483 confirmat
632 2457 640 2482 ι
666 2447 708 2481 et
724 2438 822 2481 ideo
843 2438 1052 2497 sequitur,
1078 2446 1122 2480 et
1143 2436 1247 2480 dicit
1269 2455 1278 2479 ε
1303 2455 1323 2477 ι(
1343 2439 1483 2479 Amen

103 2530 124 2553 »
159 2511 256 2555 dico
275 2510 419 2565 vobis,
447 2510 584 2553 donec
606 2518 792 2553 transeat
815 2507 975 2552 coelum
993 2518 1036 2551 et
1066 2517 1201 2561 terra,
1233 2506 1320 2551 iota
1342 2522 1482 2551 unum

146 2613 153 2629 ¹
182 2606 304 2637 Matth.
325 2615 371 2647 ix,
387 2604 417 2637 8.
436 2621 477 2627 —-
493 2611 506 2627 ²
524 2604 590 2636 Gal.
612 2602 787 2645 1‚23,'24.
808 2620 849 2626 —-
870 2601 883 2626 3
906 2602 1025 2634 Matth.
1046 2612 1078 2642 v,
1099 2612 1149 2642 ¹7·
