1819 3301
335 297 389 337 44
767 310 801 340 s.
838 312 1068 340 nueusrlm
1102 313 1281 340 nmscom

336 393 356 418 »
392 376 638 421 invenimus
654 377 979 421 subvertentem
995 386 1169 434 gentem
1192 386 1385 421 nostram
1407 411 1417 432 ‚
1447 393 1467 417 »
1493 384 1544 419 ut
1565 375 1722 436 adjun-

334 456 485 506 gatur:
507 466 526 489 «
545 448 656 500 Quia
681 446 841 491 Filium
857 448 932 491 Dei
953 462 998 491 se
1015 446 1132 492 fecit.
1156 468 1173 489 »
1198 448 1404 508 Sequitur
1425 447 1571 506 itaque
1588 448 1724 491 Joan-

333 533 430 573 nes,
455 526 499 562 et
531 518 635 563 dicit
661 537 670 563 :
700 538 719 561 «
744 520 857 563 Cum
879 534 982 577 ergo
1004 518 1192 563 audisset
1216 518 1377 563 Pilatus
1405 518 1523 562 hunc
1555 532 1722 562 sermo-

336 607 356 630 »
392 603 491 632 nem
510 624 521 644 ,
548 590 681 648 magis
703 589 850 633 timuit
872 609 880 634 2
901 598 944 634 et
966 589 1179 648 ingressus
1200 599 1263 634 est
1279 588 1719 649 praetoriumiterum‚

336 679 356 702 »
392 669 435 704 et
457 660 562 704 dicit
578 661 633 705 ad
651 663 800 705 Jesum
822 681 831 706 ε
853 660 977 706 Unde
997 677 1040 705 es
1054 663 1128 705 tu?
1150 664 1272 705 Jesus
1295 670 1443 705 autem
1465 674 1725 719 responsum

336 749 356 773 »
392 746 482 775 non
504 730 625 776 dedit
647 732 700 775 ei.
726 732 840 776 Dicit
855 747 957 790 ergo
978 732 1015 776 ei
1040 732 1202 776 Pilatus
1229 752 1238 777 2
1259 732 1368 777 Mihi
1389 747 1476 776 non
1500 730 1724 791 loqueris?

336 819 356 842 »
390 801 535 846 Nescis
567 803 667 861 quia
688 811 947 861 potestatem
969 803 1112 847 habeo
1134 803 1388 862 crucifigere
1409 811 1475 857 te,
1509 810 1552 845 et
1573 810 1722 861 potes-

338 892 356 913 »
391 880 524 916 tatem
540 873 683 917 habeo
703 873 921 917 dimittere
935 882 976 917 te
990 875 1006 915 ἱ)
1020 873 1262 933 Respondit
1275 876 1416 928 JesuS,
1433 888 1522 917 non
1539 872 1723 916 haberes

335 961 364 984 »
391 951 649 1002 potestatem
672 942 875 987 adversus
890 958 960 987 me
976 942 1127 998 ullam,
1143 944 1224 988 nisi
1244 943 1324 987 tibi
1338 943 1491 987 datum
1514 951 1625 987 esset
1641 941 1724 986 de-

335 1032 355 1055 »
391 1029 519 1072 super
544 1034 552 1058 ;
576 1024 804 1073 propterea
825 1015 900 1074 qui
924 1015 1102 1058 tradidit
1127 1030 1193 1058 me
1218 1015 1319 1069 tibi,
1342 1015 1476 1074 majus
1494 1022 1724 1074 peccatum

337 1103 356 1126 »
392 1085 538 1129 habet.
565 1084 734 1130 Exinde
752 1085 979 1145 quaerebat
1011 1085 1172 1130 Pilatus
1194 1084 1413 1129 dimittere
1436 1100 1552 1128 eum.
1580 1083 1723 1127 Judaei

337 1173 357 1196 »
392 1163 537 1199 autem
555 1155 801 1199 clamabant
826 1155 1012 1200 dicentes
1040 1176 1048 1200 ;
1090 1156 1132 1200 Si
1165 1156 1284 1199 hunc
1318 1154 1525 1210 dimittis,
1562 1170 1653 1198 non
1680 1170 1724 1198 es

337 1243 357 1266 »
393 1226 556 1269 amicus
578 1226 754 1270 Caesaris
791 1246 799 1270 z
827 1227 964 1270 omnis
988 1227 1065 1285 qui
1088 1242 1130 1269 se
1149 1241 1293 1283 regem
1316 1224 1437 1279 facit,
1463 1224 1725 1269 contradicit

340 1316 356 1336 »
393 1296 567 1340 Caesari.
597 1314 615 1336 »
639 1296 749 1340 lluic
772 1306 913 1355 potest
934 1312 1174 1355 congruere
1192 1295 1313 1356 quod
1339 1299 1476 1339 Lucas
1499 1296 1545 1338 in
1571 1295 1724 1338 eadem

335 1365 608 1410 accusatione
630 1365 885 1410 Judaeorum
905 1366 962 1410 ita
980 1376 1147 1421 narrat,
1173 1382 1274 1410 cum
1290 1366 1494 1409 dixissent
1513 1385 1521 1410 :
1551 1384 1571 1406 «
1598 1367 1726 1408 Inve-

338 1454 357 1477 »
394 1435 537 1479 nimus
559 1450 658 1480 eum
688 1437 1011 1480 subvertentem
1036 1446 1209 1496 gentem
1245 1446 1460 1493 nostram3
1494 1456 1510 1476 »
1537 1434 1721 1494 adjecit,

340 1526 360 1548 «
394 1509 450 1550 Et
481 1507 784 1565 prohibentem
815 1507 977 1551 tributa
1008 1507 1100 1551 dari
1134 1507 1323 1562 Caesari,
1363 1515 1406 1550 et
1441 1505 1659 1550 dicentem
1681 1520 1724 1548 se

340 1596 359 1618 »
394 1577 616 1621 Christum
647 1592 792 1635 regem
825 1592 928 1620 esse.
959 1595 978 1617 »
1004 1580 1067 1621 Ex
1087 1593 1175 1637 quo
1194 1577 1378 1621 solvitur
1409 1576 1483 1620 illa
1508 1576 1693 1636 quaestio
1711 1609 1722 1630 ,

336 1662 424 1706 qua
447 1646 589 1705 putari
608 1656 778 1705 poterat
799 1649 988 1691 ‚Ioannes
1011 1646 1184 1701 dixisse,
1211 1646 1383 1690 nullum
1407 1663 1430 1690 a
1452 1645 1616 1690 Judaeis
1641 1648 1727 1688 Do-

337 1718 456 1761 mino
478 1717 642 1761 crimen
663 1718 885 1777 objectum
898 1753 908 1772 ‚
935 1719 1111 1778 quando
1130 1718 1448 1778 responderunt
1463 1726 1508 1761 et
1523 1716 1726 1761 dixerunt

338 1787 376 1830 ei
403 1807 412 1832 ι
441 1807 461 1828 «
488 1788 529 1831 Si
548 1803 638 1831 non
660 1797 769 1831 esset
793 1788 860 1832 hic
883 1788 1135 1832 malefactor
1155 1824 1166 1843 ‚
1191 1805 1279 1833 non
1301 1789 1380 1832 tibi
1404 1786 1726 1832 tradidissemus

342 1878 361 1899 »
396 1873 512 1902 eum.
525 1877 542 1898 »
553 1859 756 1917 Sequitur
766 1874 869 1917 ergo
882 1861 1086 1913 Joannes,
1098 1869 1141 1903 et
1155 1860 1283 1904 dicit:
1300 1859 1494 1903 «Pilatus
1508 1875 1611 1918 ergo
1624 1874 1726 1903 eum

343 1946 362 1969 »
398 1928 630 1972 audivisset
652 1929 730 1972 hos
751 1944 990 1983 sermones,
1013 1928 1196 1973 adduxit
1218 1928 1330 1973 foras
1358 1932 1528 1984 Jesum,
1552 1939 1594 1973 et
1616 1928 1727 1974 sedit

344 2017 363 2040 »
398 2014 477 2058 pro
504 1999 768 2043 tribunaliin
787 1999 883 2044 loco
901 2001 977 2060 qui
999 2001 1157 2044 dicitur
1174 2001 1484 2055 Lithostrotos,
1522 2000 1728 2044 hebraice

345 2087 364 2110 »
391 2078 536 2112 autem
570 2070 813 2114 Gabbatha.
848 2073 951 2114 Erat
977 2080 1123 2114 autem
1156 2074 1386 2114 Parasceve
1419 2071 1594 2114 Paschae
1620 2071 1727 2115 hora

344 2157 363 2179 »
402 2138 676 2198 quasiscxta‚
701 2148 743 2182 et
766 2138 870 2182 dicit
887 2138 1050 2183 Judaeis
1066 2159 1074 2184 :
1092 2143 1203 2184 Ecce
1222 2156 1294 2184 rex
1317 2150 1471 2185 vester.
1490 2140 1559 2185 nti
1580 2150 1726 2185 autem

345 2227 364 2250 »
400 2208 646 2253 clamabant
664 2229 672 2253 :
688 2208 824 2264 Tolle,
838 2210 956 2264 tolle,
976 2211 1181 2269 crucifige
1200 2227 1314 2255 eum.
1338 2211 1519 2255 Diciteis
1532 2210 1723 2256 Pilatus:

341 2298 360 2320 »
396 2283 561 2339 Regem
582 2288 773 2323 vestrum
802 2280 1079 2339 crucifigam?
1108 2281 1440 2341 Responderunt
1463 2282 1689 2341 pontifices
1712 2301 1720 2326 :

341 2367 362 2391 »
397 2352 494 2394 Non
522 2349 731 2393 habemus
760 2364 924 2407 regern,
957 2350 1036 2394 nisi
1059 2353 1286 2395 Caesarem.
1315 2354 1435 2394 Tunc
1466 2367 1568 2410 ergo
1590 2350 1727 2396 tradi-

342 2438 361 2460 »
397 2418 460 2463 dit
481 2420 538 2463 eis
561 2419 684 2463 illum
703 2429 751 2464 ut
767 2420 1115 2480 crucifigeretur¹
1137 2442 1144 2466 ;
1168 2440 1188 2464 »
1214 2422 1307 2467 liaec
1329 2423 1725 2468 narravitJoannes

341 2504 416 2549 per
438 2489 626 2534 Pilatum
647 2499 778 2548 gesta.

389 2594 397 2610 ¹
423 2589 497 2622 Luc.
515 2598 598 2628 xviii,
617 2586 738 2629 28-40,
761 2591 795 2620 et
814 2598 883 2630 xix,
906 2588 998 2620 1-16.
