<?xml version="1.0" encoding="UTF-8"?>
<!DOCTYPE html PUBLIC "-//W3C//DTD XHTML 1.0 Transitional//EN"
    "http://www.w3.org/TR/xhtml1/DTD/xhtml1-transitional.dtd">
<html xmlns="http://www.w3.org/1999/xhtml" xml:lang="en" lang="en">
 <head>
  <title>
</title>
<meta http-equiv="Content-Type" content="text/html;charset=utf-8" />
  <meta name='ocr-system' content='tesseract 3.04.00' />
  <meta name='ocr-capabilities' content='ocr_page ocr_carea ocr_par ocr_line ocrx_word'/>
</head>
<body>
  <div class='ocr_page' id='page_1' title='image "./operaomniaaccura14auguuoft_0309.png"; bbox 0 0 1819 3301; ppageno 0'>
   <div class='ocr_carea' id='block_1_1' title="bbox 369 263 1493 310">
    <p class='ocr_par' dir='ltr' id='par_1_1' title="bbox 369 263 1493 310">
     <span class='ocr_line' id='line_1_1' title="bbox 369 263 1493 310; baseline 0 -9"><span class='ocrx_word' id='word_1_1' title='bbox 369 275 652 310; x_wconf 77' lang='lat' dir='ltr'>QUAESTIONUM</span> <span class='ocrx_word' id='word_1_2' title='bbox 685 271 1051 310; x_wconf 66' lang='lat' dir='ltr'>EVANGELIORUM,</span> <span class='ocrx_word' id='word_1_3' title='bbox 1087 273 1168 299; x_wconf 78' lang='lat' dir='ltr'>Lm.</span> <span class='ocrx_word' id='word_1_4' title='bbox 1205 274 1235 299; x_wconf 94' lang='lat'>1.</span> <span class='ocrx_word' id='word_1_5' title='bbox 1409 263 1493 301; x_wconf 79' lang='lat'>283</span> 
     </span>
    </p>
   </div>
   <div class='ocr_carea' id='block_1_2' title="bbox 214 336 1497 593">
    <p class='ocr_par' dir='ltr' id='par_1_2' title="bbox 237 336 1496 468">
     <span class='ocr_line' id='line_1_2' title="bbox 237 336 1496 396; baseline 0 -14"><span class='ocrx_word' id='word_1_6' title='bbox 237 341 392 384; x_wconf 89' lang='lat' dir='ltr'><strong>XLVI.</strong></span> <span class='ocrx_word' id='word_1_7' title='bbox 458 339 587 392; x_wconf 88' lang='lat' dir='ltr'>Quod</span> <span class='ocrx_word' id='word_1_8' title='bbox 624 355 648 383; x_wconf 85' lang='lat' dir='ltr'>a</span> <span class='ocrx_word' id='word_1_9' title='bbox 679 338 808 396; x_wconf 84' lang='lat' dir='ltr'>longe</span> <span class='ocrx_word' id='word_1_10' title='bbox 843 346 1015 382; x_wconf 87' lang='lat' dir='ltr'>secutus</span> <span class='ocrx_word' id='word_1_11' title='bbox 1046 345 1110 381; x_wconf 88' lang='lat' dir='ltr'>est</span> <span class='ocrx_word' id='word_1_12' title='bbox 1132 336 1365 381; x_wconf 88' lang='lat' dir='ltr'>Dominum</span> <span class='ocrx_word' id='word_1_13' title='bbox 1387 354 1496 382; x_wconf 90' lang='lat' dir='ltr'>eun-</span> 
     </span>
     <span class='ocr_line' id='line_1_3' title="bbox 526 408 964 468; baseline -0.005 -15"><span class='ocrx_word' id='word_1_14' title='bbox 526 419 613 453; x_wconf 87' lang='lat' dir='ltr'>tem</span> <span class='ocrx_word' id='word_1_15' title='bbox 637 408 691 453; x_wconf 84' lang='lat' dir='ltr'>ad</span> <span class='ocrx_word' id='word_1_16' title='bbox 709 410 964 468; x_wconf 84' lang='lat' dir='ltr'>passionem.</span> 
     </span>
    </p>

    <p class='ocr_par' dir='ltr' id='par_1_3' title="bbox 214 478 1497 593">
     <span class='ocr_line' id='line_1_4' title="bbox 214 478 1497 538; baseline -0.003 -13"><span class='ocrx_word' id='word_1_17' title='bbox 214 482 396 525; x_wconf 88' lang='lat' dir='ltr'><strong>XLVII.</strong></span> <span class='ocrx_word' id='word_1_18' title='bbox 461 479 590 532; x_wconf 90' lang='lat' dir='ltr'>Quod</span> <span class='ocrx_word' id='word_1_19' title='bbox 621 488 686 523; x_wconf 85' lang='lat' dir='ltr'>ter</span> <span class='ocrx_word' id='word_1_20' title='bbox 714 480 923 523; x_wconf 86' lang='lat' dir='ltr'>Dominus</span> <span class='ocrx_word' id='word_1_21' title='bbox 957 478 1095 523; x_wconf 86' lang='lat' dir='ltr'>oravit</span> <span class='ocrx_word' id='word_1_22' title='bbox 1116 478 1235 538; x_wconf 83' lang='lat' dir='ltr'>prius</span> <span class='ocrx_word' id='word_1_23' title='bbox 1255 493 1385 538; x_wconf 85' lang='lat' dir='ltr'>quam</span> <span class='ocrx_word' id='word_1_24' title='bbox 1408 487 1497 522; x_wconf 84' lang='lat' dir='ltr'>tra-</span> 
     </span>
     <span class='ocr_line' id='line_1_5' title="bbox 524 549 716 593; baseline -0.005 0"><span class='ocrx_word' id='word_1_25' title='bbox 524 549 716 593; x_wconf 82' lang='lat' dir='ltr'>deretur.</span> 
     </span>
    </p>
   </div>
   <div class='ocr_carea' id='block_1_3' title="bbox 120 693 1498 811">
    <p class='ocr_par' dir='ltr' id='par_1_4' title="bbox 120 693 1498 811">
     <span class='ocr_line' id='line_1_6' title="bbox 120 693 1498 758; baseline 0 -19"><span class='ocrx_word' id='word_1_26' title='bbox 120 693 269 740; x_wconf 68' lang='lat' dir='ltr'>Tituli</span> <span class='ocrx_word' id='word_1_27' title='bbox 286 695 616 756; x_wconf 69' lang='lat' dir='ltr'>Quaestionum</span> <span class='ocrx_word' id='word_1_28' title='bbox 633 694 744 740; x_wconf 74' lang='lat' dir='ltr'><em>libri</em></span> <span class='ocrx_word' id='word_1_29' title='bbox 755 695 821 740; x_wconf 94' lang='lat' dir='ltr'>II</span> <span class='ocrx_word' id='word_1_30' title='bbox 832 696 880 740; x_wconf 80' lang='lat' dir='ltr'>in</span> <span class='ocrx_word' id='word_1_31' title='bbox 894 694 945 740; x_wconf 89' lang='lat' dir='ltr'><em>E</em></span> <span class='ocrx_word' id='word_1_32' title='bbox 949 694 1218 758; x_wconf 70' lang='lat' dir='ltr'>vangelc&#39;um</span> <span class='ocrx_word' id='word_1_33' title='bbox 1239 693 1498 741; x_wconf 61' lang='lat' dir='ltr'>sec-andlan</span> 
     </span>
     <span class='ocr_line' id='line_1_7' title="bbox 697 765 898 811; baseline -0.01 0"><span class='ocrx_word' id='word_1_34' title='bbox 697 765 880 811; x_wconf 77' lang='lat' dir='ltr'>Lucam</span> <span class='ocrx_word' id='word_1_35' title='bbox 889 801 898 809; x_wconf 91' lang='lat'><strong><em>.</em></strong></span> 
     </span>
    </p>
   </div>
   <div class='ocr_carea' id='block_1_4' title="bbox 280 900 1500 1927">
    <p class='ocr_par' dir='ltr' id='par_1_5' title="bbox 280 900 1500 1927">
     <span class='ocr_line' id='line_1_8' title="bbox 357 900 1497 963; baseline -0.002 -16"><span class='ocrx_word' id='word_1_36' title='bbox 357 905 392 947; x_wconf 88' lang='grc' dir='ltr'>Ι.</span> <span class='ocrx_word' id='word_1_37' title='bbox 458 900 588 955; x_wconf 90' lang='lat' dir='ltr'>Quod</span> <span class='ocrx_word' id='word_1_38' title='bbox 619 901 845 963; x_wconf 47' lang='lat' dir='ltr'>Zacharias</span> <span class='ocrx_word' id='word_1_39' title='bbox 870 901 993 945; x_wconf 83' lang='lat' dir='ltr'>audit</span> <span class='ocrx_word' id='word_1_40' title='bbox 1018 901 1072 945; x_wconf 81' lang='lat' dir='ltr'>ab</span> <span class='ocrx_word' id='word_1_41' title='bbox 1095 901 1262 959; x_wconf 79' lang='lat' dir='ltr'>Angelo</span> <span class='ocrx_word' id='word_1_42' title='bbox 1283 920 1292 946; x_wconf 91' lang='lat'>:</span> <span class='ocrx_word' id='word_1_43' title='bbox 1317 900 1497 946; x_wconf 68' lang='lat' dir='ltr'>Exau-</span> 
     </span>
     <span class='ocr_line' id='line_1_9' title="bbox 526 971 1018 1016; baseline -0.002 0"><span class='ocrx_word' id='word_1_44' title='bbox 526 971 630 1016; x_wconf 78' lang='lat' dir='ltr'>dz&#39;ta</span> <span class='ocrx_word' id='word_1_45' title='bbox 649 981 719 1016; x_wconf 80' lang='lat' dir='ltr'>est</span> <span class='ocrx_word' id='word_1_46' title='bbox 739 972 896 1016; x_wconf 79' lang='lat' dir='ltr'>oratio</span> <span class='ocrx_word' id='word_1_47' title='bbox 920 980 1018 1015; x_wconf 70' lang='lat' dir='ltr'>tua.</span> 
     </span>
     <span class='ocr_line' id='line_1_10' title="bbox 337 1041 1218 1106; baseline -0.003 -19"><span class='ocrx_word' id='word_1_48' title='bbox 337 1046 393 1088; x_wconf 95' lang='lat' dir='ltr'>II.</span> <span class='ocrx_word' id='word_1_49' title='bbox 417 1100 421 1106; x_wconf 47' lang='lat'>,</span> <span class='ocrx_word' id='word_1_50' title='bbox 458 1043 589 1096; x_wconf 89' lang='lat' dir='ltr'>Quod</span> <span class='ocrx_word' id='word_1_51' title='bbox 611 1041 664 1086; x_wconf 92' lang='lat' dir='ltr'>de</span> <span class='ocrx_word' id='word_1_52' title='bbox 686 1042 886 1087; x_wconf 85' lang='lat' dir='ltr'>navicula</span> <span class='ocrx_word' id='word_1_53' title='bbox 904 1042 1032 1086; x_wconf 87' lang='lat' dir='ltr'>docet</span> <span class='ocrx_word' id='word_1_54' title='bbox 1053 1042 1218 1085; x_wconf 81' lang='lat' dir='ltr'>turbas.</span> 
     </span>
     <span class='ocr_line' id='line_1_11' title="bbox 321 1110 1497 1172; baseline -0.002 -14"><span class='ocrx_word' id='word_1_55' title='bbox 321 1117 404 1158; x_wconf 91' lang='lat' dir='ltr'>III.</span> <span class='ocrx_word' id='word_1_56' title='bbox 467 1113 598 1167; x_wconf 88' lang='lat' dir='ltr'>Quod</span> <span class='ocrx_word' id='word_1_57' title='bbox 634 1112 693 1157; x_wconf 82' lang='lat' dir='ltr'>ait</span> <span class='ocrx_word' id='word_1_58' title='bbox 723 1111 894 1172; x_wconf 86' lang='lat' dir='ltr'>leproso</span> <span class='ocrx_word' id='word_1_59' title='bbox 923 1111 1170 1157; x_wconf 87' lang='lat' dir='ltr'>mundato:</span> <span class='ocrx_word' id='word_1_60' title='bbox 1209 1111 1260 1154; x_wconf 82' lang='lat' dir='ltr'><em>V</em></span> <span class='ocrx_word' id='word_1_61' title='bbox 1261 1110 1383 1167; x_wconf 72' lang='lat' dir='ltr'>ade,</span> <span class='ocrx_word' id='word_1_62' title='bbox 1420 1127 1497 1156; x_wconf 78' lang='lat' dir='ltr'>OS-</span> 
     </span>
     <span class='ocr_line' id='line_1_12' title="bbox 522 1180 1008 1228; baseline -0.002 -1"><span class='ocrx_word' id='word_1_63' title='bbox 522 1181 663 1228; x_wconf 81' lang='lat' dir='ltr'>tende</span> <span class='ocrx_word' id='word_1_64' title='bbox 686 1191 730 1226; x_wconf 80' lang='lat' dir='ltr'>te</span> <span class='ocrx_word' id='word_1_65' title='bbox 752 1180 1008 1227; x_wconf 75' lang='lat' dir='ltr'>sacerdoti.</span> 
     </span>
     <span class='ocr_line' id='line_1_13' title="bbox 323 1251 1498 1313; baseline -0.002 -15"><span class='ocrx_word' id='word_1_66' title='bbox 323 1256 398 1298; x_wconf 89' lang='lat' dir='ltr'>IV.</span> <span class='ocrx_word' id='word_1_67' title='bbox 464 1257 526 1298; x_wconf 91' lang='lat' dir='ltr'>De</span> <span class='ocrx_word' id='word_1_68' title='bbox 555 1253 795 1313; x_wconf 83' lang='lat' dir='ltr'>paralytico</span> <span class='ocrx_word' id='word_1_69' title='bbox 819 1253 895 1313; x_wconf 90' lang='lat' dir='ltr'>qui</span> <span class='ocrx_word' id='word_1_70' title='bbox 927 1268 1003 1312; x_wconf 87' lang='lat' dir='ltr'>per</span> <span class='ocrx_word' id='word_1_71' title='bbox 1028 1260 1194 1296; x_wconf 85' lang='lat' dir='ltr'>tectum</span> <span class='ocrx_word' id='word_1_72' title='bbox 1222 1260 1286 1295; x_wconf 86' lang='lat' dir='ltr'>est</span> <span class='ocrx_word' id='word_1_73' title='bbox 1314 1251 1369 1296; x_wconf 84' lang='lat' dir='ltr'>ad</span> <span class='ocrx_word' id='word_1_74' title='bbox 1397 1267 1498 1296; x_wconf 89' lang='lat' dir='ltr'>eum</span> 
     </span>
     <span class='ocr_line' id='line_1_14' title="bbox 524 1323 761 1383; baseline -0.004 -15"><span class='ocrx_word' id='word_1_75' title='bbox 524 1323 761 1383; x_wconf 60' lang='lat' dir='ltr'>depositus</span> 
     </span>
     <span class='ocr_line' id='line_1_15' title="bbox 347 1392 1497 1452; baseline -0.002 -13"><span class='ocrx_word' id='word_1_76' title='bbox 347 1396 400 1439; x_wconf 88' lang='lat' dir='ltr'>V.</span> <span class='ocrx_word' id='word_1_77' title='bbox 464 1393 697 1447; x_wconf 89' lang='lat' dir='ltr'>Quomodo</span> <span class='ocrx_word' id='word_1_78' title='bbox 727 1392 836 1437; x_wconf 87' lang='lat' dir='ltr'>duos</span> <span class='ocrx_word' id='word_1_79' title='bbox 858 1401 999 1452; x_wconf 85' lang='lat' dir='ltr'>patres</span> <span class='ocrx_word' id='word_1_80' title='bbox 1026 1392 1188 1436; x_wconf 85' lang='lat' dir='ltr'>habere</span> <span class='ocrx_word' id='word_1_81' title='bbox 1209 1392 1400 1451; x_wconf 84' lang='lat' dir='ltr'>potuerit</span> <span class='ocrx_word' id='word_1_82' title='bbox 1419 1395 1497 1437; x_wconf 89' lang='lat' dir='ltr'>Jo-</span> 
     </span>
     <span class='ocr_line' id='line_1_16' title="bbox 518 1464 639 1522; baseline 0.008 -15"><span class='ocrx_word' id='word_1_83' title='bbox 518 1464 639 1522; x_wconf 91' lang='lat' dir='ltr'>seph.</span> 
     </span>
     <span class='ocr_line' id='line_1_17' title="bbox 321 1533 1393 1592; baseline -0.001 -15"><span class='ocrx_word' id='word_1_84' title='bbox 321 1536 397 1577; x_wconf 90' lang='lat' dir='ltr'>VI.</span> <span class='ocrx_word' id='word_1_85' title='bbox 461 1536 523 1577; x_wconf 92' lang='lat' dir='ltr'>De</span> <span class='ocrx_word' id='word_1_86' title='bbox 545 1533 1005 1592; x_wconf 79' lang='lat' dir='ltr'>septuaginta-septem</span> <span class='ocrx_word' id='word_1_87' title='bbox 1026 1533 1393 1591; x_wconf 82' lang='lat' dir='ltr'>generationibus.</span> 
     </span>
     <span class='ocr_line' id='line_1_18' title="bbox 301 1603 1497 1663; baseline 0.002 -17"><span class='ocrx_word' id='word_1_88' title='bbox 301 1606 400 1647; x_wconf 90' lang='lat' dir='ltr'>VII.</span> <span class='ocrx_word' id='word_1_89' title='bbox 466 1606 527 1647; x_wconf 86' lang='lat' dir='ltr'>De</span> <span class='ocrx_word' id='word_1_90' title='bbox 559 1619 610 1647; x_wconf 92' lang='lat' dir='ltr'>eo</span> <span class='ocrx_word' id='word_1_91' title='bbox 638 1603 715 1663; x_wconf 86' lang='lat' dir='ltr'>qui</span> <span class='ocrx_word' id='word_1_92' title='bbox 748 1603 941 1646; x_wconf 84' lang='lat' dir='ltr'>habebat</span> <span class='ocrx_word' id='word_1_93' title='bbox 967 1604 1188 1647; x_wconf 81' lang='lat' dir='ltr'>dexteram</span> <span class='ocrx_word' id='word_1_94' title='bbox 1209 1619 1387 1647; x_wconf 82' lang='lat' dir='ltr'>manum</span> <span class='ocrx_word' id='word_1_95' title='bbox 1410 1604 1497 1648; x_wconf 83' lang='lat' dir='ltr'>ari-</span> 
     </span>
     <span class='ocr_line' id='line_1_19' title="bbox 525 1673 642 1717; baseline -0.009 0"><span class='ocrx_word' id='word_1_96' title='bbox 525 1673 642 1717; x_wconf 85' lang='lat' dir='ltr'>darn.</span> 
     </span>
     <span class='ocr_line' id='line_1_20' title="bbox 280 1740 1500 1803; baseline -0.001 -15"><span class='ocrx_word' id='word_1_97' title='bbox 280 1746 402 1788; x_wconf 88' lang='lat' dir='ltr'>VIII.</span> <span class='ocrx_word' id='word_1_98' title='bbox 466 1743 594 1796; x_wconf 87' lang='lat' dir='ltr'>Quod</span> <span class='ocrx_word' id='word_1_99' title='bbox 625 1744 685 1786; x_wconf 83' lang='lat' dir='ltr'>ait</span> <span class='ocrx_word' id='word_1_100' title='bbox 712 1762 719 1786; x_wconf 92' lang='grc'>;</span> <span class='ocrx_word' id='word_1_101' title='bbox 746 1742 1031 1786; x_wconf 61' lang='lat' dir='ltr'>Mensarum</span> <span class='ocrx_word' id='word_1_102' title='bbox 1065 1740 1268 1797; x_wconf 75' lang='lat' dir='ltr'>bonam,</span> <span class='ocrx_word' id='word_1_103' title='bbox 1309 1743 1500 1803; x_wconf 69' lang='lat' dir='ltr'>confer-</span> 
     </span>
     <span class='ocr_line' id='line_1_21' title="bbox 527 1812 1500 1878; baseline 0.002 -22"><span class='ocrx_word' id='word_1_104' title='bbox 527 1823 629 1857; x_wconf 76' lang='lat' dir='ltr'>tam</span> <span class='ocrx_word' id='word_1_105' title='bbox 643 1822 688 1856; x_wconf 82' lang='lat' dir='ltr'>et</span> <span class='ocrx_word' id='word_1_106' title='bbox 703 1814 1006 1874; x_wconf 77' lang='lat' dir='ltr'>coagitatam</span> <span class='ocrx_word' id='word_1_107' title='bbox 1028 1822 1073 1858; x_wconf 73' lang='lat' dir='ltr'>et</span> <span class='ocrx_word' id='word_1_108' title='bbox 1089 1825 1257 1871; x_wconf 77' lang='lat' dir='ltr'>supere</span> <span class='ocrx_word' id='word_1_109' title='bbox 1249 1812 1500 1878; x_wconf 73' lang='lat' dir='ltr'>fflzcetztem</span> 
     </span>
     <span class='ocr_line' id='line_1_22' title="bbox 527 1881 1208 1927; baseline 0 -1"><span class='ocrx_word' id='word_1_110' title='bbox 527 1881 713 1926; x_wconf 73' lang='lat' dir='ltr'>dabunt</span> <span class='ocrx_word' id='word_1_111' title='bbox 735 1882 783 1926; x_wconf 80' lang='lat' dir='ltr'>in</span> <span class='ocrx_word' id='word_1_112' title='bbox 806 1883 959 1926; x_wconf 71' lang='lat' dir='ltr'>sinum</span> <span class='ocrx_word' id='word_1_113' title='bbox 986 1892 1208 1927; x_wconf 70' lang='lat' dir='ltr'>vestrum.</span> 
     </span>
    </p>
   </div>
   <div class='ocr_carea' id='block_1_5' title="bbox 322 1951 1501 2065">
    <p class='ocr_par' dir='ltr' id='par_1_6' title="bbox 322 1951 1501 2065">
     <span class='ocr_line' id='line_1_23' title="bbox 322 1951 1501 2011; baseline 0.001 -15"><span class='ocrx_word' id='word_1_114' title='bbox 322 1954 399 1996; x_wconf 93' lang='lat' dir='ltr'>IX.</span> <span class='ocrx_word' id='word_1_115' title='bbox 465 1951 593 2005; x_wconf 87' lang='lat' dir='ltr'>Quod</span> <span class='ocrx_word' id='word_1_116' title='bbox 612 1952 671 1995; x_wconf 82' lang='lat' dir='ltr'>ait</span> <span class='ocrx_word' id='word_1_117' title='bbox 692 1951 974 2011; x_wconf 71' lang='lat' dir='ltr'>:Numquid</span> <span class='ocrx_word' id='word_1_118' title='bbox 984 1962 1142 2011; x_wconf 77' lang='lat' dir='ltr'>potest</span> <span class='ocrx_word' id='word_1_119' title='bbox 1156 1968 1310 1997; x_wconf 66' lang='lat' dir='ltr'>ccecus</span> <span class='ocrx_word' id='word_1_120' title='bbox 1323 1968 1501 1998; x_wconf 74' lang='lat' dir='ltr'>eoecum</span> 
     </span>
     <span class='ocr_line' id='line_1_24' title="bbox 528 2017 744 2065; baseline -0.005 0"><span class='ocrx_word' id='word_1_121' title='bbox 528 2020 702 2065; x_wconf 67' lang='lat' dir='ltr'>ducere</span> <span class='ocrx_word' id='word_1_122' title='bbox 718 2017 744 2064; x_wconf 73' lang='grc' dir='ltr'><em>Ρ</em></span> 
     </span>
    </p>
   </div>
   <div class='ocr_carea' id='block_1_6' title="bbox 281 2091 1506 2644">
    <p class='ocr_par' dir='ltr' id='par_1_7' title="bbox 348 2091 1501 2221">
     <span class='ocr_line' id='line_1_25' title="bbox 348 2091 1501 2152; baseline 0.001 -16"><span class='ocrx_word' id='word_1_123' title='bbox 348 2093 404 2136; x_wconf 90' lang='lat' dir='ltr'>X.</span> <span class='ocrx_word' id='word_1_124' title='bbox 468 2094 531 2136; x_wconf 87' lang='lat' dir='ltr'>De</span> <span class='ocrx_word' id='word_1_125' title='bbox 561 2091 638 2136; x_wconf 90' lang='lat' dir='ltr'>illo</span> <span class='ocrx_word' id='word_1_126' title='bbox 656 2092 732 2151; x_wconf 87' lang='lat' dir='ltr'>qui</span> <span class='ocrx_word' id='word_1_127' title='bbox 753 2091 866 2136; x_wconf 86' lang='lat' dir='ltr'>fodit</span> <span class='ocrx_word' id='word_1_128' title='bbox 888 2092 932 2135; x_wconf 89' lang='lat' dir='ltr'>in</span> <span class='ocrx_word' id='word_1_129' title='bbox 956 2092 1091 2136; x_wconf 83' lang='lat' dir='ltr'>altum</span> <span class='ocrx_word' id='word_1_130' title='bbox 1115 2101 1157 2136; x_wconf 87' lang='lat' dir='ltr'>et</span> <span class='ocrx_word' id='word_1_131' title='bbox 1181 2093 1323 2152; x_wconf 86' lang='lat' dir='ltr'>posuit</span> <span class='ocrx_word' id='word_1_132' title='bbox 1338 2092 1501 2138; x_wconf 70' lang='lat' dir='ltr'>funda-</span> 
     </span>
     <span class='ocr_line' id='line_1_26' title="bbox 529 2170 1080 2221; baseline 0 -16"><span class='ocrx_word' id='word_1_133' title='bbox 529 2170 727 2205; x_wconf 83' lang='lat' dir='ltr'>mentum</span> <span class='ocrx_word' id='word_1_134' title='bbox 744 2177 873 2221; x_wconf 81' lang='lat' dir='ltr'>super</span> <span class='ocrx_word' id='word_1_135' title='bbox 895 2172 1080 2221; x_wconf 77' lang='lat' dir='ltr'>petram.</span> 
     </span>
    </p>

    <p class='ocr_par' dir='ltr' id='par_1_8' title="bbox 321 2233 1503 2347">
     <span class='ocr_line' id='line_1_27' title="bbox 321 2233 1503 2292; baseline 0.001 -16"><span class='ocrx_word' id='word_1_136' title='bbox 321 2234 401 2276; x_wconf 87' lang='lat' dir='ltr'>XI.</span> <span class='ocrx_word' id='word_1_137' title='bbox 465 2235 528 2276; x_wconf 89' lang='lat' dir='ltr'>De</span> <span class='ocrx_word' id='word_1_138' title='bbox 548 2233 692 2292; x_wconf 84' lang='lat' dir='ltr'>pueris</span> <span class='ocrx_word' id='word_1_139' title='bbox 714 2233 967 2277; x_wconf 81' lang='lat' dir='ltr'>sedentibus</span> <span class='ocrx_word' id='word_1_140' title='bbox 988 2234 1033 2276; x_wconf 86' lang='lat' dir='ltr'>in</span> <span class='ocrx_word' id='word_1_141' title='bbox 1055 2233 1150 2277; x_wconf 79' lang='lat' dir='ltr'>foro</span> <span class='ocrx_word' id='word_1_142' title='bbox 1180 2243 1223 2278; x_wconf 85' lang='lat' dir='ltr'>et</span> <span class='ocrx_word' id='word_1_143' title='bbox 1245 2233 1299 2278; x_wconf 81' lang='lat' dir='ltr'>ad</span> <span class='ocrx_word' id='word_1_144' title='bbox 1318 2234 1503 2278; x_wconf 87' lang='lat' dir='ltr'>invicem</span> 
     </span>
     <span class='ocr_line' id='line_1_28' title="bbox 531 2303 836 2347; baseline 0 0"><span class='ocrx_word' id='word_1_145' title='bbox 531 2303 836 2347; x_wconf 78' lang='lat' dir='ltr'>clamantibus.</span> 
     </span>
    </p>

    <p class='ocr_par' dir='ltr' id='par_1_9' title="bbox 305 2371 1506 2573">
     <span class='ocr_line' id='line_1_29' title="bbox 305 2371 1506 2426; baseline 0.002 -10"><span class='ocrx_word' id='word_1_146' title='bbox 305 2374 408 2416; x_wconf 88' lang='lat' dir='ltr'>XII.</span> <span class='ocrx_word' id='word_1_147' title='bbox 473 2372 603 2426; x_wconf 89' lang='lat' dir='ltr'>Quod</span> <span class='ocrx_word' id='word_1_148' title='bbox 630 2374 689 2417; x_wconf 85' lang='lat' dir='ltr'>ait</span> <span class='ocrx_word' id='word_1_149' title='bbox 722 2393 731 2418; x_wconf 90' lang='lat'>:</span> <span class='ocrx_word' id='word_1_150' title='bbox 771 2372 932 2420; x_wconf 82' lang='lat' dir='ltr'>Nemo</span> <span class='ocrx_word' id='word_1_151' title='bbox 962 2371 1211 2417; x_wconf 72' lang='lat' dir='ltr'>lacernam</span> <span class='ocrx_word' id='word_1_152' title='bbox 1236 2372 1506 2418; x_wconf 76' lang='lat' dir='ltr'>accendens</span> 
     </span>
     <span class='ocr_line' id='line_1_30' title="bbox 528 2442 1506 2503; baseline 0.001 -16"><span class='ocrx_word' id='word_1_153' title='bbox 528 2445 682 2503; x_wconf 76' lang='lat' dir='ltr'>operit</span> <span class='ocrx_word' id='word_1_154' title='bbox 704 2460 815 2488; x_wconf 79' lang='lat' dir='ltr'>eam</span> <span class='ocrx_word' id='word_1_155' title='bbox 842 2459 959 2487; x_wconf 72' lang='lat' dir='ltr'>vase</span> <span class='ocrx_word' id='word_1_156' title='bbox 970 2479 986 2499; x_wconf 75' lang='lat'><em>,</em></span> <span class='ocrx_word' id='word_1_157' title='bbox 1021 2453 1105 2488; x_wconf 73' lang='lat' dir='ltr'>aut</span> <span class='ocrx_word' id='word_1_158' title='bbox 1134 2442 1298 2488; x_wconf 69' lang='lat' dir='ltr'>subtus</span> <span class='ocrx_word' id='word_1_159' title='bbox 1333 2443 1506 2488; x_wconf 74' lang='lat' dir='ltr'>lectam</span> 
     </span>
     <span class='ocr_line' id='line_1_31' title="bbox 532 2516 684 2573; baseline 0 -14"><span class='ocrx_word' id='word_1_160' title='bbox 532 2516 684 2573; x_wconf 74' lang='lat' dir='ltr'>ponit.</span> 
     </span>
    </p>

    <p class='ocr_par' dir='ltr' id='par_1_10' title="bbox 281 2583 1393 2644">
     <span class='ocr_line' id='line_1_32' title="bbox 281 2583 1393 2644; baseline 0.004 -21"><span class='ocrx_word' id='word_1_161' title='bbox 281 2583 405 2625; x_wconf 84' lang='lat' dir='ltr'>XIII.</span> <span class='ocrx_word' id='word_1_162' title='bbox 469 2585 532 2627; x_wconf 90' lang='lat' dir='ltr'>De</span> <span class='ocrx_word' id='word_1_163' title='bbox 548 2584 624 2628; x_wconf 88' lang='lat' dir='ltr'>illo</span> <span class='ocrx_word' id='word_1_164' title='bbox 648 2585 693 2628; x_wconf 87' lang='lat' dir='ltr'>in</span> <span class='ocrx_word' id='word_1_165' title='bbox 710 2600 798 2644; x_wconf 91' lang='lat' dir='ltr'>quo</span> <span class='ocrx_word' id='word_1_166' title='bbox 813 2593 904 2628; x_wconf 78' lang='lat' dir='ltr'>erat</span> <span class='ocrx_word' id='word_1_167' title='bbox 924 2583 1036 2642; x_wconf 83' lang='lat' dir='ltr'>legio</span> <span class='ocrx_word' id='word_1_168' title='bbox 1058 2584 1393 2629; x_wconf 70' lang='lat' dir='ltr'>daemoniorum.</span> 
     </span>
    </p>
   </div>
  </div>
 </body>
</html>
