1819 3301
299 287 353 315 nn
385 284 594 316 consznsu
627 265 1040 329 nvAmmsoeinum,
1075 291 1158 318 m.
1194 292 1260 319 111.
1413 282 1463 320 71

97 449 1469 468 wmwmmmmmmmmmmwmmmmmm

561 565 778 615 CAPUT
836 569 1001 615 XXII.

281 705 468 767 Joseplz
488 708 611 767 petit
630 723 661 752 a
683 706 850 753 Pilato
867 722 1038 768 corpas
1066 707 1278 754 Domini.

150 842 265 884 LIX.
293 842 513 893 SEQUITUR
534 841 766 884 Matthaeus
789 859 800 885 ι
830 858 851 882 α
875 842 988 885 Cum
1016 855 1110 885 sero
1139 849 1284 884 autem
1305 840 1470 885 factum

93 927 114 951 »
148 918 283 963 esset,
308 909 428 953 venit
448 910 625 969 quidam
647 909 780 954 homo
806 909 925 954 dives
947 910 1002 953 ab
1031 910 1272 954 Arimathia
1295 912 1471 955 nomine

93 997 114 1021 >›
149 980 309 1038 Joseph
330 1014 340 1034 ,
375 980 451 1038 qui
473 988 516 1022 et
548 979 639 1038 ipse
661 979 906 1040 Discipulus
928 988 1020 1023 erat
1047 982 1178 1037 Jesu3
1203 980 1275 1024 hic
1297 981 1474 1024 accessit

93 1066 114 1090 »
150 1049 205 1091 ad
233 1046 420 1091 Pilatum
436 1082 447 1101 ,
473 1056 517 1091 et
537 1048 664 1106 petiit
685 1062 841 1106 corpus
863 1050 964 1091 Jesu
989 1066 1000 1093 ι
1031 1057 1137 1093 tunc
1167 1049 1329 1092 Pilatus
1347 1050 1474 1108 jussit

92 1134 113 1158 n
147 1115 271 1160 reddi
290 1119 486 1175 corpus‘.
508 1134 530 1157 η
548 1119 719 1161 Marcus
739 1117 798 1160 sic
820 1136 830 1161 ε
859 1120 958 1160 «Et
984 1132 1086 1161 cum
1113 1119 1204 1176 jam
1241 1132 1335 1161 sero
1361 1127 1472 1162 esset

95 1203 115 1226 »
150 1184 316 1229 factum
335 1220 345 1240 ,
371 1186 473 1244 quia
497 1194 587 1228 erat
610 1189 858 1240 Parasceve,
883 1184 1004 1243 quod
1024 1195 1087 1229 est
1109 1195 1207 1229 ante
1223 1185 1471 1241 sabbatum,

147 1255 266 1299 venit
290 1257 450 1314 Joseph
469 1256 523 1298 ab
545 1256 781 1299 Arimathia
804 1255 960 1299 nobilis
993 1255 1169 1300 decurio
1189 1291 1200 1310 ,
1220 1256 1296 1315 qui
1318 1265 1361 1299 et
1382 1257 1473 1315 ipse

93 1341 114 1365 n
148 1333 237 1367 erat
261 1333 488 1382 expectans
510 1338 692 1381 regnum
713 1325 817 1382 Dei,
837 1333 880 1368 et
908 1324 1113 1369 audacter
1134 1326 1301 1369 introiit
1322 1326 1376 1368 ad
1399 1326 1472 1369 Pi-

93 1410 113 1434 »
147 1393 310 1447 latum,
336 1402 378 1436 et
394 1394 518 1452 petiit
539 1409 696 1452 corpus
718 1396 835 1437 Jesu.
862 1393 1025 1437 Pilatus
1057 1403 1201 1437 autem
1232 1394 1472 1437 mirabatur

92 1479 112 1502 »
147 1462 180 1504 si
197 1463 287 1520 jam
322 1462 497 1505 obiisset
533 1481 542 1505 ε
574 1471 617 1506 et
654 1463 858 1506 accersito
889 1463 1156 1506 Centurione
1192 1463 1473 1520 interrogavit

93 1549 113 1571 »
147 1545 247 1574 eum
272 1532 304 1574 si
323 1532 411 1590 jam
432 1541 627 1575 mortuus
652 1541 760 1575 esset
788 1551 796 1575 :
827 1535 1002 1575 Etcum
1024 1532 1294 1589 cognovisset
1317 1548 1339 1575 a
1355 1534 1472 1576 Cen-

93 1617 112 1640 »
148 1600 345 1654 turione,
382 1600 559 1643 donavit
589 1616 746 1658 corpus
775 1602 936 1658 Joseph
959 1604 990 1643 ².
1021 1619 1040 1641 υ
1074 1604 1211 1644 Lucas
1238 1602 1298 1644 sic
1324 1620 1332 1644 z
1363 1619 1382 1642 «
1416 1604 1472 1645 Et

92 1687 112 1710 »
147 1684 245 1712 ecce
266 1669 330 1713 vir
347 1670 524 1712 nomine
546 1670 723 1728 Joseph,
746 1670 821 1728 qui
843 1678 933 1712 erat
952 1668 1128 1713 decurio
1143 1704 1153 1723 ,
1179 1670 1246 1712 vir
1266 1671 1408 1713 bonus
1430 1679 1474 1713 et

91 1756 112 1779 »
143 1739 284 1798 justus
300 1773 310 1792 ,
335 1738 406 1781 hic
427 1753 516 1781 non
537 1747 811 1782 consenserat
838 1737 1017 1781 consilio
1039 1747 1082 1782 et
1110 1739 1278 1782 actibus
1295 1753 1469 1793 eorum,

91 1825 112 1849 »
148 1808 203 1850 ab
235 1808 473 1851 Arimathia
501 1808 674 1851 civitate
699 1807 864 1851 Judaeae
881 1842 891 1860 ‚
924 1808 1000 1866 qui
1030 1808 1288 1867 expectabat
1311 1817 1354 1852 et
1381 1809 1472 1868 ipse

93 1894 113 1917 n
147 1891 330 1934 regnum
349 1877 450 1933 Dei3
476 1876 546 1920 hic
568 1877 744 1920 accessit
766 1875 821 1919 ad
843 1876 1049 1929 Pilatum,
1086 1886 1130 1921 et
1167 1878 1291 1937 petiit
1316 1893 1472 1936 corpus

92 1963 112 1987 »
150 1948 272 1988 Jesu3
292 1980 300 1988 .
328 1963 348 1985 »
375 1947 563 1988 Joannes
578 1953 722 1988 autem
747 1954 1031 2004 posteaquam
1048 1948 1238 1990 narravit
1260 1946 1315 1990 de
1336 1948 1473 1990 cruri—

91 2015 172 2058 bus
192 2013 336 2057 fractis
357 2028 508 2057 eorum
527 2049 538 2068 ,
578 2014 655 2073 qui
679 2028 779 2057 cum
814 2014 999 2057 Domino
1031 2015 1226 2059 crucifixi
1254 2025 1375 2059 erant
1396 2050 1406 2070 ,
1432 2025 1474 2059 et

89 2082 144 2126 de
164 2083 297 2127 latere
322 2084 495 2127 Domini
506 2083 655 2126 lancea
673 2097 873 2142 percusso
895 2102 903 2126 ε
923 2083 1043 2142 quod
1056 2093 1198 2127 totum
1216 2084 1330 2127 solus
1347 2083 1470 2139 dixit,

89 2154 314 2212 subjungit
343 2154 615 2197 consentiens
652 2153 838 2207 caeteris,
866 2153 922 2196 ita
952 2169 1129 2199 narrans
1155 2172 1164 2197 ε
1194 2173 1213 2194 «
1246 2157 1347 2197 Post
1378 2154 1471 2197 haec

95 2241 113 2264 η
149 2232 293 2266 autem
317 2223 485 2280 rogavit
513 2222 700 2266 Pilatum
721 2223 881 2281 Joseph
901 2223 956 2266 ab
980 2223 1216 2266 Arimathia
1234 2257 1244 2275 ,
1280 2238 1331 2266 eo
1353 2223 1471 2282 quod

94 2311 114 2334 »ι
150 2302 258 2336 esset
278 2292 517 2351 Discipulus
539 2296 640 2336 Jesu
656 2328 666 2346 ,
688 2292 885 2336 occultus
920 2302 1065 2336 autem
1089 2302 1265 2351 propter
1304 2301 1472 2335 metum

93 2381 114 2404 »
149 2365 173 2408 J
178 2361 401 2406 udaeorum
414 2397 424 2416 ,
446 2371 494 2406 ut
517 2362 688 2407 tolleret
705 2377 859 2421 corpus
877 2365 900 2406 J
905 2378 980 2406 esu
998 2382 1007 2406 z
1025 2371 1069 2406 et
1082 2362 1275 2421 permisit
1293 2361 1469 2406 Pilatus.

96 2449 116 2472 n
151 2431 282 2475 Venit
302 2447 404 2490 ergo
421 2466 432 2486 ,
457 2441 500 2476 et
521 2431 621 2475 tulit
641 2447 797 2491 corpus
812 2435 835 2475 J
840 2447 914 2476 esu
930 2432 961 2474 ⁴.
989 2450 1009 2473 >›
1037 2435 1088 2475 In
1106 2432 1189 2475 hoc
1210 2430 1320 2474 nihil
1337 2439 1467 2485 extat,

93 1273 104 1295 )

104 1273 113 1296 ν

141 2531 151 2548 ¹
164 2525 276 2557 Matth.
296 2536 397 2566 xxvu,
417 2526 471 2567 57,
494 2525 548 2558 58.
573 2543 609 2548 —-
630 2533 643 2549 ²
662 2527 766 2558 Marc.
786 2537 839 2567 xv,
858 2525 973 2568 42-45.
997 2543 1037 2548 -
1060 2524 1073 2548 3
1088 2528 1165 2558 Luc.
1186 2535 1273 2566 xxm,
1293 2524 1410 2557 50-52.
1430 2541 1472 2547 —

95 2578 112 2608 4
128 2581 219 2612 Joan.
235 2590 302 2620 xix,
323 2579 374 2612 38.
