1819 3301
361 219 445 258 304
785 231 819 260 S.
855 234 1086 263 Aucusnm
1121 237 1300 264 Emscom

358 300 467 343 Nam
490 307 533 343 et
554 314 632 344 nos
655 299 758 345 dicit
780 302 1010 361 Apostolus
1031 303 1306 347 resurrexisse
1328 319 1426 348 cum
1448 304 1619 349 Christo
1636 309 1648 332 ¹
1668 341 1677 361 ‚
1696 317 1745 351 ut

357 384 452 429 Spes
471 371 529 414 rei
552 370 712 415 suturae
731 375 821 432 jam
845 382 1102 432 praesentem
1120 374 1315 418 laetitiam
1338 375 1504 420 afferat.
1524 376 1653 429 Quod
1674 393 1745 422 au-

356 449 442 485 tem
477 441 532 486 de
553 443 636 487 hoc
657 444 873 500 genimine
895 444 993 488 vitis
1017 445 1148 489 etiarn
1174 445 1284 490 illud
1315 462 1479 491 novum
1502 463 1592 491 esse
1613 447 1740 504 dicit,

355 511 565 570 significat
594 513 746 557 eadem
775 514 927 574 utique
959 531 1140 575 corpora
1174 527 1469 561 resurrectura
1500 517 1744 563 seeundum

353 584 677 628 innovationem
702 585 920 630 coelestem
941 622 952 642 ,
984 604 1083 647 quae
1120 604 1237 632 nunc
1260 590 1501 634 secundum
1526 598 1743 635 terrenam

351 663 611 699 vetustatem
647 657 860 701 moritura
885 667 1000 702 sunt.
1037 659 1078 702 Si
1096 668 1248 719 autem
1270 661 1403 704 vitem
1434 660 1488 704 de
1521 663 1643 722 cnjus
1665 677 1742 706 ve·

352 734 511 769 tustate
533 726 650 770 hunc
678 727 884 786 passionis
917 729 1092 772 calicem
1114 730 1228 773 bibit
1246 766 1256 785 ‚
1278 730 1393 789 ipsos
1416 731 1590 777 Judaeos
1611 731 1742 776 intel-

348 795 502 841 lexeris
521 832 531 851 ,
563 798 850 856 significatum
882 809 943 843 est
969 800 1096 843 etiarn
1126 801 1261 859 ipsam
1292 812 1466 860 gentem
1505 803 1560 846 ad
1585 819 1741 863 corpus

348 867 508 910 Christi
525 883 600 927 per
617 869 853 913 novitatem
876 870 976 914 vitae
1000 886 1281 925 accessuram,
1301 888 1399 916 cum
1425 874 1628 931 ingressa,
1647 873 1741 933 ple-

347 937 548 983 nitudine
569 939 791 996 Gentium,
813 941 952 985 omnis
970 941 1103 985 Isra'e‘l
1117 940 1260 986 salvus
1282 942 1402 987 fiet2.

849 1094 1086 1142 QLAESTIO
1119 1095 1252 1133 XLIV.

404 1226 531 1277 Quon
549 1223 716 1270 dictum
739 1235 801 1270 est
826 1244 834 1269 :
865 1245 884 1267 «
909 1229 1166 1286 Expuerunt
1189 1227 1234 1270 in
1256 1228 1409 1271 faciem
1433 1228 1524 1287 ejus
1540 1228 1554 1253 ³
1570 1262 1580 1281 ‚
1609 1245 1626 1268 »
1648 1227 1736 1286 sig-

343 1295 535 1339 nificavit
566 1311 637 1340 eos
658 1331 668 1350 ‚
702 1297 776 1356 qui
799 1298 888 1356 ejus
910 1299 1182 1355 prsesentiam
1207 1296 1354 1355 gratiae
1377 1307 1603 1356 respuunt.
1626 1300 1737 1341 Item

344 1374 552 1424 tanquam
575 1366 767 1425 colaphis
790 1383 890 1410 eum
909 1366 1087 1411 caedunt
1107 1403 1117 1421 ,
1143 1368 1219 1427 qui
1240 1368 1426 1411 honores
1450 1383 1549 1411 suos
1567 1367 1606 1411 ei
1629 1383 1736 1426 prae-

342 1435 492 1479 ferunt
523 1455 531 1480 :
557 1435 721 1495 palmas
745 1437 788 1480 in
820 1436 973 1481 faeiem
997 1438 1089 1496 ejus
1113 1436 1247 1492 dant,
1281 1439 1357 1497 qui
1382 1437 1562 1496 perfidia
1585 1437 1735 1482 caecati

343 1522 443 1551 eum
470 1521 555 1551 non
576 1507 741 1551 venisse
764 1508 1010 1562 affirmant,
1031 1516 1238 1567 tanquam
1257 1510 1532 1567 praesentiam
1554 1509 1644 1569 ejus
1666 1524 1735 1552 ex-

341 1578 622 1624 terminantes
643 1587 686 1622 et
713 1579 987 1639 repellentes.

843 1729 1080 1778 Quassmo
1113 1729 1228 1768 XLV.

400 1850 526 1900 Quor>
559 1852 711 1892 Petrus
745 1848 908 1893 nedum
932 1848 1140 1893 solidatus
1163 1848 1208 1891 in
1230 1846 1317 1890 fide
1335 1847 1350 1872 ⁴
1369 1882 1379 1902 ‚
1403 1850 1541 1890 Deum
1563 1856 1629 1891 ter
1650 1862 1730 1891 ne-

340 1919 482 1977 gavit,
503 1919 676 1964 videtur
692 1920 782 1979 ipsa
801 1920 912 1963 trina
930 1921 1020 1979 ejus
1038 1920 1211 1978 negatio
1228 1934 1409 1978 pravum
1430 1934 1618 1963 errorem
1639 1919 1732 1963 hae-

338 1991 574 2035 reticorum
620 1989 879 2049 designasse.
924 1992 1034 2034 Nam
1070 1991 1135 2047 (3)
1177 2005 1295 2034 error
1334 1989 1640 2034 haereticorum
1675 1988 1730 2033 de

338 2061 511 2106 Christo
548 2061 688 2105 tribus
715 2060 945 2118 generibus
978 2060 1235 2104 terminatur
1261 2080 1269 2104 :
1296 2068 1371 2103 aut
1393 2059 1508 2103 enim
1540 2059 1595 2103 de
1617 2058 1730 2104 divi-

337 2132 474 2176 nitate
495 2133 613 2191 ejus,
640 2139 715 2175 aut
732 2129 787 2174 de
808 2130 1094 2181 humanitate,
1112 2139 1188 2174 aut
1211 2130 1264 2174 de
1286 2139 1475 2190 utroque
1493 2128 1723 2174 falluntur.

385 2236 393 2253 ¹
414 2229 517 2263 Colos.
535 2241 557 2272 1,
585 2239 636 2262 12.
656 2246 697 2252 —
717 2235 729 2251 ²
755 2231 847 2261 Rom.
868 2239 926 2269 ιιι,
945 2227 999 2260 25.
1021 2244 1062 2250 —
1083 2225 1096 2250 3
1114 2227 1226 2259 Matth.
1243 2238 1332 2269 xxw,
1349 2229 1389 2269 67
1423 2242 1461 2250 -··
1478 2226 1493 2257 4
1512 2227 1593 2259 lbid.
