1819 3301
364 281 416 320 88
805 289 837 316 s.
875 289 1103 318 Aucus-nm
1126 290 1307 317 museom

362 355 515 416 cipulis
531 355 607 416 qui
629 363 910 400 cucurrerant
929 353 985 397 ad
1001 363 1352 409 monumentum,
1373 352 1551 414 quando
1564 354 1622 397 eis
1639 368 1754 398 nun-

361 427 519 470 tiatum
558 435 620 470 est
655 426 776 486 quod
813 423 1007 468 ablatum
1044 423 1144 467 inde
1178 425 1232 468 sit
1261 440 1418 484 eorpus
1451 425 1556 483 ejus,
1582 427 1639 468 Et
1659 424 1751 484 ipse

362 499 540 558 quidem
567 501 704 541 Lucas
729 500 902 540 Petrum
927 504 1098 539 tantum
1126 495 1233 540 dicit
1253 496 1491 541 cucurrisse
1513 495 1569 539 ad
1591 511 1752 540 monu-

361 578 586 622 mentum,
618 577 662 611 et
699 566 1059 626 procumbentem
1095 565 1248 610 vidisse
1275 566 1529 610 linteamina
1552 566 1644 610 sola
1679 581 1755 625 po·

364 642 443 685 sita
464 676 474 695 ‚
493 649 535 683 et
559 639 711 683 abiisse
735 653 882 682 secum
903 638 1134 682 mirantem
1154 637 1273 697 quod
1296 635 1462 682 factum
1483 637 1642 681 fuerat.
1661 639 1754 682 Hoc

366 719 512 754 autem
534 708 589 752 de
620 712 748 753 Petro
770 716 1110 763 commemorat,
1135 708 1252 767 prius
1276 723 1409 768 quam
1441 716 1586 752 narret
1614 706 1668 751 de
1690 707 1756 750 his

363 780 535 824 (luobus
556 795 665 840 quos
685 779 851 823 invenit
872 779 917 821 in
940 779 1007 821 via
1029 814 1039 833 ,
1064 788 1348 838 posteaquam
1373 778 1563 823 narravit
1584 777 1639 821 de
1659 793 1758 821 mu-

364 851 541 895 lieribus
565 867 663 910 quae
687 849 884 893 viderant
914 849 1101 906 Angelos
1116 884 1126 903 ,
1152 858 1195 892 et
1225 849 1278 892 ab
1301 849 1359 892 eis
1383 847 1613 892 audierant
1637 847 1756 908 quod

363 922 660 966 resurrexisset
687 923 830 973 Jesus,
866 928 1075 978 tanquam
1099 927 1204 962 tunc
1228 922 1380 962 Petrus
1409 918 1465 962 ad
1493 934 1757 964 monumen-

367 1002 459 1036 tum
493 991 747 1035 cucurrerit.
778 990 862 1034 Sed
884 988 1140 1047 intelligitur
1163 991 1245 1033 hoc
1270 992 1407 1034 Lucas
1426 989 1756 1049 recapitulando

363 1062 555 1122 posuisse
580 1061 633 1104 de
668 1064 810 1104 Petro.
840 1062 871 1103 T
877 1075 962 1104 unc
980 1060 1095 1103 enim
1118 1061 1310 1104 cucurrit
1340 1064 1491 1104 Petrus
1521 1059 1576 1104 ad
1598 1075 1757 1105 monu-

366 1141 563 1177 mentum
586 1131 763 1191 quando
795 1139 838 1173 et
860 1132 1048 1173 Joannes
1065 1165 1075 1184 ‚
1101 1145 1203 1173 cum
1226 1130 1532 1174 tantummodo
1554 1146 1577 1174 a
1599 1130 1758 1175 mulie-

368 1205 510 1258 ribus,
544 1203 763 1262 praecipue
787 1218 809 1245 a
831 1202 965 1246 Maria
985 1201 1242 1259 Magdalene
1260 1202 1511 1246 nuntiatum
1535 1202 1594 1246 eis
1617 1202 1762 1248 fuerat

370 1275 424 1319 de
449 1289 631 1333 corpore
655 1272 801 1316 ablato
829 1292 836 1316 :
863 1281 968 1316 tunc
992 1282 1138 1316 autem
1162 1271 1234 1316 illa
1257 1273 1561 1328 nuntiaverat,
1582 1272 1760 1333 quando
1814 1289 1815 1311 ι

368 1345 480 1390 vidit
501 1345 690 1404 lapidem
714 1343 913 1387 avulsum
931 1358 954 1386 a
972 1353 1279 1388 monumento:
1301 1352 1344 1387 et
1365 1352 1512 1403 postea
1527 1342 1642 1388 sacta
1659 1353 1762 1389 sunt

368 1417 464 1460 haec
493 1415 548 1459 de
569 1414 733 1459 visione
755 1413 1023 1472 Angelorum
1043 1448 1053 1467 ‚
1074 1423 1205 1474 atque
1222 1414 1356 1473 ipsius
1374 1414 1548 1458 Domini
1566 1449 1576 1469 ,
1597 1415 1674 1474 qui
1696 1414 1762 1458 bis

371 1501 555 1530 numero
578 1492 836 1544 apparuerat
858 1484 1115 1528 mulieribus
1134 1520 1144 1538 ,
1165 1484 1298 1528 semel
1320 1483 1375 1528 ad
1395 1493 1733 1529 monumentum
1748 1519 1760 1540 ‚

371 1566 415 1601 et
432 1557 591 1600 iterum
609 1570 839 1599 occurrens
858 1556 1174 1599 revertentibus
1195 1572 1217 1599 a
1241 1565 1544 1600 monumento.
1568 1559 1660 1600 Hoc
1682 1570 1763 1600 au-

373 1638 461 1672 tem
495 1636 730 1686 antequam
759 1625 933 1670 duobus
957 1626 1040 1670 illis
1063 1627 1108 1669 in
1142 1626 1210 1670 via
1231 1627 1346 1670 visus
1368 1626 1541 1681 fuisset,
1574 1642 1764 1687 quorum

373 1708 465 1743 erat
486 1713 600 1742 unus
629 1697 859 1756 Cleophas.
890 1700 1089 1757 Namque
1126 1707 1169 1741 et
1200 1697 1415 1757 Cleophas
1444 1697 1628 1757 loquens
1663 1713 1766 1743 cum

373 1768 561 1814 Domino
579 1782 710 1827 quem
729 1766 928 1811 nondum
947 1767 1231 1826 agnoscebat,
1252 1783 1343 1812 non
1360 1771 1540 1812 Petrum
1561 1768 1668 1813 dixit
1685 1769 1765 1813 isse

378 1840 433 1885 ad
455 1847 792 1883 monumentum
820 1857 828 1882 :
865 1838 963 1894 sed,
992 1857 1012 1880 «
1044 1839 1261 1883 Abierunt
1287 1838 1466 1899 quidam
1497 1854 1547 1883 ex
1581 1841 1763 1896 nostris,

381 1931 401 1953 »
440 1911 604 1971 inquit,
638 1909 694 1953 ad
724 1919 1059 1954 monumentum
1076 1945 1087 1966 ,
1113 1919 1157 1954 et
1177 1910 1237 1954 ita
1257 1911 1520 1955 invenerunt
1540 1911 1652 1955 sicut
1669 1926 1767 1956 mu.-

383 2001 403 2024 »
438 1981 563 2025 lieres
585 1980 789 2025 dixerunt
809 2000 817 2025 :
841 1999 862 2022 »
896 1981 1015 2041 quod
1038 1990 1081 2025 et
1101 1982 1192 2041 ipse
1213 1980 1543 2042 recapitulando
1562 1982 1792 2041 intelligi-‚

381 2062 451 2097 tur
473 2052 626 2096 dixisse
643 2088 654 2108 ,
681 2051 793 2096 illud
815 2052 976 2096 scilicet
999 2053 1118 2113 quod
1141 2052 1283 2112 primo
1309 2051 1512 2097 mulieres
1534 2053 1767 2098 nuntiave—

379 2133 476 2168 rant
506 2127 635 2168 Petro
663 2132 705 2166 et
734 2124 891 2167 Joanni
919 2123 973 2167 de
1004 2124 1149 2168 ablato
1182 2139 1362 2184 corpore
1393 2125 1582 2169 Domini.
1607 2128 1669 2170 Ac
1692 2140 1770 2184 per

378 2198 462 2240 hoc
485 2210 586 2239 cum
613 2196 703 2254 ipse
727 2198 863 2239 Lucas
891 2199 1069 2239 Petrum
1092 2194 1246 2239 dixerit
1273 2195 1510 2240 cucurrisse
1533 2195 1589 2240 ad
1610 2211 1771 2240 monu-

378 2278 576 2312 mentum
593 2302 604 2322 ‚
625 2276 667 2310 et
685 2267 924 2326 Cleopham
948 2266 1101 2311 dixisse
1123 2267 1213 2326 ipse
1234 2266 1431 2311 retulerit
1451 2266 1573 2327 quod
1589 2266 1770 2327 quidam

379 2354 528 2382 eorum
570 2339 708 2381 ,ierant
755 2338 809 2381 ad
859 2347 1196 2382 monumentum
1219 2373 1230 2393 ‚
1274 2337 1535 2396 intelligitur
1577 2338 1770 2382 attestari

378 2410 535 2454 ¹loanni
555 2444 566 2462 ‚
605 2408 724 2468 quod
754 2408 842 2452 (luo
866 2409 993 2452 ierint
1018 2409 1072 2454 ad.
1096 2418 1429 2454 monumentum
1453 2430 1464 2466 3
1491 2409 1566 2453 sed
1590 2413 1770 2453 Petrum

382 2481 520 2524 solum
541 2481 679 2538 primo
697 2481 1066 2534 commemoravit,
1086 2482 1185 2540 quia
1208 2479 1269 2523 illi
1293 2481 1491 2539 primitus
1507 2481 1641 2525 Maria
1657 2496 1770 2524 nun-

385 2551 575 2592 tiaverat.
592 2554 701 2593 {tem
718 2559 858 2608 potest
876 2565 1047 2593 mov-ere
1065 2550 1187 2610 quod
1207 2554 1381 2594 Petrum
1404 2566 1490 2594 non
1510 2551 1766 2605 intrantem,

384 2619 456 2661 sod
482 2620 839 2675 procumlwntcun
863 2619 967 2663 dicit
994 2621 1109 2663 idem
1143 2624 1275 2663 Lucas
1309 2620 1464 2664 vidisse
1497 2619 1585 2665 sola
1614 2619 1770 2664 lintea-
