1819 3301
302 262 384 303 438
739 274 772 303 s.
809 273 1039 302 AUGU3T1N1
1073 275 1254 302 nmscom

300 370 321 393 »
356 352 403 396 in
423 351 637 411 principio
655 361 747 395 erat
761 351 957 394 Verbum
975 385 985 405 ‚
1011 359 1053 394 et
1072 350 1266 394 Verbum
1286 359 1378 395 erat
1399 349 1517 412 apud
1528 348 1683 407 Deum,

298 440 318 464 >›
354 433 397 466 et
414 426 526 466 Deus
550 431 640 465 erat
660 421 869 464 Verbum.
900 438 919 461 »

351 496 453 538 XII.
484 513 502 534 «
520 496 665 549 Etego
688 490 932 535 nesciebam
951 505 1067 543 eum,
1081 509 1101 532 η
1122 489 1228 535 dixit
1253 511 1292 536 2«
1316 490 1399 536 Sed
1416 500 1464 535 ut
1478 491 1686 536 manifes-

297 581 317 605 »
353 571 519 607 taretur
539 560 705 615 Israeli,
724 571 952 621 propterea
974 560 1073 606 veni
1090 577 1170 620 ego
1186 562 1228 605 in
1239 578 1351 622 aqua
1371 562 1607 621 baptizans.
1631 564 1686 606 Et

295 652 315 674 »
352 632 650 676 testimonium
670 632 892 690 perhibuit
914 634 1101 675 Joannes
1117 667 1127 686 ,
1151 631 1323 676 dicens:
1351 632 1461 685 Quia
1485 632 1571 675 vidi
1588 632 1686 691 Spi-

296 721 316 744 »
353 704 485 746 ritum
509 702 563 745 de
587 701 702 746 coelo
719 701 1056 746 descendentem
1075 702 1196 762 quasi
1215 702 1484 751 columbam,
1505 711 1548 746 et
1566 718 1686 746 man-

294 791 313 814 »
350 773 402 817 sit
425 788 554 832 super
571 788 671 816 eum
697 790 707 816 :
728 782 771 816 et
788 789 868 831 ego
887 772 1131 816 nesciebam
1155 787 1254 815 eum
1270 807 1280 827 ,
1297 772 1371 816 sed
1388 773 1463 833 qui
1484 788 1552 816 me
1571 772 1685 816 misit

294 862 314 884 »
352 842 571 903 baptizare
593 843 637 886 in
661 859 794 902 aqua,
822 841 894 886 ille
925 842 1029 886 mihi
1049 842 1155 886 dixit
1182 862 1189 887 :
1219 844 1358 901 Super
1376 859 1507 903 quem
1526 842 1684 888 videris

294 932 314 955 »
353 914 561 973 Spiritum
573 913 908 958 descendentem
933 922 976 957 et
990 923 1235 957 manentem
1249 930 1378 973 super
1392 930 1492 958 eum
1507 950 1518 970 ,
1535 915 1606 958 hie
1621 924 1685 959 est

293 1003 314 1026 »
350 985 427 1044 qui
462 985 653 1043 baptizat
675 985 719 1027 in
745 984 907 1043 Spiritu
932 993 1081 1028 sancto
1108 1003 1116 1028 :
1148 993 1190 1028 et
1212 1000 1292 1042 ego
1314 983 1404 1029 vidi
1423 994 1466 1029 et
1489 985 1683 1029 testimo-

292 1072 313 1095 »
348 1055 470 1099 nium
502 1054 731 1114 perhibui,
765 1055 865 1115 quia
888 1054 958 1098 hic
991 1063 1055 1098 est
1083 1053 1218 1099 Filius
1252 1055 1343 1098 Dei1
1372 1090 1380 1099 .
1423 1075 1442 1096 »
1478 1055 1684 1100 Intendat

289 1125 512 1169 modicum
531 1125 749 1170 Charistas
764 1126 916 1168 Vestra
935 1144 943 1169 z
962 1125 1151 1168 Joannes
1168 1125 1347 1185 quando
1365 1124 1516 1170 didicit
1533 1114 1698 1170 Chrisss

290 1198 415 1240 tum?
439 1197 593 1241 Missus
629 1206 692 1240 est
719 1197 835 1240 enim
865 1205 914 1239 ut
943 1195 1181 1255 baptizaret
1209 1197 1254 1240 in
1278 1212 1405 1256 aqua.
1441 1196 1683 1250 Quaesitum

290 1276 354 1311 est
376 1267 539 1327 quare?
560 1286 579 1308 «
606 1267 663 1310 Ut
683 1265 1033 1310 manifestaretur
1065 1265 1227 1320 Israeli,
1252 1285 1271 1308 υ
1302 1266 1423 1311 dixit.
1451 1267 1567 1320 Quid
1588 1283 1685 1326 pro-

265 1379 269 1386 ,
289 1336 374 1380 suit
392 1337 632 1395 baptismus
653 1336 856 1380 Joannis‘?
876 1337 1047 1380 Fratres
1070 1337 1171 1390 mei,
1196 1337 1229 1379 si
1252 1337 1418 1396 profuit
1435 1336 1617 1397 aliquid,
1640 1346 1683 1381 et

287 1406 420 1450 modo
440 1415 648 1459 maneret,
675 1415 718 1449 et
738 1405 1063 1465 baptizarentur
1086 1406 1284 1450 homines
1309 1407 1521 1466 baptismo
1544 1409 1681 1451 Joan-

288 1477 376 1535 nis3
401 1486 444 1521 et
465 1477 522 1520 sic
551 1476 751 1521 venirent
778 1476 833 1520 ad
862 1475 1126 1535 baptismum
1151 1476 1327 1521 Christi.
1363 1478 1447 1521 Sed
1469 1477 1576 1537 quid
1600 1478 1683 1522 ait?

293 1566 314 1589 «
350 1549 406 1591 Ut
429 1545 778 1590 manifestaretur
799 1544 943 1590 Israeli
970 1565 978 1590 :
1005 1564 1024 1587 »
1051 1545 1095 1589 id
1124 1555 1213 1600 est,
1242 1547 1322 1606 ipsi
1342 1547 1495 1602 Israel,
1517 1547 1682 1607 populo

288 1615 421 1662 Israel
441 1625 490 1660 ut
511 1614 861 1660 manifestaretur
883 1616 1095 1671 Christus,
1114 1617 1233 1661 venit
1254 1617 1472 1677 baptizare
1488 1618 1533 1661 in
1551 1634 1677 1678 aqua.

286 1688 467 1748 Accepit
488 1688 778 1732 ministerium
807 1688 1075 1748 baptismatis
1097 1691 1285 1733 Joannes
1301 1724 1311 1744 ‚
1333 1690 1377 1732 in
1401 1705 1513 1749 aqua
1536 1689 1682 1749 poeni-

285 1758 434 1804 tentiae
468 1774 616 1818 parare
644 1759 756 1802 viam
792 1759 977 1803 Domino
995 1794 1005 1813 ‚
1033 1775 1122 1802 non
1152 1760 1334 1803 existens
1358 1760 1567 1804 Dominus
1601 1780 1609 1805 2
1639 1770 1682 1804 at

285 1830 362 1873 ubi
376 1829 577 1888 cognitus
592 1838 656 1873 est
674 1829 900 1883 Dominus,
922 1829 1144 1888 superfluo
1162 1829 1201 1872 ei
1218 1829 1286 1873 via
1302 1830 1534 1888 parabatur
1553 1850 1560 1875 :
1578 1830 1680 1890 quia

285 1900 648 1959 cognoscentibus
677 1916 720 1943 se
742 1900 832 1958 ipse
856 1898 995 1944 factus
1019 1909 1081 1944 est
1110 1901 1178 1944 via
1207 1919 1214 1945 :
1241 1901 1388 1960 itaque
1422 1917 1507 1945 non
1545 1901 1678 1945 dura-

283 1970 346 2015 vit
361 1969 437 2013 diu
458 1970 695 2029 baptismus
713 1970 907 2013 Joannis.
933 1969 1017 2014 Sed
1035 1970 1258 2030 quomodo
1277 1970 1598 2015 demonstratus
1616 1980 1680 2016 est

281 2041 527 2085 Dominus?
547 2039 732 2084 Humilis
756 2060 763 2084 :
787 2050 836 2083 ut
863 2040 961 2084 ideo
984 2041 1200 2100 acciperet
1223 2042 1437 2102 baptisma
1458 2045 1675 2097 JoanneS‚

282 2109 328 2154 in
350 2127 438 2170 quo
462 2110 753 2169 baptizaretur
774 2110 866 2169 ipse
887 2110 1112 2154 Dominus.

342 2183 468 2224 XIII.
498 2182 551 2224 Et
574 2197 682 2240 opus
705 2188 795 2224 erat
820 2180 1003 2224 Domino
1038 2180 1274 2239 baptizari?
1295 2182 1350 2224 Et
1378 2196 1455 2238 ego
1483 2181 1675 2226 interro-

284 2267 388 2310 gans
412 2251 497 2295 cito
516 2249 758 2310 respondeo
780 2270 788 2295 :
814 2252 934 2309 Opus
955 2260 1045 2294 erat
1074 2251 1258 2295 Domino
1282 2252 1428 2295 nasci?
1450 2268 1558 2311 opus
1581 2261 1673 2296 erat
1699 2249 1704 2253 ’

283 2321 469 2365 Domino
490 2322 712 2378 crucifigi?
732 2337 840 2380 opus
858 2329 949 2365 erat
978 2321 1159 2365 Domino
1178 2321 1312 2365 mori?
1335 2338 1444 2381 opus
1468 2330 1559 2366 erat
1584 2311 1672 2367 Do-

283 2392 402 2436 mino
431 2392 627 2451 sepeliri?
649 2393 691 2436 Si
709 2406 809 2448 ergo
837 2400 996 2435 tantam
1024 2391 1211 2450 suscepit
1235 2408 1313 2450 pro
1341 2393 1465 2436 nobis
1489 2392 1671 2436 humili-

280 2470 436 2510 tatem,
460 2462 723 2520 baptismum
749 2478 837 2505 non
861 2471 951 2505 erat
968 2471 1242 2519 suscepturus
1259 2465 1275 2502 ’ἶ
1299 2464 1353 2506 Et
1371 2462 1477 2521 quid
1500 2462 1666 2521 profuit

283 2532 383 2591 quia
412 2534 597 2590 suscepit
635 2532 894 2590 baptismum
920 2532 1052 2575 servi?
1077 2533 1130 2574 Ut
1168 2540 1214 2574 tu
1249 2547 1335 2576 non
1370 2531 1668 2590 dedignareris

338 2612 342 2624 ¹
365 2604 649 2643 .loan.1,;51-313..
