1819 3301
321 209 373 244 ΞΟ
770 214 797 242 3.
837 216 1065 243 auct-sami
1100 216 1277 242 errscom

324 303 340 322 »
378 282 531 325 dotum
556 289 598 324 ct
631 281 871 339 amputavit
897 279 1135 324 auriculam
1157 281 1274 339 ejus,
1313 297 1332 318 »
1361 279 1472 321 sicut
1503 281 1639 338 Lucas
1662 284 1706 320 et

313 354 508 395 Joanncs
542 350 695 395 dicunt
729 370 737 395 ε
767 369 787 392 «
812 352 1097 404 Dexter3m1,
1126 367 1145 390 »
1172 351 1253 401 Qui
1287 357 1430 392 autom
1466 346 1701 406 percussit,

318 420 558 466 secundum
590 423 802 465 Joannem
827 423 979 464 Petrus
1008 428 1098 463 erat
1118 438 1125 463 :
1147 434 1276 479 quem
1299 417 1507 477 percussit
1529 425 1673 472 autem
1690 450 1701 470 ,

317 491 515 538 Malchus
534 491 786 536 vocabatur.
810 489 975 534 Deinde
997 488 1117 550 quod
1141 492 1276 533 Lucas
1299 488 1404 532 dicit
1427 507 1434 532 :
1464 506 1480 526 «
1506 491 1705 546 Respon-

323 584 340 604 »
377 562 483 607 dens
501 566 624 607 Jesus
640 563 698 606 ait
724 581 731 606 :
764 561 898 606 Sinite
922 576 1059 621 usque
1082 561 1196 605 hue2
1222 580 1230 604 ;
1264 584 1278 601 >2
1307 569 1349 603 et
1371 558 1568 618 adjunxit
1585 556 1706 618 quod

319 635 550 679 Matthaeus
568 641 879 677 commemorat
900 652 908 677 :
935 651 954 674 «
980 633 1195 677 Converte
1217 630 1409 688 gladium
1433 639 1559 672 tuum
1579 628 1624 671 in
1645 627 1708 671 lo-

323 724 343 746 »
379 720 479 749 cum
502 719 644 748 suum.
670 705 830 747 Omnes
854 703 970 746 enim
993 702 1068 762 qui
1091 701 1336 761 acceperint
1365 698 1584 758 gladium,
1613 697 1705 756 gla-

327 796 344 817 »
379 775 452 819 dio
473 775 695 834 peribunt.
712 777 779 818 An
800 782 926 833 putas
942 773 1041 832 quia
1058 788 1145 816 non
1168 787 1341 831 possum
1367 786 1518 830 rogare
1538 773 1707 813 Patrem

323 865 343 888 »
379 861 548 900 meum,
583 854 625 889 et
656 844 879 888 exhibebit
900 843 1005 886 mihi
1028 843 1159 886 modo
1188 841 1286 900 plus
1321 857 1448 901 quam
1475 839 1708 884 duodecim

381 915 572 974 legiones
585 914 879 974 Angelorum?
893 912 1124 965 Quomodo
1138 927 1241 970 ergo
1259 911 1562 971 implebuntur
1573 910 1709 969 Scrip-

326 1004 345 1028 »
380 995 506 1041 turae,
533 986 634 1046 quia
656 986 714 1029 sic
740 993 911 1044 oportet
940 983 1031 1027 fieri
1051 985 1065 1008 ‘⁵
1084 985 1101 1026 P
1123 1002 1141 1024 »
1171 985 1244 1027 His
1266 982 1405 1026 verbis
1429 981 1606 1042 adjungi
1627 996 1708 1040 po-

321 1066 436 1112 test,
462 1055 583 1117 quod
609 1055 733 1099 illum
763 1071 814 1099 eo
841 1054 938 1098 loco
961 1053 1117 1097 dixisse
1148 1056 1336 1097 Joannes
1367 1060 1706 1097 commemorat:

325 1148 345 1170 «
379 1127 570 1172 Calicem
587 1141 718 1186 quem
732 1125 854 1169 dedit
867 1124 972 1167 mihi
991 1127 1132 1178 Pater,
1147 1139 1235 1168 non
1248 1124 1310 1166 vis
1329 1123 1476 1166 bibam
1494 1122 1617 1166 illum
1632 1123 1674 1165 ⁴?
1687 1140 1705 1163 »

324 1201 468 1253 Tunc,
494 1199 606 1242 sicut
627 1200 765 1241 Lucas
789 1196 920 1250 dicit,
947 1195 1088 1253 tetigit
1110 1193 1347 1239 auriculam
1374 1193 1488 1238 illius
1510 1194 1586 1254 qui
1608 1209 1709 1253 per-

321 1284 469 1313 cussus
492 1277 609 1322 erat,
635 1276 677 1310 et
699 1275 862 1310 sanavit
881 1281 978 1309 eum

381 1340 525 1382 XVII.
567 1339 656 1381 Nec.
683 1345 854 1380 moveat
876 1335 997 1395 quasi
1019 1335 1285 1379 contrarium
1311 1336 1392 1389 sit,
1424 1333 1545 1394 quod
1573 1337 1711 1378 Lucas

324 1407 458 1463 dixit,
483 1406 851 1464 interrogantibus
873 1405 1099 1464 Discipulis
1124 1406 1157 1449 si
1181 1414 1457 1464 percuterent
1476 1406 1520 1448 in
1538 1403 1681 1462 gladio
1697 1439 1708 1459 ,

324 1480 560 1524 Dominum
592 1476 886 1536 respondisse,
917 1497 935 1518 «
966 1477 1099 1521 Sinite
1113 1492 1250 1536 usque
1279 1478 1365 1520 huc
1394 1496 1400 1520 :
1427 1476 1589 1536 »quasi
1619 1485 1714 1535 post

324 1550 443 1595 illam
481 1549 804 1610 percussionem
840 1549 898 1592 ita
931 1548 1096 1592 dictum
1135 1546 1284 1601 fuerit,
1334 1558 1382 1592 ut
1426 1547 1640 1607 placuerit
1675 1547 1714 1590 ei

327 1636 466 1681 usque
506 1621 591 1664 huc
612 1619 776 1663 factum
796 1654 806 1672 ,
841 1617 914 1662 sed
949 1617 1133 1677 amplius
1163 1619 1255 1661 fieri
1288 1618 1479 1661 noluerit
1507 1637 1514 1662 :
1546 1633 1646 1662 cum
1669 1617 1715 1660 in

327 1691 470 1736 verbis
505 1705 604 1750 quae
638 1689 872 1732 Matthaeus
903 1688 1069 1747 posuit,
1105 1687 1371 1745 intelligatur
1400 1688 1543 1747 potius
1574 1697 1716 1731 totum

329 1763 495 1807 factum
514 1797 524 1816 ,
550 1777 638 1821 quo
661 1777 762 1804 usus
785 1769 847 1803 cst
865 1759 1009 1818 gladio
1028 1763 1196 1814 Petrus,
1217 1760 1401 1803 Domino
1430 1759 1713 1818 displicuisse.

331 1832 449 1877 Illud
478 1833 593 1876 enim
627 1832 769 1875 verius
803 1840 889 1884 est,
926 1830 1046 1890 quod
1081 1846 1181 1874 cum
1221 1846 1321 1874 eum
1357 1830 1714 1888 interrogassent,

331 1903 522 1946 dicentes
541 1937 551 1957 ,
581 1922 600 1943 «
626 1901 809 1945 Domine
826 1935 836 1955 ,
863 1900 896 1944 si
920 1901 1185 1959 percutimus
1207 1900 1252 1943 in
1276 1899 1445 1958 gladio?
1465 1919 1482 1940 »
1508 1910 1610 1944 tunc
1630 1916 1718 1944 res-

331 1971 514 2032 pondit,
554 1992 573 2013 «
599 1971 733 2016 Sinite
767 1984 905 2030 usque
937 1970 1050 2025 huc,
1085 1970 1172 2013 »id
1207 1974 1292 2024 est,
1327 1986 1415 2014 non
1440 1986 1514 2014 vos
1546 1979 1720 2015 moveat

331 2042 452 2103 quod
475 2041 673 2086 futurum
697 2050 760 2085 est
776 2076 786 2095 ,
813 2040 1093 2100 permittendi
1115 2050 1218 2084 sunt
1234 2041 1321 2084 huc
1339 2056 1477 2101 usque
1496 2041 1714 2100 progredi,

331 2114 417 2157 hoc
439 2121 503 2156 est
520 2147 530 2167 ,
556 2121 605 2156 ut
628 2127 696 2155 mc
719 2110 1048 2170 apprehendant
1068 2145 1079 2164 ‚
1100 2112 1143 2153 e’t
1164 2109 1427 2169 impleantur
1452 2127 1550 2171 quae
1573 2110 1628 2155 de
1650 2126 1720 2154 me

331 2182 488 2242 scripta
511 2190 626 2226 sunt.
667 2180 752 2226 Sed
772 2181 886 2224 inter
916 2195 1055 2224 moras
1078 2180 1313 2224 verborum
1352 2180 1718 2239 interrogantium

331 2252 567 2297 Dominum
587 2260 631 2296 et
653 2249 767 2295 illius
790 2250 1088 2309 respondentis
1105 2285 1115 2305 ,
1149 2253 1301 2293 Petrus
1337 2249 1599 2294 defensionis
1628 2251 1719 2295 avi-

332 2322 467 2366 ditate
489 2330 531 2366 et
549 2321 698 2381 majori
719 2336 797 2380 pro
834 2320 1017 2364 Domino
1048 2320 1339 2364 commotione
1369 2320 1579 2379 percussit
1607 2340 1615 2365 :
1641 2319 1718 2364 sed
1761 2347 1764 2349 -

334 2407 423 2437 non
441 2400 682 2452 potuerunt
707 2391 834 2434 etiam
867 2389 994 2434 simul
1015 2389 1099 2434 dici
1119 2425 1130 2445 ,
1155 2406 1254 2449 quae
1293 2390 1421 2434 simul
1444 2392 1537 2434 ficri
1560 2400 1719 2451 potue-

328 937 337 957 )

336 937 345 957 v

383 2483 390 2498 ¹
413 2479 505 2508 Joan.
525 2488 617 2517 xvm,
648 2487 695 2507 10.
710 2492 751 2498 —
773 2482 784 2497 ²
804 2477 880 2507 Luc.
903 2485 983 2516 1:11,
1006 2473 1058 2505 51.
1079 2491 1118 2495 —
1141 2473 1152 2495 ἶ
1169 2474 1268 2506 Mattli
1305 2473 1716 2514 xw1,52-55.--4.10an.

339 2543 426 2573 xviii,
456 2543 504 2563 11.
528 2549 565 2554 —
587 2530 600 2554 ⁵
625 2534 700 2563 Luc.
728 2542 803 2570 xxii,
825 2530 875 2561 51.
940 2533 943 2537 '
