1819 3301
254 267 307 294 DE
337 267 549 295 CONSENSU
575 262 993 305 numennumen,
1029 268 1111 294 Lus.
1148 268 1213 294 111.
1374 255 1430 295 49

46 428 1389 447 mmmmmmmmmmmmmmmmmmmmmummmmmsmmmm
1394 429 1424 445 Μ

533 550 751 600 CAPUT
793 553 941 600 XIII.

527 693 673 739 Hora
690 695 948 754 passionis.

104 831 197 872 XL.
241 830 460 881 SEQUITUR
502 830 735 874 Matthaeus
761 848 770 874 ε
805 847 824 871 «
869 831 926 873 Et
966 827 1267 887 imposuerunt
1302 844 1430 888 super

50 917 70 939 »
108 907 239 957 caput
268 899 359 958 ejus
384 914 556 943 causam
585 899 719 959 ipsius
742 899 944 958 scriptam
980 918 988 943 ε
1016 898 1096 942 Hic
1127 907 1190 942 est
1212 901 1334 942 Jesus
1360 913 1432 942 rex

46 985 67 1010 »
102 968 390 1012 Judaeorum1.
415 988 434 1010 n
460 972 632 1014 Marcus
654 979 801 1014 autem
829 970 947 1029 prius
971 984 1102 1029 quam
1124 970 1208 1013 hoc
1231 968 1426 1024 dixisset,

0 1070 30 1098 Ἴ.
47 1058 66 1080 «
103 1042 206 1082 Erat
223 1048 366 1082 autem
380 1074 390 1093 ,
406 1039 571 1099 inquit,
588 1040 695 1083 hora
710 1039 834 1083 tertia
847 1074 858 1094 ‚
874 1048 916 1083 et
929 1040 1236 1083 crucifixerunt
1250 1040 1386 1082 eum2.
1406 1057 1426 1079 »

46 1111 137 1153 Hoc
160 1110 274 1152 enim
303 1109 527 1169 subjungit
562 1125 661 1154 cum
693 1109 748 1153 de
779 1110 965 1153 vestium
996 1109 1205 1154 divisione
1227 1109 1427 1154 dixisset:

44 1196 141 1239 quae
183 1195 247 1223 res
289 1178 618 1238 diligentissime
662 1178 976 1224 consideranda
1015 1189 1098 1234 est,
1134 1195 1189 1223 ne
1223 1195 1432 1238 magnum

0 1282 1 1288 ,
45 1248 173 1294 faciat
205 1266 409 1294 errorem.
445 1253 555 1296 Sunt
585 1251 699 1294 enim
729 1250 805 1310 qui
834 1250 1100 1294 arbitrentur
1122 1251 1229 1294 hora
1254 1250 1432 1309 quidem

45 1320 169 1364 tertia
194 1320 426 1365 Dominum
450 1322 729 1379 crucifixum3
754 1337 777 1365 a
795 1331 909 1365 sexta
935 1331 1080 1365 autem
1103 1321 1210 1365 hora
1230 1321 1431 1364 tenebras

0 1439 1 1442 Ἴ
42 1390 176 1434 factas
199 1406 337 1450 usque
371 1391 425 1435 ad
459 1407 618 1435 nonam
634 1427 644 1446 ,
667 1401 717 1436 ut
739 1400 1010 1451 consumptae
1028 1390 1328 1450 intelligantur
1349 1399 1434 1434 tres

0 1453 7 1506 l
43 1461 162 1504 horae
183 1476 232 1504 ex
255 1477 343 1521 quo
364 1462 593 1506 crucifixus
611 1472 674 1505 est
689 1497 699 1516 ‚
728 1477 866 1522 usque
888 1461 942 1505 ad
970 1462 1167 1505 tenebras
1190 1460 1339 1505 factas.
1373 1464 1430 1505 Et

0 1576 1 1591 χ
43 1540 183 1590 posset
198 1531 375 1590 quidem
390 1533 473 1576 hoc
488 1532 721 1576 rectissime
734 1532 933 1591 intelligi,
951 1533 1031 1576 nisi
1045 1535 1069 1576 J
1073 1548 1233 1576 oannes
1246 1532 1425 1587 diceret,

0 1634 1 1646 ¹
42 1600 146 1644 hora
169 1601 292 1661 quasi
309 1611 426 1645 sexta
443 1601 629 1646 Pilatum
648 1601 803 1645 sedisse
826 1617 903 1660 pro
926 1601 1133 1645 tribunali
1161 1602 1206 1644 in
1234 1601 1332 1645 loco
1354 1602 1429 1661 qui

42 1670 199 1714 dicitur
221 1671 531 1733 Lithostrotos‚
557 1672 762 1715 hebraice
786 1680 932 1714 autem
955 1670 1201 1714 Gabbatha.
1226 1672 1432 1730 Sequitur

42 1741 177 1795 enim,
210 1760 228 1782 «
254 1744 358 1785 Erat
380 1751 525 1785 autem
547 1745 778 1786 Parasceve
800 1741 975 1785 Paschae
1004 1741 1109 1784 hora
1133 1741 1254 1800 quasi
1286 1750 1422 1796 sexta,

44 1827 64 1851 »
100 1820 142 1852 et
162 1810 267 1855 dicit
291 1811 451 1855 Judaeis
471 1831 479 1856 :
505 1814 618 1855 Ecce
636 1827 707 1854 rex
725 1819 879 1855 vester.
901 1810 967 1853 Illi
986 1820 1129 1854 autem
1147 1809 1393 1855 clamabant
1419 1830 1428 1855 ε

48 1899 64 1919 »
103 1878 244 1933 Tolle,
278 1880 381 1922 tolle
413 1882 643 1936 :crucifige
665 1896 782 1925 eum.
818 1880 932 1924 Dixit
963 1880 1021 1924 eis
1052 1880 1214 1925 Pilatus
1236 1885 1426 1939 :Regem

45 1966 65 1989 »
100 1957 290 1992 vestrum
309 1949 586 2007 crucifigam?
606 1949 943 2007 Responderunt
966 1951 1191 2009 pontifices
1210 1970 1218 1995 z
1238 1953 1335 1995 Non
1354 1952 1430 1994 ha-

0 2017 3 2082 ,
45 2036 65 2059 »
100 2018 251 2063 bemus
282 2034 424 2077 regem
465 2019 543 2063 nisi
581 2021 810 2064 Caesarem.
854 2021 976 2063 Tunc
1010 2034 1111 2078 ergo
1153 2021 1332 2065 tradidit
1372 2022 1429 2064 eis

44 2107 63 2130 n
98 2089 222 2134 illum
254 2100 301 2135 ut
332 2091 693 2150 crucifigeretur?
731 2109 751 2132 »
787 2091 829 2135 Si
859 2091 990 2148 igitur
1019 2091 1125 2135 hora
1155 2092 1278 2151 quasi
1312 2101 1429 2136 sexta

42 2160 179 2206 Pilato
213 2161 390 2206 sedente
431 2178 510 2222 pro
539 2161 747 2206 tribunali
786 2161 969 2206 traditus
1007 2171 1070 2206 est
1105 2162 1425 2220 crucifigendus

41 2232 226 2287 Judaeis‚
254 2233 477 2292 quomodo
505 2233 612 2278 hora
641 2233 766 2277 tertia
790 2233 1018 2277 crucifixus
1037 2242 1128 2288 est,
1153 2234 1263 2277 sicut
1295 2233 1424 2278 verba

0 2294 7 2347 l
42 2303 175 2347 Marci
198 2318 287 2348 non
304 2302 592 2362 intelligentes
613 2303 792 2364 quidam
811 2306 1105 2363 putaverunt?

97 2375 213 2416 XLI.
259 2374 382 2418 Prius
416 2375 532 2418 enim
564 2389 649 2435 qua
680 2375 788 2418 hora
829 2374 1022 2432 crucifigi
1062 2374 1251 2433 potuerit
1278 2373 1425 2419 videa-

3 2453 11 2504 ξ
41 2456 151 2487 mus.
171 2443 337 2488 Deinde
357 2443 601 2489 videbimus
619 2460 696 2488 cur
720 2445 824 2488 hora
846 2445 970 2488 tertia
987 2444 1239 2487 crucifixum
1265 2443 1419 2488 dixerit

90 2544 97 2561 ¹
119 2539 239 2573 Matth.
261 2549 362 2581 xxvii,
382 2540 434 2582 37.
452 2557 492 2563 —
513 2547 525 2563 ²
544 2542 649 2573 Marc.
672 2552 727 2581 xv,
743 2544 796 2574 25.
825 2557 865 2563 —-
893 2538 905 2562 3
930 2543 1021 2573 Joan.
1049 2551 1112 2580 xix,
1132 2540 1243 2572 ¹3-16.

229 2602 349 2632 cxxi.
1241 2593 1262 2631 fs
