1819 3301
398 271 537 301 sznmo
569 274 727 301 nomm
759 273 805 300 m
836 272 1006 310 MONTE,
1042 273 1124 299 Lm.
1160 274 1208 299 11.
1402 261 1484 301 247

114 356 134 379 »
169 346 234 382 ter
264 337 366 397 quia
386 337 543 381 horum
571 337 766 380 omnium
804 335 1020 394 indigetis.
1051 336 1242 388 Quaerite
1270 351 1373 394 ergo
1394 339 1485 395 pri-

113 424 134 448 »
168 422 288 450 mum
307 421 490 464 regnum
508 407 582 449 Dei
601 415 643 449 et
653 406 862 465 justitiam
877 406 966 464 ejus
985 440 996 460 ,
1013 413 1056 448 et
1077 405 1170 449 haec
1192 407 1335 449 omnia
1353 421 1488 464 appo-

113 495 133 518 »
169 488 331 522 nentur
352 478 514 522 vobis¹.
539 494 559 517 »
586 477 665 520 Hic
687 476 1032 520 manifestissime
1052 476 1265 530 ostendit,
1284 492 1372 520 non
1394 477 1488 521 haec

109 562 199 592 esse
226 546 490 606 appetenda,
524 555 734 604 tanquam
756 545 857 590 talia
886 546 1001 590 bona
1038 557 1199 600 nostra,
1226 555 1275 590 ut
1312 555 1489 605 propter

108 617 199 675 ipsa
219 616 454 662 debeamus
486 616 597 659 bene
632 614 774 658 facere
791 650 802 669 ‚
825 615 859 658 si
880 616 988 674 quid
1009 614 1212 669 facimus,
1238 614 1313 659 sed
1343 625 1490 660 tamen

108 702 198 731 esse
230 687 481 731 necessaria.
521 685 639 738 Quid
673 686 788 728 enim
822 686 989 729 intersit
1022 687 1135 729 inter
1170 687 1336 730 bonum
1369 687 1490 746 quod

109 757 404 816 appetendum
422 766 501 810 est,
520 765 563 800 et
583 757 870 800 necessarium
886 757 1005 816 quod
1025 757 1287 800 sumendum
1308 767 1387 813 est,
1409 759 1490 803 hac

107 826 320 869 sententia
342 825 596 879 declaravit,
618 841 716 869 cum
736 817 794 869 ait
815 845 823 869 :
847 845 866 867 «
886 827 1076 887 Quaerite
1095 827 1285 885 primum
1305 843 1489 885 regnum

112 915 132 938 »
167 898 244 940 Dei
266 906 308 940 et
322 896 533 956 justitiam
548 897 655 955 ejus,
680 906 724 940 et
740 897 833 940 haec
851 898 992 940 omnia
1012 907 1288 956 apponentur
1308 899 1446 942 vobis.
1466 917 1486 939 »

108 971 307 1025 Regnum
332 983 434 1025 ergo
456 976 499 1010 et
515 968 679 1026 justitia
703 968 780 1011 Dei
804 969 969 1011 bonum
991 977 1187 1012 nostrum
1217 978 1307 1025 est·⁷
1337 977 1380 1012 et
1408 969 1490 1013 hoc

108 1036 430 1096 appetendum,
467 1047 509 1080 et
541 1037 602 1081 ibi
632 1037 727 1081 finis
760 1038 1089 1082 constituendus
1114 1075 1124 1093 ,
1163 1049 1339 1097 propter
1372 1039 1491 1098 quod

108 1108 253 1152 omnia
274 1107 483 1151 faciamus
500 1123 793 1167 quaecumque
813 1109 1005 1152 facimus.
1031 1109 1112 1154 Sed
1131 1109 1233 1168 quia
1256 1110 1300 1152 in
1316 1111 1394 1153 hac
1405 1110 1492 1153 vita

107 1176 341 1221 militamus
359 1212 370 1230 ‚
395 1187 444 1220 ut
465 1176 519 1220 ad
543 1176 653 1219 illud
674 1192 858 1235 regnum
881 1179 1106 1236 pervenire
1128 1179 1340 1237 possimus
1356 1214 1366 1232 ‚
1392 1195 1491 1238 quae

107 1247 193 1291 vita
207 1248 298 1292 sine
320 1247 385 1291 his
411 1247 655 1291 necessariis
678 1248 747 1305 agi
765 1263 853 1291 non
876 1257 1017 1306 potest
1036 1268 1043 1293 ε
1069 1268 1089 1290 «
1110 1252 1399 1307 Apponentur
1415 1265 1493 1293 vo-

109 1335 129 1358 »
164 1318 228 1361 bis
249 1318 364 1372 haec,
393 1336 412 1358 »
436 1318 578 1377 inquit
598 1352 609 1371 ‚
626 1316 702 1361 sed
723 1333 798 1361 vos
815 1333 996 1375 regnum
1018 1319 1092 1362 Dei
1111 1319 1376 1378 etjustitiam
1400 1320 1489 1378 ejus

106 1388 295 1446 primum
314 1387 512 1447 quaerite.
538 1389 652 1431 Cum
678 1387 793 1430 enim
817 1387 926 1432 dixit
946 1388 1058 1432 illud
1086 1390 1273 1447 primum
1291 1424 1301 1443 ‚
1327 1389 1493 1447 signifi-

105 1457 220 1501 cavit
241 1458 342 1516 quia
376 1457 457 1500 hoc
480 1457 694 1515 posterius
721 1458 1008 1515 quaerendum
1031 1467 1094 1502 est
1113 1493 1124 1513 ,
1150 1474 1239 1503 ηοη
1264 1468 1459 1517 tempore
1474 1493 1485 1513 ,

106 1525 180 1570 sed
202 1526 411 1584 dignitate
437 1545 445 1570 :
466 1526 577 1570 illud
599 1535 808 1586 tanquam
839 1527 1006 1571 honum
1026 1537 1221 1571 nostrum
1240 1563 1250 1581 ‚
1285 1528 1369 1571 hoc
1393 1537 1489 1571 tan-

104 1611 236 1655 quam
259 1596 544 1640 necessarium
566 1606 786 1652 nostrum3
823 1598 1110 1641 necessarium
1135 1607 1280 1641 autem
1313 1607 1490 1656 propter

106 1665 215 1710 illud
238 1666 420 1709 bonum.

164 1737 277 1779 LIV.
302 1737 453 1794 Neque
484 1733 600 1777 enim
618 1769 629 1788 ,
654 1734 774 1778 verbi
794 1735 928 1792 gratia
948 1770 959 1789 ,
999 1735 1098 1780 ideo
1126 1736 1336 1779 debemus
1364 1751 1494 1780 evan-

107 1804 304 1862 gelizare,
332 1815 380 1848 ut
402 1804 714 1847 manducemus
733 1824 744 1860 3
765 1804 839 1847 sed
861 1805 960 1848 ideo
982 1798 1262 1858 manducare,
1288 1815 1336 1849 ut
1358 1822 1490 1850 evan-

106 1874 365 1932 gelizemus3
398 1889 495 1916 nam
520 1874 553 1916 si
577 1883 801 1931 propterea
826 1873 1171 1931 evangelizamus
1191 1909 1201 1928 ‚
1230 1884 1280 1918 ut
1302 1875 1491 1918 mandu-

105 1959 274 1997 cemus,
299 1943 421 1986 vilius
445 1943 653 1985 habemus
672 1942 957 1999 Evangelium
987 1959 1119 2002 quam
1140 1944 1286 1987 cibum
1315 1965 1325 2001 3
1350 1954 1393 1988 et
1412 1946 1492 1988 erit

100 2014 191 2072 jam
210 2013 374 2056 bonum
399 2021 593 2055 nostrum
617 2012 662 2054 in
680 2011 1002 2065 manducando,
1028 2014 1314 2056 necessarium
1346 2023 1491 2057 autem

103 2083 151 2126 in
182 2081 533 2140 evangelizando.
561 2080 690 2133 Quod
711 2082 838 2124 etiam
877 2082 1108 2139 Apostolus
1140 2083 1364 2140 prohibet,
1389 2099 1490 2127 cum

106 2151 239 2205 dicit,
264 2151 392 2195 licere
429 2152 508 2195 sibi
532 2150 707 2210 quidem
724 2186 734 2205 ‚
761 2159 803 2193 et
826 2154 1079 2209 permissum
1104 2167 1192 2195 esse
1216 2169 1238 2195 a
1275 2153 1457 2196 Domino
1476 2188 1487 2207 ‚

107 2231 155 2265 ut
176 2222 252 2281 qui
272 2220 553 2278 Evangelium
577 2221 853 2274 annuntiant,
881 2220 935 2264 de
960 2221 1194 2279 Evangelio
1212 2221 1360 2265 vivant
1376 2225 1393 2247 ²
1410 2257 1420 2275 ‚
1445 2222 1492 2266 id

107 2300 200 2344 est,
227 2290 281 2333 de
304 2290 539 2346 Evangelio
566 2290 756 2332 habeant
776 2305 821 2333 ea
844 2306 942 2350 quae
968 2292 1067 2334 huic
1088 2291 1188 2333 vitae
1211 2300 1312 2334 sunt
1342 2306 1493 2335 neces.»

106 2362 213 2404 saria
232 2359 329 2404 :sed
354 2369 496 2402 tamen
520 2375 562 2402 se
585 2375 672 2402 non
686 2374 775 2402 esse
796 2360 979 2403 abusum
1002 2361 1082 2403 hac
1100 2369 1326 2418 potestate.
1352 2363 1488 2406 Erant

108 2433 223 2475 enim
245 2430 387 2484 multi,
404 2431 478 2490 qui
501 2431 768 2474 occasionem
792 2432 951 2474 habere
973 2432 1209 2489 cupiebant
1234 2433 1489 2491 acquirendi

107 2510 151 2545 et
180 2499 402 2545 vendendi
433 2499 740 2558 Evangelium,
785 2500 943 2559 quibus
966 2516 1061 2544 eam
1083 2500 1230 2545 volens
1263 2511 1490 2560 amputato

155 2592 165 2607 ¹
190 2585 310 2617 Matth.
332 2596 378 2623 VI,
396 2584 504 2616 31—33.
528 2600 566 2608 ν-
587 2591 599 2606 ²
619 2595 630 2616 1
652 2586 725 2617 Cor.
752 2595 795 2625 ix,
819 2584 868 2626 14.
