1819 3301
301 256 384 294 456
725 264 758 293 s.
796 264 1027 292 Auensoerm
1060 263 1242 290 EPISCOPI

295 351 315 374 n
352 332 547 376 dicturus
562 340 625 376 cst
645 331 767 376 nobis
795 349 802 374 :
829 332 972 382 Quare
995 343 1083 371 non
1106 328 1345 371 credidistis
1367 328 1440 371 ei?
1460 345 1479 368 »
1500 330 1688 372 Joannes

293 405 407 449 enim
423 403 588 447 dixerat
605 403 659 446 de
678 400 864 445 Domino
887 420 895 443 ;
921 401 1065 443 «Ecce
1087 402 1239 457 Agnus
1259 400 1350 452 Dei,
1367 415 1466 443 ecee
1483 392 1559 459 qui
1576 399 1691 444 tollit

298 496 315 518 »
351 485 580 535 peccatum
599 471 816 516 mundi1.»
843 470 959 524 Quid
974 485 1075 528 ergo
1089 470 1297 530 quaeritis,
1316 471 1361 513 in
1375 486 1458 528 qua
1478 479 1690 529 potestate

292 546 433 590 facio?
455 547 491 588 O
513 544 632 603 lupi,
659 544 704 586 in
727 551 940 601 potestate
963 541 1077 600 Agni
1096 541 1207 585 facio
1229 540 1350 601 quod
1372 540 1502 585 facio.
1541 541 1625 586 Sed
1641 550 1692 585 ut

293 616 472 662 nossetis
495 618 666 673 Agnum
684 649 695 668 ,
720 628 854 673 quare
877 627 965 656 non
988 611 1227 656 credidistis
1249 612 1408 655 Joanni
1427 647 1437 667 ,
1461 613 1536 671 qui
1558 611 1686 656 dixit:

298 691 446 731 «Ecce
475 689 628 744 Agnus
660 685 764 739 Dei,
806 699 905 728 ecce
938 683 1014 743 qui
1048 682 1162 728 tollit
1193 692 1422 742 peccatum
1454 682 1644 727 mundi?
1668 701 1688 723 »

298 758 488 803 Scientes
511 770 615 813 ergo
637 754 700 798 illi
722 753 831 815 quid
854 753 1027 798 dixisset
1046 756 1236 798 Joannes
1259 753 1314 797 de
1335 754 1542 812 Domino,
1571 753 1692 797 dixe·

295 838 399 873 runt
421 826 539 887 apud
560 841 604 871 se
627 845 635 871 :
663 826 679 865 ὲ(
700 826 745 870 Si
767 825 1002 869 dixerimus
1024 826 1128 884 quia
1150 824 1205 869 de
1227 824 1339 869 coelo
1367 834 1431 869 est
1455 825 1693 885 baptismus

297 919 316 941 »
353 898 533 943 Joannis
551 931 561 951 ‚
588 896 703 940 dicet
725 895 848 940 nobis
867 915 876 940 ;
898 898 1042 948 Quare
1065 910 1169 954 ergo
1191 911 1281 940 non
1302 895 1545 940 credidistis
1561 895 1631 939 ei?
1652 895 1694 940 Si

296 991 317 1014 »
353 968 586 1014 dixerimus
599 967 701 1027 quia
714 982 764 1010 ex
773 966 1027 1011 hominibus
1049 975 1112 1010 est
1123 1001 1133 1021 ‚
1157 965 1451 1026 lapidabimur
1465 984 1486 1010 a
1500 966 1665 1027 populo
1683 985 1691 1011 z

298 1061 318 1084 »
354 1041 455 1101 quia
475 1040 738 1099 prophetam
761 1038 927 1082 habent
947 1041 1179 1082 Joannem.
1195 1055 1216 1078 »
1249 1038 1361 1082 Hinc
1385 1038 1599 1081 timebant
1620 1038 1696 1081 ho-

297 1113 458 1166 mines,
493 1111 598 1154 hinc
627 1110 854 1154 veritatem
885 1108 1011 1152 fateri
1044 1108 1449 1153 confundebantur.
1489 1109 1696 1152 Tenebrae

300 1184 502 1228 tenebras
525 1181 870 1240 responderunt,
903 1179 978 1223 sed
1007 1195 1030 1223 a
1065 1179 1162 1223 luce
1190 1189 1403 1239 superatae
1429 1190 1546 1224 sunt.
1582 1179 1697 1232 Quid

299 1254 416 1297 enim
426 1251 770 1311 responderunt?
783 1270 802 1292 «
813 1251 1057 1312 Nescimus:
1075 1269 1095 1291 »
1114 1249 1234 1310 quod
1249 1251 1458 1306 sciebant,
1475 1251 1694 1306 dixerunt,

304 1325 572 1370 «Nescimus.
594 1343 612 1364 »
650 1325 707 1367 Et
729 1322 961 1377 Dominus,
993 1324 1112 1367 «Nec
1133 1337 1214 1380 ego
1236 1321 1360 1366 vobis
1383 1322 1481 1366 dico
1497 1358 1507 1377 ,
1531 1323 1694 1382 inquit,

303 1414 323 1437 »
360 1396 405 1439 in
428 1409 515 1454 qua
536 1402 750 1454 potestate
770 1393 850 1436 ista
872 1391 1037 1436 facio.»
1064 1395 1120 1436 Et
1142 1390 1312 1436 confusi
1335 1401 1437 1436 sunt
1459 1393 1586 1452 primi
1613 1393 1699 1436 ini-

301 1467 417 1510 mici.
447 1464 598 1510 Unde?
615 1463 670 1508 de
683 1463 876 1508 lucerna.
903 1464 1009 1516 Quis
1031 1473 1123 1507 erat
1143 1463 1348 1508 lucerna?
1372 1466 1574 1507 Joannes.
1598 1468 1701 1508 Pro-

299 1539 397 1582 bam
406 1552 471 1592 us,
488 1536 588 1595 quia
606 1534 784 1579 lucerna
804 1536 923 1579 erat?
941 1535 1193 1593 probamus.
1210 1534 1423 1578 Dominus
1441 1534 1555 1578 enim
1577 1534 1696 1579 dicit:

307 1628 326 1651 «
346 1608 424 1652 Ille
447 1616 538 1651 erat
559 1606 737 1650 lucerna
756 1605 911 1650 ardens
929 1615 972 1649 et
985 1605 1179 1650 lucens2.
1195 1624 1214 1646 »
1243 1605 1505 1660 Probamus,
1532 1606 1633 1665 quia
1656 1615 1699 1650 et

304 1680 358 1723 de
380 1679 472 1737 ipso
495 1677 666 1722 confusi
695 1686 798 1721 sunt
825 1677 1018 1721 inimici?
1048 1675 1268 1721 Psalmum
1298 1675 1401 1719 audi
1429 1696 1438 1720 ·.
1476 1677 1696 1731 «Paravi,

307 1770 327 1792 »
363 1750 534 1809 inquit,
566 1748 791 1793 lucernam
817 1749 991 1794 Christo
1021 1763 1142 1802 meo,
1172 1747 1369 1792 inimicos
1395 1748 1486 1806 ejus
1520 1746 1701 1791 induam

306 1841 328 1864 »
363 1820 695 1866 confusione3.»
861 1818 867 1826 ’
1662 1873 1666 1877 ᾗ

364 1894 462 1935 XV.
491 1890 646 1935 Adhuc
678 1890 724 1933 in
756 1890 886 1949 hujus
914 1889 1015 1934 vitae
1046 1889 1236 1933 tenebris
1264 1887 1319 1933 ad
1347 1887 1572 1932 lucernam
1600 1887 1702 1932 fidei

308 1961 582 2007 ambulamus
598 1996 608 2015 ‚
634 1971 860 2005 teneamus
892 1969 934 2004 et
967 1976 1044 2004 nos
1066 1959 1289 2004 lucernam
1313 1963 1525 2004 Joannem
1545 1995 1555 2013 ,
1592 1975 1702 2003 con-

309 2033 547 2078 fundamus
578 2041 621 2076 et
650 2031 751 2075 inde
784 2032 982 2075 inimicos
1004 2032 1164 2076 Christi
1196 2051 1204 2076 ε
1236 2031 1324 2076 imo
1346 2032 1435 2089 ipse
1458 2030 1702 2074 confundat

309 2103 505 2147 inimicos
528 2117 626 2146 suos
658 2117 735 2161 per
768 2101 993 2145 lucernam
1021 2116 1159 2145 suam.
1200 2103 1520 2158 Interrogemus
1549 2110 1592 2144 et
1624 2116 1701 2145 nos

310 2173 431 2234 quod
455 2175 664 2217 Dominus
685 2175 709 2217 J
717 2172 884 2228 udaeos,
910 2173 1228 2231 interrogemus
1261 2181 1305 2215 et
1332 2171 1526 2215 dicamus
1553 2191 1560 2216 :
1587 2174 1700 2231 Bap-

311 2247 436 2290 tisma
458 2245 635 2289 Joannis
658 2243 777 2288 unde
798 2246 887 2288 est?
916 2243 970 2287 de
993 2242 1105 2287 coelo
1129 2258 1184 2285 an
1204 2258 1253 2286 ex
1276 2242 1553 2286 hominibus?
1584 2242 1701 2295 Quid

312 2316 470 2360 dicturi
494 2317 624 2359 sunt?
650 2314 814 2369 videte,
850 2315 883 2358 si
915 2330 1004 2358 non
1028 2322 1070 2356 et
1097 2312 1177 2371 ipsi
1207 2322 1415 2372 tanquam
1445 2312 1608 2356 inimici
1646 2311 1700 2356 de

310 2386 485 2430 lucerna
506 2385 855 2430 confunduntur.
882 2384 996 2437 Quid
1015 2382 1171 2427 dicturi
1194 2391 1294 2426 sunt
1313 2384 1330 2426 Ξ)
1368 2384 1410 2426 Si
1442 2383 1629 2426 dixerint
1651 2398 1700 2425 ex

309 2456 558 2501 hominibus
576 2478 586 2513 3
612 2465 654 2499 et
675 2456 753 2514 ipsi
773 2456 839 2499 sui
862 2471 933 2499 eos
954 2452 1214 2513 lapidabunt
1235 2472 1243 2496 :
1263 2453 1295 2496 si
1320 2462 1464 2497 autem
1489 2453 1696 2506 dixerint,

309 2526 364 2570 de
384 2526 520 2580 coelo,
546 2526 738 2570 dicamus
762 2526 820 2569 eis
842 2545 849 2570 :
870 2529 1013 2578 Quare
1033 2539 1133 2582 ergo
1156 2539 1245 2568 non
1267 2523 1508 2569 credidistis
1530 2524 1600 2567 ei?
1625 2523 1698 2567 Di-

369 2615 372 2625 ¹
395 2614 483 2641 ‚loz-n.
508 2623 531 2649 1,
552 2621 603 2651 29.
629 2629 668 2633 -η
690 2618 701 2632 2
723 2612 766 2642 ld.
791 2622 820 2651 v,
841 2611 893 2641 35.
911 2628 950 2633 —
974 2609 984 2632 ³
1005 2610 1083 2641 Psal.
1107 2620 1210 2650 cxxxi,
1236 2620 1288 2650 17,
1313 2610 1362 2641 18.
