<?xml version="1.0" encoding="UTF-8"?>
<!DOCTYPE html PUBLIC "-//W3C//DTD XHTML 1.0 Transitional//EN"
    "http://www.w3.org/TR/xhtml1/DTD/xhtml1-transitional.dtd">
<html xmlns="http://www.w3.org/1999/xhtml" xml:lang="en" lang="en">
 <head>
  <title>
</title>
<meta http-equiv="Content-Type" content="text/html;charset=utf-8" />
  <meta name='ocr-system' content='tesseract 3.04.00' />
  <meta name='ocr-capabilities' content='ocr_page ocr_carea ocr_par ocr_line ocrx_word'/>
</head>
<body>
  <div class='ocr_page' id='page_1' title='image "./operaomniaaccura14auguuoft_0187.png"; bbox 0 0 1819 3301; ppageno 0'>
   <div class='ocr_carea' id='block_1_1' title="bbox 0 0 5 900">
    <p class='ocr_par' dir='ltr' id='par_1_1' title="bbox 0 0 5 900">
     <span class='ocr_line' id='line_1_1' title="bbox 0 0 5 900; baseline 0 0"><span class='ocrx_word' id='word_1_1' title='bbox 0 0 5 900; x_wconf 95' lang='lat' dir='ltr'> </span> 
     </span>
    </p>
   </div>
   <div class='ocr_carea' id='block_1_2' title="bbox 335 271 1424 317">
    <p class='ocr_par' dir='ltr' id='par_1_2' title="bbox 335 271 1424 317">
     <span class='ocr_line' id='line_1_2' title="bbox 335 271 1424 317; baseline -0.001 -8"><span class='ocrx_word' id='word_1_2' title='bbox 335 284 475 310; x_wconf 75' lang='lat' dir='ltr'>sEniuo</span> <span class='ocrx_word' id='word_1_3' title='bbox 508 283 664 308; x_wconf 72' lang='lat' dir='ltr'>nomm</span> <span class='ocrx_word' id='word_1_4' title='bbox 697 283 741 307; x_wconf 75' lang='lat' dir='ltr'>m</span> <span class='ocrx_word' id='word_1_5' title='bbox 775 282 946 317; x_wconf 63' lang='lat' dir='ltr'>MORTE,</span> <span class='ocrx_word' id='word_1_6' title='bbox 983 282 1065 307; x_wconf 72' lang='lat' dir='ltr'>Lm.</span> <span class='ocrx_word' id='word_1_7' title='bbox 1102 283 1130 306; x_wconf 92' lang='lat'>1.</span> <span class='ocrx_word' id='word_1_8' title='bbox 1344 271 1424 308; x_wconf 88' lang='grc'>163</span> 
     </span>
    </p>
   </div>
   <div class='ocr_carea' id='block_1_3' title="bbox 16 344 1497 2575">
    <p class='ocr_par' dir='ltr' id='par_1_3' title="bbox 16 344 1497 2508">
     <span class='ocr_line' id='line_1_3' title="bbox 41 344 1425 406; baseline -0.001 -16"><span class='ocrx_word' id='word_1_9' title='bbox 41 356 171 406; x_wconf 89' lang='lat' dir='ltr'>pente</span> <span class='ocrx_word' id='word_1_10' title='bbox 194 347 409 404; x_wconf 81' lang='lat' dir='ltr'>suggestio</span> <span class='ocrx_word' id='word_1_11' title='bbox 431 347 523 402; x_wconf 75' lang='lat' dir='ltr'>fiat3</span> <span class='ocrx_word' id='word_1_12' title='bbox 547 345 592 388; x_wconf 93' lang='lat' dir='ltr'>id</span> <span class='ocrx_word' id='word_1_13' title='bbox 615 354 698 399; x_wconf 88' lang='lat' dir='ltr'>est,</span> <span class='ocrx_word' id='word_1_14' title='bbox 724 345 894 389; x_wconf 82' lang='lat' dir='ltr'>lubrico</span> <span class='ocrx_word' id='word_1_15' title='bbox 923 354 965 388; x_wconf 89' lang='lat' dir='ltr'>et</span> <span class='ocrx_word' id='word_1_16' title='bbox 995 344 1205 398; x_wconf 87' lang='lat' dir='ltr'>volubili,</span> <span class='ocrx_word' id='word_1_17' title='bbox 1232 346 1313 388; x_wconf 88' lang='lat' dir='ltr'>hoc</span> <span class='ocrx_word' id='word_1_18' title='bbox 1336 355 1398 389; x_wconf 89' lang='lat' dir='ltr'>est</span> <span class='ocrx_word' id='word_1_19' title='bbox 1414 379 1425 399; x_wconf 87' lang='lat'>,</span> 
     </span>
     <span class='ocr_line' id='line_1_4' title="bbox 40 413 1420 475; baseline -0.001 -16"><span class='ocrx_word' id='word_1_20' title='bbox 40 415 267 475; x_wconf 83' lang='lat' dir='ltr'>temporali</span> <span class='ocrx_word' id='word_1_21' title='bbox 298 430 529 474; x_wconf 88' lang='lat' dir='ltr'>corporum</span> <span class='ocrx_word' id='word_1_22' title='bbox 568 425 692 458; x_wconf 92' lang='lat' dir='ltr'>motu</span> <span class='ocrx_word' id='word_1_23' title='bbox 719 435 727 458; x_wconf 75' lang='grc' dir='ltr'>ε</span> <span class='ocrx_word' id='word_1_24' title='bbox 751 415 851 474; x_wconf 87' lang='lat' dir='ltr'>quia</span> <span class='ocrx_word' id='word_1_25' title='bbox 874 414 952 458; x_wconf 90' lang='lat' dir='ltr'>etsi</span> <span class='ocrx_word' id='word_1_26' title='bbox 974 431 1061 473; x_wconf 87' lang='lat' dir='ltr'>qua</span> <span class='ocrx_word' id='word_1_27' title='bbox 1083 413 1184 458; x_wconf 87' lang='lat' dir='ltr'>talia</span> <span class='ocrx_word' id='word_1_28' title='bbox 1211 415 1420 473; x_wconf 73' lang='lat' dir='ltr'>phantas-</span> 
     </span>
     <span class='ocr_line' id='line_1_5' title="bbox 41 483 1427 543; baseline -0.001 -14"><span class='ocrx_word' id='word_1_29' title='bbox 41 495 154 530; x_wconf 86' lang='lat' dir='ltr'>mata</span> <span class='ocrx_word' id='word_1_30' title='bbox 168 486 283 529; x_wconf 85' lang='lat' dir='ltr'>intus</span> <span class='ocrx_word' id='word_1_31' title='bbox 300 494 524 528; x_wconf 80' lang='lat' dir='ltr'><strong>versantur</strong></span> <span class='ocrx_word' id='word_1_32' title='bbox 541 485 586 527; x_wconf 94' lang='lat' dir='ltr'>in</span> <span class='ocrx_word' id='word_1_33' title='bbox 602 484 759 538; x_wconf 90' lang='lat' dir='ltr'>anima,</span> <span class='ocrx_word' id='word_1_34' title='bbox 776 483 830 527; x_wconf 92' lang='lat' dir='ltr'>de</span> <span class='ocrx_word' id='word_1_35' title='bbox 847 499 1027 543; x_wconf 88' lang='lat' dir='ltr'>corpore</span> <span class='ocrx_word' id='word_1_36' title='bbox 1040 483 1276 527; x_wconf 89' lang='lat' dir='ltr'>forinsecus</span> <span class='ocrx_word' id='word_1_37' title='bbox 1289 493 1427 528; x_wconf 87' lang='lat' dir='ltr'>tracta</span> 
     </span>
     <span class='ocr_line' id='line_1_6' title="bbox 41 553 1431 615; baseline -0.001 -16"><span class='ocrx_word' id='word_1_38' title='bbox 41 565 143 599; x_wconf 89' lang='lat' dir='ltr'>sunt</span> <span class='ocrx_word' id='word_1_39' title='bbox 167 575 175 599; x_wconf 91' lang='lat'>:</span> <span class='ocrx_word' id='word_1_40' title='bbox 202 556 279 599; x_wconf 84' lang='lat' dir='ltr'>etsi</span> <span class='ocrx_word' id='word_1_41' title='bbox 301 556 397 615; x_wconf 87' lang='lat' dir='ltr'>quis</span> <span class='ocrx_word' id='word_1_42' title='bbox 412 553 607 598; x_wconf 87' lang='lat' dir='ltr'>occultus</span> <span class='ocrx_word' id='word_1_43' title='bbox 629 563 786 612; x_wconf 85' lang='lat' dir='ltr'>praeter</span> <span class='ocrx_word' id='word_1_44' title='bbox 820 555 921 597; x_wconf 91' lang='lat' dir='ltr'>istos</span> <span class='ocrx_word' id='word_1_45' title='bbox 949 555 1145 614; x_wconf 87' lang='lat' dir='ltr'>quinque</span> <span class='ocrx_word' id='word_1_46' title='bbox 1166 569 1314 597; x_wconf 90' lang='lat' dir='ltr'>sensus</span> <span class='ocrx_word' id='word_1_47' title='bbox 1335 569 1431 598; x_wconf 86' lang='lat' dir='ltr'>mo-</span> 
     </span>
     <span class='ocr_line' id='line_1_7' title="bbox 42 624 1430 684; baseline -0.001 -15"><span class='ocrx_word' id='word_1_48' title='bbox 42 636 111 670; x_wconf 90' lang='lat' dir='ltr'>tus</span> <span class='ocrx_word' id='word_1_49' title='bbox 134 626 322 684; x_wconf 88' lang='lat' dir='ltr'>corporis</span> <span class='ocrx_word' id='word_1_50' title='bbox 345 626 531 668; x_wconf 87' lang='lat' dir='ltr'>animam</span> <span class='ocrx_word' id='word_1_51' title='bbox 550 625 689 682; x_wconf 81' lang='lat' dir='ltr'>tangit</span> <span class='ocrx_word' id='word_1_52' title='bbox 706 659 717 678; x_wconf 83' lang='lat'><strong>‚</strong></span> <span class='ocrx_word' id='word_1_53' title='bbox 743 633 806 667; x_wconf 91' lang='lat' dir='ltr'>est</span> <span class='ocrx_word' id='word_1_54' title='bbox 836 625 965 668; x_wconf 86' lang='lat' dir='ltr'>etiam</span> <span class='ocrx_word' id='word_1_55' title='bbox 999 625 1089 683; x_wconf 90' lang='lat' dir='ltr'>ipse</span> <span class='ocrx_word' id='word_1_56' title='bbox 1118 624 1364 683; x_wconf 88' lang='lat' dir='ltr'>temporalis</span> <span class='ocrx_word' id='word_1_57' title='bbox 1385 634 1430 668; x_wconf 88' lang='lat' dir='ltr'>et</span> 
     </span>
     <span class='ocr_line' id='line_1_8' title="bbox 43 692 1431 753; baseline -0.001 -13"><span class='ocrx_word' id='word_1_58' title='bbox 43 696 264 752; x_wconf 78' lang='lat' dir='ltr'>lubricus3</span> <span class='ocrx_word' id='word_1_59' title='bbox 289 705 332 739; x_wconf 89' lang='lat' dir='ltr'>et</span> <span class='ocrx_word' id='word_1_60' title='bbox 353 694 451 738; x_wconf 88' lang='lat' dir='ltr'>ideo</span> <span class='ocrx_word' id='word_1_61' title='bbox 482 703 649 753; x_wconf 90' lang='lat' dir='ltr'>quanto</span> <span class='ocrx_word' id='word_1_62' title='bbox 676 692 872 737; x_wconf 82' lang='lat' dir='ltr'>illabitur</span> <span class='ocrx_word' id='word_1_63' title='bbox 895 693 1107 738; x_wconf 85' lang='lat' dir='ltr'>occultius</span> <span class='ocrx_word' id='word_1_64' title='bbox 1128 703 1176 737; x_wconf 91' lang='lat' dir='ltr'>ut</span> <span class='ocrx_word' id='word_1_65' title='bbox 1198 695 1431 753; x_wconf 78' lang='lat' dir='ltr'>cogitatio-</span> 
     </span>
     <span class='ocr_line' id='line_1_9' title="bbox 45 760 1424 823; baseline 0 -14"><span class='ocrx_word' id='word_1_66' title='bbox 45 780 143 810; x_wconf 89' lang='lat' dir='ltr'>nem</span> <span class='ocrx_word' id='word_1_67' title='bbox 165 766 416 823; x_wconf 84' lang='lat' dir='ltr'>contingat,</span> <span class='ocrx_word' id='word_1_68' title='bbox 443 760 564 808; x_wconf 82' lang='lat' dir='ltr'>tanto</span> <span class='ocrx_word' id='word_1_69' title='bbox 585 764 912 808; x_wconf 87' lang='lat' dir='ltr'>convenientius</span> <span class='ocrx_word' id='word_1_70' title='bbox 929 764 1118 823; x_wconf 79' lang='lat' dir='ltr'>serpenti</span> <span class='ocrx_word' id='word_1_71' title='bbox 1134 775 1424 823; x_wconf 79' lang='lat' dir='ltr'>comparatur.</span> 
     </span>
     <span class='ocr_line' id='line_1_10' title="bbox 50 833 1433 894; baseline -0.001 -14"><span class='ocrx_word' id='word_1_72' title='bbox 50 836 143 880; x_wconf 84' lang='lat' dir='ltr'>Tria</span> <span class='ocrx_word' id='word_1_73' title='bbox 165 851 267 894; x_wconf 82' lang='lat' dir='ltr'>ergo</span> <span class='ocrx_word' id='word_1_74' title='bbox 285 836 400 889; x_wconf 83' lang='lat' dir='ltr'>haec,</span> <span class='ocrx_word' id='word_1_75' title='bbox 425 843 474 877; x_wconf 90' lang='lat' dir='ltr'>ut</span> <span class='ocrx_word' id='word_1_76' title='bbox 491 834 635 878; x_wconf 83' lang='lat' dir='ltr'>dicere</span> <span class='ocrx_word' id='word_1_77' title='bbox 654 849 895 893; x_wconf 86' lang='lat' dir='ltr'>coeperam,</span> <span class='ocrx_word' id='word_1_78' title='bbox 921 833 1073 878; x_wconf 88' lang='lat' dir='ltr'>similia</span> <span class='ocrx_word' id='word_1_79' title='bbox 1099 843 1201 877; x_wconf 88' lang='lat' dir='ltr'>sunt</span> <span class='ocrx_word' id='word_1_80' title='bbox 1218 834 1281 877; x_wconf 90' lang='lat' dir='ltr'>illi</span> <span class='ocrx_word' id='word_1_81' title='bbox 1303 846 1433 893; x_wconf 82' lang='lat' dir='ltr'>gestae</span> 
     </span>
     <span class='ocr_line' id='line_1_11' title="bbox 46 904 1434 964; baseline 0.001 -16"><span class='ocrx_word' id='word_1_82' title='bbox 46 905 106 949; x_wconf 91' lang='lat' dir='ltr'>rei</span> <span class='ocrx_word' id='word_1_83' title='bbox 124 921 222 964; x_wconf 83' lang='lat' dir='ltr'>quae</span> <span class='ocrx_word' id='word_1_84' title='bbox 244 905 290 948; x_wconf 88' lang='lat' dir='ltr'>in</span> <span class='ocrx_word' id='word_1_85' title='bbox 307 905 462 948; x_wconf 87' lang='lat' dir='ltr'>Genesi</span> <span class='ocrx_word' id='word_1_86' title='bbox 480 905 637 962; x_wconf 90' lang='lat' dir='ltr'>scripta</span> <span class='ocrx_word' id='word_1_87' title='bbox 658 913 738 957; x_wconf 85' lang='lat' dir='ltr'>est,</span> <span class='ocrx_word' id='word_1_88' title='bbox 766 913 815 947; x_wconf 89' lang='lat' dir='ltr'>ut</span> <span class='ocrx_word' id='word_1_89' title='bbox 836 904 959 963; x_wconf 81' lang='lat' dir='ltr'>quasi</span> <span class='ocrx_word' id='word_1_90' title='bbox 975 920 998 947; x_wconf 92' lang='lat' dir='ltr'>a</span> <span class='ocrx_word' id='word_1_91' title='bbox 1018 914 1217 962; x_wconf 85' lang='lat' dir='ltr'>serpente</span> <span class='ocrx_word' id='word_1_92' title='bbox 1238 906 1314 949; x_wconf 86' lang='lat' dir='ltr'>fiat</span> <span class='ocrx_word' id='word_1_93' title='bbox 1333 920 1434 964; x_wconf 84' lang='lat' dir='ltr'>sug-</span> 
     </span>
     <span class='ocr_line' id='line_1_12' title="bbox 46 973 1430 1033; baseline 0.001 -16"><span class='ocrx_word' id='word_1_94' title='bbox 46 976 180 1033; x_wconf 80' lang='lat' dir='ltr'>gestio</span> <span class='ocrx_word' id='word_1_95' title='bbox 203 983 246 1017; x_wconf 91' lang='lat' dir='ltr'>et</span> <span class='ocrx_word' id='word_1_96' title='bbox 268 974 470 1033; x_wconf 89' lang='lat' dir='ltr'>quaedam</span> <span class='ocrx_word' id='word_1_97' title='bbox 486 974 627 1017; x_wconf 83' lang='lat' dir='ltr'>suasio</span> <span class='ocrx_word' id='word_1_98' title='bbox 652 993 661 1017; x_wconf 89' lang='grc'>;</span> <span class='ocrx_word' id='word_1_99' title='bbox 686 973 732 1016; x_wconf 92' lang='lat' dir='ltr'>in</span> <span class='ocrx_word' id='word_1_100' title='bbox 750 974 947 1031; x_wconf 89' lang='lat' dir='ltr'>appetitu</span> <span class='ocrx_word' id='word_1_101' title='bbox 970 983 1116 1017; x_wconf 90' lang='lat' dir='ltr'>autem</span> <span class='ocrx_word' id='word_1_102' title='bbox 1146 974 1307 1018; x_wconf 88' lang='lat' dir='ltr'>carnali</span> <span class='ocrx_word' id='word_1_103' title='bbox 1329 984 1430 1019; x_wconf 76' lang='lat' dir='ltr'>tan-</span> 
     </span>
     <span class='ocr_line' id='line_1_13' title="bbox 45 1044 1432 1105; baseline 0.002 -17"><span class='ocrx_word' id='word_1_104' title='bbox 45 1061 176 1105; x_wconf 86' lang='lat' dir='ltr'>quam</span> <span class='ocrx_word' id='word_1_105' title='bbox 200 1046 244 1088; x_wconf 90' lang='lat' dir='ltr'>in</span> <span class='ocrx_word' id='word_1_106' title='bbox 266 1048 355 1088; x_wconf 89' lang='lat' dir='ltr'>Eva</span> <span class='ocrx_word' id='word_1_107' title='bbox 377 1044 606 1088; x_wconf 77' lang='lat' dir='ltr'>delectatio</span> <span class='ocrx_word' id='word_1_108' title='bbox 627 1063 636 1088; x_wconf 73' lang='grc' dir='ltr'>ε</span> <span class='ocrx_word' id='word_1_109' title='bbox 663 1044 708 1087; x_wconf 91' lang='lat' dir='ltr'>in</span> <span class='ocrx_word' id='word_1_110' title='bbox 736 1044 901 1087; x_wconf 89' lang='lat' dir='ltr'>ratione</span> <span class='ocrx_word' id='word_1_111' title='bbox 924 1060 1026 1088; x_wconf 89' lang='lat' dir='ltr'>vero</span> <span class='ocrx_word' id='word_1_112' title='bbox 1047 1055 1255 1104; x_wconf 81' lang='lat' dir='ltr'>tanquam</span> <span class='ocrx_word' id='word_1_113' title='bbox 1276 1046 1321 1089; x_wconf 90' lang='lat' dir='ltr'>in</span> <span class='ocrx_word' id='word_1_114' title='bbox 1338 1048 1432 1092; x_wconf 83' lang='lat' dir='ltr'>viro</span> 
     </span>
     <span class='ocr_line' id='line_1_14' title="bbox 16 1115 1429 1174; baseline 0.002 -15"><span class='ocrx_word' id='word_1_115' title='bbox 16 1135 28 1147; x_wconf 92' lang='lat'><strong>·</strong></span> <span class='ocrx_word' id='word_1_116' title='bbox 46 1116 271 1160; x_wconf 86' lang='lat' dir='ltr'>consensio</span> <span class='ocrx_word' id='word_1_117' title='bbox 303 1134 312 1159; x_wconf 80' lang='lat' dir='ltr'>z</span> <span class='ocrx_word' id='word_1_118' title='bbox 337 1116 497 1174; x_wconf 88' lang='lat' dir='ltr'>quibus</span> <span class='ocrx_word' id='word_1_119' title='bbox 519 1115 702 1173; x_wconf 82' lang='lat' dir='ltr'>peractis</span> <span class='ocrx_word' id='word_1_120' title='bbox 718 1150 729 1168; x_wconf 68' lang='lat'><strong>⁷</strong></span> <span class='ocrx_word' id='word_1_121' title='bbox 765 1124 974 1174; x_wconf 88' lang='lat' dir='ltr'>tanquam</span> <span class='ocrx_word' id='word_1_122' title='bbox 1005 1116 1060 1158; x_wconf 90' lang='lat' dir='ltr'>de</span> <span class='ocrx_word' id='word_1_123' title='bbox 1094 1116 1292 1174; x_wconf 85' lang='lat' dir='ltr'>paradiso</span> <span class='ocrx_word' id='word_1_124' title='bbox 1308 1152 1318 1169; x_wconf 87' lang='lat'>‚</span> <span class='ocrx_word' id='word_1_125' title='bbox 1346 1118 1429 1162; x_wconf 88' lang='lat' dir='ltr'>hoc</span> 
     </span>
     <span class='ocr_line' id='line_1_15' title="bbox 46 1184 1431 1245; baseline 0 -15"><span class='ocrx_word' id='word_1_126' title='bbox 46 1195 131 1240; x_wconf 85' lang='lat' dir='ltr'>est,</span> <span class='ocrx_word' id='word_1_127' title='bbox 157 1185 211 1229; x_wconf 88' lang='lat' dir='ltr'>dc</span> <span class='ocrx_word' id='word_1_128' title='bbox 234 1186 473 1228; x_wconf 87' lang='lat' dir='ltr'>beatissima</span> <span class='ocrx_word' id='word_1_129' title='bbox 495 1184 593 1228; x_wconf 89' lang='lat' dir='ltr'>luce</span> <span class='ocrx_word' id='word_1_130' title='bbox 600 1184 780 1244; x_wconf 84' lang='lat' dir='ltr'>justitiae</span> <span class='ocrx_word' id='word_1_131' title='bbox 810 1184 855 1227; x_wconf 92' lang='lat' dir='ltr'>in</span> <span class='ocrx_word' id='word_1_132' title='bbox 878 1194 1062 1227; x_wconf 88' lang='lat' dir='ltr'>mortem</span> <span class='ocrx_word' id='word_1_133' title='bbox 1087 1186 1218 1229; x_wconf 88' lang='lat' dir='ltr'>homo</span> <span class='ocrx_word' id='word_1_134' title='bbox 1251 1186 1431 1245; x_wconf 83' lang='lat' dir='ltr'>expelli-</span> 
     </span>
     <span class='ocr_line' id='line_1_16' title="bbox 47 1255 1435 1315; baseline 0.002 -16"><span class='ocrx_word' id='word_1_135' title='bbox 47 1260 141 1300; x_wconf 83' lang='lat' dir='ltr'>tur1</span> <span class='ocrx_word' id='word_1_136' title='bbox 161 1278 172 1313; x_wconf 77' lang='lat'>3</span> <span class='ocrx_word' id='word_1_137' title='bbox 192 1256 424 1315; x_wconf 85' lang='lat' dir='ltr'>justissime</span> <span class='ocrx_word' id='word_1_138' title='bbox 447 1255 639 1298; x_wconf 89' lang='lat' dir='ltr'>omnino.</span> <span class='ocrx_word' id='word_1_139' title='bbox 666 1257 762 1298; x_wconf 91' lang='lat' dir='ltr'>Non</span> <span class='ocrx_word' id='word_1_140' title='bbox 785 1255 898 1297; x_wconf 91' lang='lat' dir='ltr'>enim</span> <span class='ocrx_word' id='word_1_141' title='bbox 917 1256 1062 1312; x_wconf 71' lang='lat' dir='ltr'>cogit‚‘</span> <span class='ocrx_word' id='word_1_142' title='bbox 1081 1256 1155 1314; x_wconf 91' lang='lat' dir='ltr'>qui</span> <span class='ocrx_word' id='word_1_143' title='bbox 1183 1256 1350 1300; x_wconf 86' lang='lat' dir='ltr'>suadet.</span> <span class='ocrx_word' id='word_1_144' title='bbox 1378 1261 1435 1302; x_wconf 91' lang='lat' dir='ltr'>Et</span> 
     </span>
     <span class='ocr_line' id='line_1_17' title="bbox 48 1325 1433 1383; baseline 0.001 -12"><span class='ocrx_word' id='word_1_145' title='bbox 48 1343 197 1372; x_wconf 90' lang='lat' dir='ltr'>omnes</span> <span class='ocrx_word' id='word_1_146' title='bbox 217 1336 383 1370; x_wconf 87' lang='lat' dir='ltr'>naturae</span> <span class='ocrx_word' id='word_1_147' title='bbox 405 1326 450 1369; x_wconf 90' lang='lat' dir='ltr'>in</span> <span class='ocrx_word' id='word_1_148' title='bbox 473 1325 626 1370; x_wconf 85' lang='lat' dir='ltr'>ordine</span> <span class='ocrx_word' id='word_1_149' title='bbox 647 1341 725 1368; x_wconf 88' lang='lat' dir='ltr'>suo</span> <span class='ocrx_word' id='word_1_150' title='bbox 748 1325 953 1382; x_wconf 85' lang='lat' dir='ltr'>gradibus</span> <span class='ocrx_word' id='word_1_151' title='bbox 976 1326 1061 1368; x_wconf 90' lang='lat' dir='ltr'>suis</span> <span class='ocrx_word' id='word_1_152' title='bbox 1086 1326 1280 1383; x_wconf 84' lang='lat' dir='ltr'>pulchrae</span> <span class='ocrx_word' id='word_1_153' title='bbox 1301 1338 1403 1372; x_wconf 89' lang='lat' dir='ltr'>sunt</span> <span class='ocrx_word' id='word_1_154' title='bbox 1423 1348 1433 1373; x_wconf 75' lang='grc' dir='ltr'>ε</span> 
     </span>
     <span class='ocr_line' id='line_1_18' title="bbox 43 1394 1434 1454; baseline 0.001 -13"><span class='ocrx_word' id='word_1_155' title='bbox 43 1398 124 1441; x_wconf 87' lang='lat' dir='ltr'>sed</span> <span class='ocrx_word' id='word_1_156' title='bbox 145 1396 200 1440; x_wconf 88' lang='lat' dir='ltr'>de</span> <span class='ocrx_word' id='word_1_157' title='bbox 222 1396 516 1454; x_wconf 86' lang='lat' dir='ltr'>superioribus</span> <span class='ocrx_word' id='word_1_158' title='bbox 538 1396 583 1438; x_wconf 90' lang='lat' dir='ltr'>in</span> <span class='ocrx_word' id='word_1_159' title='bbox 598 1394 755 1454; x_wconf 90' lang='lat' dir='ltr'>quibus</span> <span class='ocrx_word' id='word_1_160' title='bbox 780 1394 996 1438; x_wconf 90' lang='lat' dir='ltr'>rationalis</span> <span class='ocrx_word' id='word_1_161' title='bbox 1018 1397 1187 1440; x_wconf 87' lang='lat' dir='ltr'>animus</span> <span class='ocrx_word' id='word_1_162' title='bbox 1209 1397 1434 1443; x_wconf 87' lang='lat' dir='ltr'>ordinatus</span> 
     </span>
     <span class='ocr_line' id='line_1_19' title="bbox 48 1464 1497 1526; baseline 0.001 -15"><span class='ocrx_word' id='word_1_163' title='bbox 48 1476 110 1511; x_wconf 89' lang='lat' dir='ltr'>est</span> <span class='ocrx_word' id='word_1_164' title='bbox 130 1502 141 1522; x_wconf 80' lang='grc'>,</span> <span class='ocrx_word' id='word_1_165' title='bbox 165 1466 219 1510; x_wconf 88' lang='lat' dir='ltr'>ad</span> <span class='ocrx_word' id='word_1_166' title='bbox 237 1466 439 1510; x_wconf 84' lang='lat' dir='ltr'>inferiora</span> <span class='ocrx_word' id='word_1_167' title='bbox 455 1481 543 1509; x_wconf 89' lang='lat' dir='ltr'>non</span> <span class='ocrx_word' id='word_1_168' title='bbox 557 1475 620 1509; x_wconf 90' lang='lat' dir='ltr'>est</span> <span class='ocrx_word' id='word_1_169' title='bbox 640 1464 966 1508; x_wconf 82' lang='lat' dir='ltr'>declinandum.</span> <span class='ocrx_word' id='word_1_170' title='bbox 985 1468 1074 1509; x_wconf 87' lang='lat' dir='ltr'>Nec</span> <span class='ocrx_word' id='word_1_171' title='bbox 1096 1467 1326 1526; x_wconf 87' lang='lat' dir='ltr'>quisquam</span> <span class='ocrx_word' id='word_1_172' title='bbox 1352 1469 1434 1513; x_wconf 83' lang='lat' dir='ltr'>hoc</span> <span class='ocrx_word' id='word_1_173' title='bbox 1481 1478 1497 1486; x_wconf 58' lang='lat'>²*</span> 
     </span>
     <span class='ocr_line' id='line_1_20' title="bbox 49 1534 1431 1596; baseline 0.001 -14"><span class='ocrx_word' id='word_1_174' title='bbox 49 1537 188 1582; x_wconf 88' lang='lat' dir='ltr'>facere</span> <span class='ocrx_word' id='word_1_175' title='bbox 210 1538 379 1595; x_wconf 84' lang='lat' dir='ltr'>cogitur</span> <span class='ocrx_word' id='word_1_176' title='bbox 400 1556 411 1592; x_wconf 79' lang='lat'>3</span> <span class='ocrx_word' id='word_1_177' title='bbox 433 1546 475 1579; x_wconf 89' lang='lat' dir='ltr'>et</span> <span class='ocrx_word' id='word_1_178' title='bbox 497 1536 595 1579; x_wconf 91' lang='lat' dir='ltr'>ideo</span> <span class='ocrx_word' id='word_1_179' title='bbox 617 1536 652 1578; x_wconf 92' lang='lat' dir='ltr'>si</span> <span class='ocrx_word' id='word_1_180' title='bbox 674 1534 849 1589; x_wconf 77' lang='lat' dir='ltr'>fecerit,</span> <span class='ocrx_word' id='word_1_181' title='bbox 867 1536 984 1594; x_wconf 85' lang='lat' dir='ltr'>justa</span> <span class='ocrx_word' id='word_1_182' title='bbox 1007 1536 1082 1579; x_wconf 87' lang='lat' dir='ltr'>Dei</span> <span class='ocrx_word' id='word_1_183' title='bbox 1104 1536 1200 1595; x_wconf 85' lang='lat' dir='ltr'>lege</span> <span class='ocrx_word' id='word_1_184' title='bbox 1220 1539 1401 1596; x_wconf 84' lang='lat' dir='ltr'>punitur</span> <span class='ocrx_word' id='word_1_185' title='bbox 1422 1558 1431 1584; x_wconf 69' lang='grc' dir='ltr'>ς</span> 
     </span>
     <span class='ocr_line' id='line_1_21' title="bbox 49 1605 1433 1654; baseline 0.002 -3"><span class='ocrx_word' id='word_1_186' title='bbox 49 1624 138 1651; x_wconf 90' lang='lat' dir='ltr'>non</span> <span class='ocrx_word' id='word_1_187' title='bbox 159 1607 274 1650; x_wconf 87' lang='lat' dir='ltr'>enim</span> <span class='ocrx_word' id='word_1_188' title='bbox 297 1607 380 1650; x_wconf 89' lang='lat' dir='ltr'>hoc</span> <span class='ocrx_word' id='word_1_189' title='bbox 403 1605 636 1649; x_wconf 80' lang='lat' dir='ltr'>committit</span> <span class='ocrx_word' id='word_1_190' title='bbox 662 1605 836 1648; x_wconf 89' lang='lat' dir='ltr'>invitus.</span> <span class='ocrx_word' id='word_1_191' title='bbox 864 1607 1173 1649; x_wconf 83' lang='lat' dir='ltr'>Verumtamen</span> <span class='ocrx_word' id='word_1_192' title='bbox 1201 1606 1433 1654; x_wconf 85' lang='lat' dir='ltr'>delectatio</span> 
     </span>
     <span class='ocr_line' id='line_1_22' title="bbox 50 1673 1434 1737; baseline 0.002 -17"><span class='ocrx_word' id='word_1_193' title='bbox 50 1686 150 1721; x_wconf 91' lang='lat' dir='ltr'>ante</span> <span class='ocrx_word' id='word_1_194' title='bbox 171 1675 531 1721; x_wconf 87' lang='lat' dir='ltr'>consuetudinem</span> <span class='ocrx_word' id='word_1_195' title='bbox 547 1673 612 1717; x_wconf 89' lang='lat' dir='ltr'>vel</span> <span class='ocrx_word' id='word_1_196' title='bbox 629 1674 746 1717; x_wconf 86' lang='lat' dir='ltr'>nulla</span> <span class='ocrx_word' id='word_1_197' title='bbox 771 1685 851 1729; x_wconf 84' lang='lat' dir='ltr'>est,</span> <span class='ocrx_word' id='word_1_198' title='bbox 868 1675 935 1718; x_wconf 86' lang='lat' dir='ltr'>vel</span> <span class='ocrx_word' id='word_1_199' title='bbox 956 1684 1042 1720; x_wconf 88' lang='lat' dir='ltr'>tam</span> <span class='ocrx_word' id='word_1_200' title='bbox 1068 1678 1208 1722; x_wconf 85' lang='lat' dir='ltr'>tenuis</span> <span class='ocrx_word' id='word_1_201' title='bbox 1226 1687 1275 1720; x_wconf 92' lang='lat' dir='ltr'>ut</span> <span class='ocrx_word' id='word_1_202' title='bbox 1299 1694 1434 1737; x_wconf 84' lang='lat' dir='ltr'>prope</span> 
     </span>
     <span class='ocr_line' id='line_1_23' title="bbox 49 1745 1433 1803; baseline 0.002 -12"><span class='ocrx_word' id='word_1_203' title='bbox 49 1747 171 1791; x_wconf 90' lang='lat' dir='ltr'>nulla</span> <span class='ocrx_word' id='word_1_204' title='bbox 192 1748 247 1791; x_wconf 90' lang='lat' dir='ltr'>sit</span> <span class='ocrx_word' id='word_1_205' title='bbox 270 1766 278 1790; x_wconf 90' lang='lat'>:</span> <span class='ocrx_word' id='word_1_206' title='bbox 301 1746 371 1790; x_wconf 90' lang='lat' dir='ltr'>cui</span> <span class='ocrx_word' id='word_1_207' title='bbox 393 1745 636 1790; x_wconf 86' lang='lat' dir='ltr'>consentire</span> <span class='ocrx_word' id='word_1_208' title='bbox 658 1758 863 1802; x_wconf 84' lang='lat' dir='ltr'>magnum</span> <span class='ocrx_word' id='word_1_209' title='bbox 884 1756 1109 1803; x_wconf 85' lang='lat' dir='ltr'>peccatum</span> <span class='ocrx_word' id='word_1_210' title='bbox 1131 1756 1209 1801; x_wconf 88' lang='lat' dir='ltr'>est,</span> <span class='ocrx_word' id='word_1_211' title='bbox 1226 1764 1328 1792; x_wconf 89' lang='lat' dir='ltr'>cum</span> <span class='ocrx_word' id='word_1_212' title='bbox 1348 1750 1433 1795; x_wconf 81' lang='lat' dir='ltr'>issi-</span> 
     </span>
     <span class='ocr_line' id='line_1_24' title="bbox 49 1816 1433 1879; baseline 0.001 -16"><span class='ocrx_word' id='word_1_213' title='bbox 49 1820 133 1863; x_wconf 83' lang='lat' dir='ltr'>cita</span> <span class='ocrx_word' id='word_1_214' title='bbox 155 1828 232 1862; x_wconf 89' lang='lat' dir='ltr'>est.</span> <span class='ocrx_word' id='word_1_215' title='bbox 259 1820 369 1862; x_wconf 87' lang='lat' dir='ltr'>Cum</span> <span class='ocrx_word' id='word_1_216' title='bbox 393 1826 539 1860; x_wconf 89' lang='lat' dir='ltr'>autem</span> <span class='ocrx_word' id='word_1_217' title='bbox 556 1816 741 1875; x_wconf 87' lang='lat' dir='ltr'>quisque</span> <span class='ocrx_word' id='word_1_218' title='bbox 757 1817 1046 1870; x_wconf 80' lang='lat' dir='ltr'>consenserit,</span> <span class='ocrx_word' id='word_1_219' title='bbox 1076 1819 1310 1863; x_wconf 87' lang='lat' dir='ltr'>committit</span> <span class='ocrx_word' id='word_1_220' title='bbox 1329 1836 1433 1879; x_wconf 80' lang='lat' dir='ltr'>pec·</span> 
     </span>
     <span class='ocr_line' id='line_1_25' title="bbox 51 1885 1430 1946; baseline 0.001 -13"><span class='ocrx_word' id='word_1_221' title='bbox 51 1898 196 1933; x_wconf 84' lang='lat' dir='ltr'>catum</span> <span class='ocrx_word' id='word_1_222' title='bbox 229 1889 273 1931; x_wconf 88' lang='lat' dir='ltr'>in</span> <span class='ocrx_word' id='word_1_223' title='bbox 297 1886 441 1930; x_wconf 88' lang='lat' dir='ltr'>corde.</span> <span class='ocrx_word' id='word_1_224' title='bbox 470 1887 514 1930; x_wconf 91' lang='lat' dir='ltr'>Si</span> <span class='ocrx_word' id='word_1_225' title='bbox 538 1896 683 1929; x_wconf 91' lang='lat' dir='ltr'>autem</span> <span class='ocrx_word' id='word_1_226' title='bbox 715 1886 844 1929; x_wconf 84' lang='lat' dir='ltr'>etiam</span> <span class='ocrx_word' id='word_1_227' title='bbox 870 1886 914 1929; x_wconf 91' lang='lat' dir='ltr'>in</span> <span class='ocrx_word' id='word_1_228' title='bbox 946 1885 1110 1930; x_wconf 84' lang='lat' dir='ltr'>sactum</span> <span class='ocrx_word' id='word_1_229' title='bbox 1150 1893 1430 1946; x_wconf 78' lang='lat' dir='ltr'>processerit,</span> 
     </span>
     <span class='ocr_line' id='line_1_26' title="bbox 49 1955 1434 2020; baseline 0.001 -18"><span class='ocrx_word' id='word_1_230' title='bbox 49 1958 222 2002; x_wconf 83' lang='lat' dir='ltr'>videtur</span> <span class='ocrx_word' id='word_1_231' title='bbox 243 1957 386 2003; x_wconf 81' lang='lat' dir='ltr'>satiari</span> <span class='ocrx_word' id='word_1_232' title='bbox 406 1965 450 1999; x_wconf 85' lang='lat' dir='ltr'>et</span> <span class='ocrx_word' id='word_1_233' title='bbox 466 1956 659 2013; x_wconf 87' lang='lat' dir='ltr'>extingui</span> <span class='ocrx_word' id='word_1_234' title='bbox 681 1955 893 2013; x_wconf 86' lang='lat' dir='ltr'>cupiditas</span> <span class='ocrx_word' id='word_1_235' title='bbox 913 1971 921 1995; x_wconf 73' lang='grc' dir='ltr'>ε</span> <span class='ocrx_word' id='word_1_236' title='bbox 949 1957 1024 2000; x_wconf 88' lang='lat' dir='ltr'>sed</span> <span class='ocrx_word' id='word_1_237' title='bbox 1047 1966 1193 2015; x_wconf 88' lang='lat' dir='ltr'>postea</span> <span class='ocrx_word' id='word_1_238' title='bbox 1216 1974 1316 2002; x_wconf 88' lang='lat' dir='ltr'>cum</span> <span class='ocrx_word' id='word_1_239' title='bbox 1329 1975 1434 2020; x_wconf 85' lang='lat' dir='ltr'>sug-</span> 
     </span>
     <span class='ocr_line' id='line_1_27' title="bbox 50 2025 1432 2088; baseline 0.003 -16"><span class='ocrx_word' id='word_1_240' title='bbox 50 2029 185 2088; x_wconf 84' lang='lat' dir='ltr'>gestio</span> <span class='ocrx_word' id='word_1_241' title='bbox 203 2028 432 2087; x_wconf 81' lang='lat' dir='ltr'>repetitur,</span> <span class='ocrx_word' id='word_1_242' title='bbox 459 2028 595 2086; x_wconf 86' lang='lat' dir='ltr'>major</span> <span class='ocrx_word' id='word_1_243' title='bbox 615 2025 866 2069; x_wconf 87' lang='lat' dir='ltr'>accenditur</span> <span class='ocrx_word' id='word_1_244' title='bbox 882 2026 1114 2071; x_wconf 83' lang='lat' dir='ltr'>delectatio</span> <span class='ocrx_word' id='word_1_245' title='bbox 1133 2046 1142 2071; x_wconf 90' lang='grc'>;</span> <span class='ocrx_word' id='word_1_246' title='bbox 1163 2044 1262 2088; x_wconf 81' lang='lat' dir='ltr'>quae</span> <span class='ocrx_word' id='word_1_247' title='bbox 1284 2040 1432 2076; x_wconf 88' lang='lat' dir='ltr'>tamen</span> 
     </span>
     <span class='ocr_line' id='line_1_28' title="bbox 51 2095 1430 2155; baseline 0.001 -12"><span class='ocrx_word' id='word_1_248' title='bbox 51 2098 194 2143; x_wconf 88' lang='lat' dir='ltr'>adhuc</span> <span class='ocrx_word' id='word_1_249' title='bbox 222 2098 362 2142; x_wconf 91' lang='lat' dir='ltr'>multo</span> <span class='ocrx_word' id='word_1_250' title='bbox 391 2097 532 2140; x_wconf 88' lang='lat' dir='ltr'>minor</span> <span class='ocrx_word' id='word_1_251' title='bbox 555 2106 618 2139; x_wconf 90' lang='lat' dir='ltr'>est</span> <span class='ocrx_word' id='word_1_252' title='bbox 643 2108 776 2154; x_wconf 89' lang='lat' dir='ltr'>quam</span> <span class='ocrx_word' id='word_1_253' title='bbox 802 2095 874 2139; x_wconf 89' lang='lat' dir='ltr'>illa</span> <span class='ocrx_word' id='word_1_254' title='bbox 902 2112 1002 2155; x_wconf 87' lang='lat' dir='ltr'>quae</span> <span class='ocrx_word' id='word_1_255' title='bbox 1035 2097 1213 2141; x_wconf 86' lang='lat' dir='ltr'>assiduis</span> <span class='ocrx_word' id='word_1_256' title='bbox 1243 2099 1364 2143; x_wconf 88' lang='lat' dir='ltr'>factis</span> <span class='ocrx_word' id='word_1_257' title='bbox 1385 2101 1430 2145; x_wconf 92' lang='lat' dir='ltr'>in</span> 
     </span>
     <span class='ocr_line' id='line_1_29' title="bbox 51 2165 1430 2214; baseline 0 -1"><span class='ocrx_word' id='word_1_258' title='bbox 51 2167 412 2213; x_wconf 88' lang='lat' dir='ltr'>consuetudinem</span> <span class='ocrx_word' id='word_1_259' title='bbox 445 2166 586 2209; x_wconf 85' lang='lat' dir='ltr'>vertit.</span> <span class='ocrx_word' id='word_1_260' title='bbox 615 2168 736 2209; x_wconf 88' lang='lat' dir='ltr'>Hanc</span> <span class='ocrx_word' id='word_1_261' title='bbox 770 2166 886 2208; x_wconf 87' lang='lat' dir='ltr'>enim</span> <span class='ocrx_word' id='word_1_262' title='bbox 919 2165 1092 2209; x_wconf 85' lang='lat' dir='ltr'>vincere</span> <span class='ocrx_word' id='word_1_263' title='bbox 1121 2167 1430 2214; x_wconf 78' lang='lat' dir='ltr'>difficillimum</span> 
     </span>
     <span class='ocr_line' id='line_1_30' title="bbox 52 2235 1435 2298; baseline 0 -15"><span class='ocrx_word' id='word_1_264' title='bbox 52 2248 116 2283; x_wconf 87' lang='lat' dir='ltr'>est</span> <span class='ocrx_word' id='word_1_265' title='bbox 138 2258 146 2282; x_wconf 88' lang='lat'>:</span> <span class='ocrx_word' id='word_1_266' title='bbox 170 2248 213 2281; x_wconf 87' lang='lat' dir='ltr'>et</span> <span class='ocrx_word' id='word_1_267' title='bbox 237 2247 383 2281; x_wconf 86' lang='lat' dir='ltr'>tamen</span> <span class='ocrx_word' id='word_1_268' title='bbox 404 2236 532 2280; x_wconf 80' lang='lat' dir='ltr'>etiam</span> <span class='ocrx_word' id='word_1_269' title='bbox 555 2237 690 2293; x_wconf 88' lang='lat' dir='ltr'>ipsam</span> <span class='ocrx_word' id='word_1_270' title='bbox 706 2235 1066 2278; x_wconf 85' lang='lat' dir='ltr'>consuetudinem</span> <span class='ocrx_word' id='word_1_271' title='bbox 1090 2270 1100 2288; x_wconf 77' lang='lat'><strong>‚</strong></span> <span class='ocrx_word' id='word_1_272' title='bbox 1127 2236 1159 2279; x_wconf 91' lang='lat' dir='ltr'>si</span> <span class='ocrx_word' id='word_1_273' title='bbox 1182 2252 1228 2280; x_wconf 87' lang='lat' dir='ltr'>se</span> <span class='ocrx_word' id='word_1_274' title='bbox 1251 2239 1435 2298; x_wconf 87' lang='lat' dir='ltr'>quisque</span> 
     </span>
     <span class='ocr_line' id='line_1_31' title="bbox 53 2305 1434 2362; baseline 0.001 -10"><span class='ocrx_word' id='word_1_275' title='bbox 53 2325 142 2352; x_wconf 91' lang='lat' dir='ltr'>non</span> <span class='ocrx_word' id='word_1_276' title='bbox 160 2309 347 2360; x_wconf 79' lang='lat' dir='ltr'>deserat,</span> <span class='ocrx_word' id='word_1_277' title='bbox 369 2316 416 2350; x_wconf 57' lang='lat' dir='ltr'>*et</span> <span class='ocrx_word' id='word_1_278' title='bbox 437 2306 714 2350; x_wconf 86' lang='lat' dir='ltr'>christianam</span> <span class='ocrx_word' id='word_1_279' title='bbox 740 2305 934 2348; x_wconf 86' lang='lat' dir='ltr'>militiam</span> <span class='ocrx_word' id='word_1_280' title='bbox 959 2320 1043 2348; x_wconf 89' lang='lat' dir='ltr'>non</span> <span class='ocrx_word' id='word_1_281' title='bbox 1061 2305 1325 2362; x_wconf 80' lang='lat' dir='ltr'>reformidet,</span> <span class='ocrx_word' id='word_1_282' title='bbox 1358 2309 1434 2353; x_wconf 90' lang='lat' dir='ltr'>illo</span> 
     </span>
     <span class='ocr_line' id='line_1_32' title="bbox 55 2375 1434 2436; baseline 0.001 -15"><span class='ocrx_word' id='word_1_283' title='bbox 55 2378 166 2421; x_wconf 89' lang='lat' dir='ltr'>duce</span> <span class='ocrx_word' id='word_1_284' title='bbox 189 2387 317 2436; x_wconf 87' lang='lat' dir='ltr'>atque</span> <span class='ocrx_word' id='word_1_285' title='bbox 340 2376 536 2435; x_wconf 82' lang='lat' dir='ltr'>adjutore</span> <span class='ocrx_word' id='word_1_286' title='bbox 553 2375 775 2433; x_wconf 85' lang='lat' dir='ltr'>superabit</span> <span class='ocrx_word' id='word_1_287' title='bbox 797 2395 805 2419; x_wconf 89' lang='lat'><strong>:</strong></span> <span class='ocrx_word' id='word_1_288' title='bbox 830 2390 878 2418; x_wconf 87' lang='lat' dir='ltr'>ac</span> <span class='ocrx_word' id='word_1_289' title='bbox 895 2375 954 2417; x_wconf 89' lang='lat' dir='ltr'>sic</span> <span class='ocrx_word' id='word_1_290' title='bbox 977 2375 1020 2417; x_wconf 91' lang='lat' dir='ltr'>in</span> <span class='ocrx_word' id='word_1_291' title='bbox 1040 2376 1260 2433; x_wconf 86' lang='lat' dir='ltr'>pristinam</span> <span class='ocrx_word' id='word_1_292' title='bbox 1283 2393 1434 2434; x_wconf 90' lang='lat' dir='ltr'>pacem</span> 
     </span>
     <span class='ocr_line' id='line_1_33' title="bbox 55 2445 1429 2508; baseline 0.001 -16"><span class='ocrx_word' id='word_1_293' title='bbox 55 2459 186 2508; x_wconf 84' lang='lat' dir='ltr'>atque</span> <span class='ocrx_word' id='word_1_294' title='bbox 208 2447 405 2491; x_wconf 87' lang='lat' dir='ltr'>ordinem</span> <span class='ocrx_word' id='word_1_295' title='bbox 427 2457 470 2490; x_wconf 85' lang='lat' dir='ltr'>et</span> <span class='ocrx_word' id='word_1_296' title='bbox 484 2448 546 2490; x_wconf 89' lang='lat' dir='ltr'>vir</span> <span class='ocrx_word' id='word_1_297' title='bbox 567 2447 761 2497; x_wconf 82' lang='lat' dir='ltr'>Christo,</span> <span class='ocrx_word' id='word_1_298' title='bbox 794 2455 837 2488; x_wconf 91' lang='lat' dir='ltr'>et</span> <span class='ocrx_word' id='word_1_299' title='bbox 859 2445 1014 2487; x_wconf 87' lang='lat' dir='ltr'>mulier</span> <span class='ocrx_word' id='word_1_300' title='bbox 1037 2447 1126 2489; x_wconf 91' lang='lat' dir='ltr'>viro</span> <span class='ocrx_word' id='word_1_301' title='bbox 1153 2448 1379 2505; x_wconf 86' lang='lat' dir='ltr'>subjicitur</span> <span class='ocrx_word' id='word_1_302' title='bbox 1396 2453 1429 2493; x_wconf 76' lang='lat'>².</span> 
     </span>
    </p>

    <p class='ocr_par' dir='ltr' id='par_1_4' title="bbox 75 2514 1430 2575">
     <span class='ocr_line' id='line_1_34' title="bbox 75 2514 1430 2575; baseline 0 -13"><span class='ocrx_word' id='word_1_303' title='bbox 75 2515 78 2520; x_wconf 47' lang='lat'>⁸</span> <span class='ocrx_word' id='word_1_304' title='bbox 112 2519 295 2562; x_wconf 76' lang='lat' dir='ltr'>XXXV.</span> <span class='ocrx_word' id='word_1_305' title='bbox 324 2518 443 2560; x_wconf 87' lang='lat' dir='ltr'>Sicut</span> <span class='ocrx_word' id='word_1_306' title='bbox 455 2531 557 2574; x_wconf 82' lang='lat' dir='ltr'>ergo</span> <span class='ocrx_word' id='word_1_307' title='bbox 575 2516 713 2559; x_wconf 88' lang='lat' dir='ltr'>tribus</span> <span class='ocrx_word' id='word_1_308' title='bbox 732 2514 936 2572; x_wconf 84' lang='lat' dir='ltr'>gradibus</span> <span class='ocrx_word' id='word_1_309' title='bbox 959 2514 1013 2557; x_wconf 90' lang='lat' dir='ltr'>ad</span> <span class='ocrx_word' id='word_1_310' title='bbox 1030 2524 1254 2573; x_wconf 86' lang='lat' dir='ltr'>peccatum</span> <span class='ocrx_word' id='word_1_311' title='bbox 1276 2532 1430 2575; x_wconf 85' lang='lat' dir='ltr'>perve-</span> 
     </span>
    </p>
   </div>
   <div class='ocr_carea' id='block_1_4' title="bbox 105 2598 974 2641">
    <p class='ocr_par' dir='ltr' id='par_1_5' title="bbox 105 2598 974 2641">
     <span class='ocr_line' id='line_1_35' title="bbox 105 2598 974 2641; baseline -0.007 -7"><span class='ocrx_word' id='word_1_312' title='bbox 105 2609 113 2624; x_wconf 88' lang='lat'>¹</span> <span class='ocrx_word' id='word_1_313' title='bbox 131 2604 208 2634; x_wconf 88' lang='lat' dir='ltr'>Gen.</span> <span class='ocrx_word' id='word_1_314' title='bbox 229 2612 274 2641; x_wconf 84' lang='lat'>111,</span> <span class='ocrx_word' id='word_1_315' title='bbox 292 2611 319 2632; x_wconf 85' lang='lat'>1.</span> <span class='ocrx_word' id='word_1_316' title='bbox 341 2616 383 2622; x_wconf 91' lang='lat'>—</span> <span class='ocrx_word' id='word_1_317' title='bbox 403 2605 415 2620; x_wconf 85' lang='lat'><strong>²</strong></span> <span class='ocrx_word' id='word_1_318' title='bbox 435 2611 446 2631; x_wconf 88' lang='lat'>1</span> <span class='ocrx_word' id='word_1_319' title='bbox 460 2602 534 2632; x_wconf 73' lang='lat' dir='ltr'>Gor.</span> <span class='ocrx_word' id='word_1_320' title='bbox 556 2610 599 2631; x_wconf 80' lang='lat' dir='ltr'>xi,</span> <span class='ocrx_word' id='word_1_321' title='bbox 619 2599 652 2640; x_wconf 82' lang='lat'>3,</span> <span class='ocrx_word' id='word_1_322' title='bbox 671 2602 705 2630; x_wconf 83' lang='lat' dir='ltr'>et</span> <span class='ocrx_word' id='word_1_323' title='bbox 718 2598 836 2640; x_wconf 89' lang='lat' dir='ltr'>Ephes.</span> <span class='ocrx_word' id='word_1_324' title='bbox 863 2609 897 2638; x_wconf 88' lang='lat' dir='ltr'>v,</span> <span class='ocrx_word' id='word_1_325' title='bbox 919 2598 974 2629; x_wconf 84' lang='lat'>23.</span> 
     </span>
    </p>
   </div>
   <div class='ocr_carea' id='block_1_5' title="bbox 1217 2653 1281 2691">
    <p class='ocr_par' dir='ltr' id='par_1_6' title="bbox 1217 2653 1281 2691">
     <span class='ocr_line' id='line_1_36' title="bbox 1217 2653 1281 2691; baseline 0 0"><span class='ocrx_word' id='word_1_326' title='bbox 1217 2653 1281 2691; x_wconf 92' lang='lat'>11.</span> 
     </span>
    </p>
   </div>
  </div>
 </body>
</html>
