1819 3301
350 259 633 295 QUAESTIONUM
665 255 1029 297 uvAneEuonuM,
1064 260 1145 286 LIB.
1182 263 1229 288 11.
1384 251 1462 290 311

95 337 243 371 causas
256 357 267 378 ,
298 322 458 383 quibus
478 321 524 366 id
541 331 655 366 reete
673 322 764 366 fieri
785 323 976 382 potuerit
992 357 1002 376 ‚
1026 338 1126 367 cum
1149 333 1294 368 tamen
1311 325 1366 370 ad
1384 327 1469 371 sol-

39 398 46 402 ‘
95 392 281 439 vendam
302 393 586 453 quaestionem
607 391 677 437 vel
693 407 826 435 unam
846 392 1039 437 invenire
1061 393 1262 438 sufficiat.

621 530 856 579 QUAESTIO
885 532 952 571 VI.

154 663 270 714 Qum
289 659 371 704 sibi
398 659 503 704 velit
534 659 654 720 quod
685 660 1144 719 septuaginta-septem
1176 676 1371 720 personae
1406 679 1473 708 se·-

96 731 288 777 cundum
307 732 601 788 generationes
618 765 629 785 ‚
653 746 758 790 quas
782 733 917 775 Lucas
939 740 1111 775 secutus
1133 741 1220 786 est,
1246 733 1477 778 inveniun-

96 811 193 856 tur,
225 800 361 861 quaeri
396 803 590 860 potest1.
623 803 732 848 Nam
767 809 809 844 et
844 801 974 860 hujus
1005 803 1173 847 numeri
1210 804 1475 848 mentionem

95 872 304 917 Dominus
327 870 429 915 feeit
444 866 464 926 ‚⁷
495 887 596 916 cum
618 887 720 915 eum
746 875 898 916 Petrus
921 872 975 915 de
1004 871 1272 917 dimittendis
1295 877 1478 933 peccatis

96 943 239 988 fratris
260 943 577 1001 interrogasset.
600 943 671 987 Ait
693 942 808 987 enim
827 959 917 987 non
936 943 1077 987 solum
1097 945 1268 1003 septies,
1297 945 1368 989 sed
1389 961 1479 1005 sep-

100 1013 285 1071 tuagies—
289 1013 444 1072 septies
476 1028 565 1057 esse
598 1001 953 1056 dimittendum2
986 1004 1112 1057 Unde
1148 1023 1263 1058 reete
1290 1014 1480 1059 creditur

99 1083 511 1128 commemoratione
528 1083 657 1142 hujus
674 1083 844 1127 numeri
865 1083 1009 1127 omnia
1027 1093 1202 1142 peccata
1218 1085 1391 1144 jussisse
1411 1085 1479 1130 di-

96 1153 210 1198 mitti
236 1172 244 1198 :
277 1153 636 1212 quandoquidem
664 1152 755 1212 ipse
786 1168 864 1212 per
896 1168 1029 1212 quem
1052 1163 1225 1212 peccata
1249 1156 1393 1199 omnia
1415 1155 1480 1199 di—

96 1224 224 1268 missa
241 1232 368 1278 sunt,
393 1223 707 1283 septuagesima
734 1232 777 1267 et
798 1223 983 1282 septima
1006 1225 1281 1282 generatione
1298 1260 1309 1279 ,
1331 1240 1481 1269 seeun-

97 1295 204 1339 dum
236 1294 520 1352 Evangelistae
566 1295 791 1338 memorati
836 1294 1158 1349 testimonium,
1193 1296 1248 1341 ad
1285 1296 1482 1343 homines

96 1365 346 1409 humaniter
366 1366 509 1408 venire
539 1364 740 1422 dignatus
762 1374 839 1410 est.
864 1366 1279 1410 Convenientissime
1301 1376 1446 1411 autem
1466 1403 1477 1422 ⁷

97 1450 197 1479 cum
227 1436 280 1478 sit
305 1435 431 1479 etiam
457 1434 539 1478 alia
567 1435 691 1478 series
731 1435 1059 1493 generationum
1087 1451 1219 1495 quam
1249 1437 1481 1481 Matthaeus

97 1505 280 1564 explicat
297 1540 308 1560 ‚
341 1506 452 1548 hanc
475 1505 546 1548 ille
570 1506 736 1559 tenuit,
758 1505 833 1564 qui
857 1505 1075 1564 baptizato
1098 1507 1283 1550 Domino
1302 1522 1481 1565 genera-

101 1575 234 1620 tiones
255 1575 365 1634 ipsas
388 1590 466 1633 per
496 1574 768 1633 septuaginta
802 1584 844 1617 et
879 1585 1043 1634 septem
1078 1591 1279 1635 personas
1311 1592 1480 1621 sursum

97 1660 244 1690 versus
261 1653 488 1688 enumerat
501 1645 531 1686 3.
549 1646 657 1688 Nam
675 1652 718 1687 et
736 1644 897 1688 reditus
915 1654 978 1689 est
995 1655 1037 1688 et
1055 1655 1260 1705 tanquam
1284 1662 1482 1691 aseensus

98 1715 154 1760 ad
181 1719 315 1760 Deum
334 1751 344 1770 ‚
381 1715 450 1758 eui
483 1723 581 1774 post
613 1723 892 1773 peccatorum
921 1715 1199 1760 abolitionem
1234 1717 1484 1763 reconcilia-

97 1802 196 1833 mur
210 1821 220 1840 ,
248 1801 484 1844 expressus,
506 1800 605 1829 eum
624 1800 795 1828 sursum
813 1800 960 1828 versus
983 1802 1058 1844 per
1074 1786 1167 1831 illas
1186 1789 1482 1846 generationes

99 1855 359 1901 ascenditur.
377 1858 433 1898 Et
455 1855 607 1914 utique
630 1870 703 1916 per
728 1855 993 1913 baptismum
1011 1857 1059 1900 fit
1077 1858 1272 1901 omnium
1294 1859 1483 1903 remissio

98 1935 376 1986 peecatorum
395 1960 406 1979 ‚
432 1941 531 1984 quae
554 1924 629 1968 illo
662 1940 845 1968 numero
867 1926 1148 1983 significatur.
1175 1930 1272 1971 Non
1302 1930 1416 1972 enim
1439 1930 1483 1973 in

99 1996 313 2055 baptismo
337 1995 506 2038 Domini
538 1995 616 2053 ipsi
645 1995 831 2038 Domino
860 2005 1035 2054 peccata
1058 1996 1228 2041 dimissa
1263 2008 1385 2053 sunt,
1409 2000 1483 2044 sed

101 2066 192 2126 ipsa
214 2056 275 2109 ibi
304 2065 495 2109 remissio
520 2074 797 2124 peecatorum
821 2066 1015 2110 omnium
1035 2102 1044 2121 ,
1071 2084 1170 2126 quae
1194 2068 1486 2115 misericordia

102 2137 193 2195 ejus
210 2145 252 2179 et
274 2144 485 2195 potestate
508 2134 668 2178 donata
690 2144 753 2179 est
775 2136 1027 2180 hominibus
1044 2172 1054 2190 ‚
1081 2138 1297 2196 perillum
1316 2140 1481 2199 baptis-

102 2221 222 2249 mum
248 2205 418 2249 Domini
436 2213 479 2248 et
500 2219 575 2264 per
595 2204 720 2248 illum
743 2221 973 2249 numerum
996 2209 1322 2264 generationum
1342 2225 1486 2253 eonse-

103 2289 220 2320 crata
249 2284 380 2335 atque
407 2275 572 2333 signata
603 2284 681 2319 est.
713 2278 801 2321 Nee
830 2286 990 2320 temere
1015 2278 1222 2321 Dominus
1260 2288 1302 2322 et
1327 2279 1484 2325 frustra

103 2346 414 2404 septuagesima
432 2354 474 2387 et
491 2346 671 2404 septima
693 2346 972 2403 generatione
993 2347 1112 2390 venit
1136 2348 1375 2392 aboliturus
1393 2366 1486 2393 omo

104 2415 175 2459 nia
192 2425 391 2474 peccata,
416 2416 497 2459 ,nisi
526 2417 626 2475 quia
650 2417 694 2460 in
718 2416 792 2459 ilio
816 2432 997 2459 numero
1021 2417 1186 2476 aliquid
1210 2418 1312 2462 latet
1329 2455 1338 2471 ,
1365 2421 1485 2479 quod

104 2484 159 2529 ad
193 2485 546 2542 significationem
584 2486 795 2544 pertineat
832 2487 1023 2529 omnium
1066 2497 1357 2546 p‹.·eeatorum.
1394 2493 1485 2534 Hee

154 2586 163 2602 ¹
182 2582 256 2611 Luc.
275 2593 319 2621 w,
346 2582 398 2611 23.
449 2598 457 2601 -
483 2588 493 2601 ῃ
515 2582 628 2611 tisiam.
652 2592 740 2619 xvm,
767 2590 816 2611 29.v
844 2598 880 2601 -*
911 2580 988 2611 31&
1015 2594 1034 2622 ι,
1061 2595 1088 2620 1,
1113 2587 1140 2613 (Ἰ
1164 2586 1238 2614 Luc.
1267 2596 1315 2623 m,
1336 2586 1388 2616 23.
