1819 3301
394 306 532 334 sEnMo
566 305 723 332 nomm
758 305 802 331 ιΝ
835 303 1008 340 MONTE,
1043 303 1126 329 Lm.
1163 302 1210 327 11.
1395 289 1478 327 217

107 390 126 414 n
161 373 280 427 estis,
306 380 349 416 et
368 371 444 415 filii
461 370 625 414 Excelsi
644 385 792 414 omnes
816 371 827 395 ¹
857 389 865 413 :
888 389 906 410 »
929 378 971 412 et
986 366 1122 421 illud,
1152 385 1172 408 «
1206 365 1249 411 Si
1272 366 1481 410 Dominus

106 461 125 484 >›
161 458 279 497 sum,
301 443 376 486 ubi
399 451 463 485 est
480 441 609 484 timor
624 442 771 484 meus?
793 449 835 484 et
850 440 882 484 si
898 443 1021 483 Pater
1034 452 1151 492 sum,
1170 437 1247 480 ubi
1265 445 1327 480 est
1343 436 1484 481 honor

106 531 126 555 ³>
161 514 338 557 meus2?
359 531 376 552 υ
404 515 459 555 Et
480 511 561 555 alia
582 510 821 570 permulta,
845 510 921 554 ubi
944 517 1188 568 arguuntur
1206 505 1363 562 Judaei,
1381 507 1484 566 quia

101 583 178 628 filii
200 599 288 628 esse
304 582 524 643 peccando
559 581 796 625 noluerunt
823 599 832 625 ε
860 580 1046 639 exeeptis
1083 580 1140 623 eis
1175 593 1275 639 quae
1303 577 1350 620 in
1382 593 1484 637 pro-

103 656 248 715 phetia
271 655 478 699 dicuntur
495 654 549 698 de
567 652 715 698 futuro
740 652 904 713 populo
920 652 1153 697 christiano
1175 651 1295 712 quod
1312 653 1485 695 Patrem

103 729 242 771 Deum
275 735 385 770 esset
426 725 654 769 habiturus
674 759 685 780 ,
724 723 963 769 secundum
1002 721 1112 767 illud
1145 720 1442 781 evangelicum
1472 740 1482 767 z

108 815 128 840 «
161 795 290 841 Dedit
310 797 367 840 eis
388 804 644 856 potestatem
666 795 775 839 filios
795 795 872 839 Dei
890 794 983 838 fieri
998 795 1035 839 ³:
1057 792 1322 853 »Apostolus
1340 801 1484 836 autem

104 866 263 911 Paulus
285 866 388 912 dicit
415 886 423 911 :
446 885 465 908 «
485 865 688 919 Quandiu
708 866 845 910 haeres
866 863 1072 926 parvulus
1087 872 1171 919 est,
1196 862 1306 907 nihil
1319 862 1486 907 distata

107 956 127 980 »
162 953 284 983 servo
303 939 318 963 4
346 957 353 983 :
383 956 402 980 »
428 947 472 982 et
487 937 688 997 spiritum
710 935 955 996 adoptionis
971 951 1049 981 nos
1066 934 1279 995 accepisse
1300 948 1487 979 comme-

104 1018 244 1053 morat
267 1028 275 1054 :
301 1028 322 1051 (ι
347 1012 398 1053 In
419 1024 506 1069 quo
525 1008 761 1053 clamamus
786 1026 793 1053 :
814 1007 939 1052 Abba
960 1011 1101 1052 Pater.
1140 1024 1159 1047 »

162 1082 279 1124 XVI.
306 1082 362 1124 Et
384 1081 588 1140 quoniam
611 1078 731 1140 quod
752 1094 956 1124 vocamur
984 1077 1039 1123 ad
1065 1086 1271 1122 aeternam
1298 1075 1484 1121 haeredi-

106 1159 239 1194 tatem
260 1186 270 1206 ,
296 1160 345 1195 ut
361 1152 492 1195 simus
511 1151 669 1196 Christi
691 1150 938 1195 cohaeredes
958 1185 968 1205 ,
994 1158 1035 1193 et
1060 1150 1105 1193 in
1127 1148 1404 1207 adoptionem
1433 1149 1487 1192 fi-

106 1221 261 1265 liorum
297 1221 543 1265 veniamuss’
572 1241 580 1266 ε
606 1237 695 1265 non
732 1230 794 1264 est
818 1220 1070 1264 meritorum
1102 1228 1374 1273 nostrorum,
1414 1218 1488 1262 sed

106 1293 252 1349 gratiae
272 1292 346 1335 Dei
374 1309 382 1336 ;
404 1291 600 1336 eamdem
618 1292 753 1351 ipsam
774 1291 951 1348 gratiam
977 1292 1018 1333 in
1043 1290 1247 1334 orationis
1276 1289 1488 1348 principio

106 1362 334 1421 ponimus,
368 1377 468 1406 eum
503 1361 716 1406 dicimus:
747 1365 914 1405 «Pater
947 1369 1105 1404 noster.
1135 1378 1154 1400 »
1182 1362 1279 1412 Quo
1312 1359 1489 1404 nomine

107 1441 150 1476 et
180 1432 363 1476 charitas
396 1432 605 1476 excitatur
626 1453 636 1489 3
661 1431 767 1491 quid
790 1432 906 1475 enim
928 1431 1098 1475 charius
1121 1429 1217 1474 filiis
1239 1429 1370 1474 debet
1399 1445 1489 1474 esse

107 1518 237 1563 quam
257 1504 402 1560 pater?
415 1512 457 1546 et
478 1501 659 1561 supplex
672 1502 867 1557 affectus,
883 1518 982 1546 cum
996 1501 1192 1546 homines
1211 1501 1363 1545 dieunt
1380 1504 1486 1557 Deo,

111 1592 133 1616 «
167 1577 293 1617 Pater
313 1582 473 1628 noster,
491 1592 510 1614 η
529 1582 570 1617 et
584 1573 785 1633 quaedam
802 1572 1061 1632 impetrandi
1075 1573 1370 1632 praesumptio,
1391 1588 1490 1633 quae

107 1647 285 1706 petituri
306 1662 454 1690 sumus
472 1660 490 1704 3⁴
508 1661 609 1690 eum
638 1646 756 1705 prius
791 1661 923 1704 quam
945 1644 1110 1705 aliquid
1132 1652 1374 1703 peteremus
1402 1652 1491 1687 tam

109 1732 318 1775 magnum
340 1716 505 1760 donum
531 1716 774 1775 accepimus
791 1750 801 1770 ,
826 1724 877 1758 ut
899 1715 1092 1758 sinamur
1113 1713 1256 1758 dicere
1283 1732 1292 1758 :
1321 1731 1340 1755 «
1367 1716 1493 1757 Pater

112 1804 132 1827 »
169 1796 333 1841 noster,
352 1804 372 1827 >›
391 1790 494 1830 Deo.
521 1786 639 1839 Quid
660 1786 775 1828 enim
794 1786 883 1844 jam
902 1800 991 1829 non
1011 1784 1085 1828 det
1107 1783 1202 1828 filiis
1224 1782 1489 1842 petentibus,

110 1872 210 1901 eum
246 1858 328 1901 hoe
351 1857 491 1915 ipsum
518 1865 618 1900 ante
649 1855 838 1910 dederit,
876 1865 925 1899 ut
962 1854 1037 1899 filii
1065 1855 1231 1898 essent?
1269 1857 1492 1899 Postremo

110 1935 280 1986 quanta·
295 1942 395 1970 cura
415 1926 609 1970 animum
632 1926 792 1984 tangit,
815 1935 863 1969 ut
885 1926 960 1985 qui
974 1924 1079 1969 dicit
1101 1944 1119 1965 «
1139 1928 1264 1968 Pater
1283 1933 1445 1979 noster,
1468 1942 1489 1966 »

112 2005 232 2040 tanto
252 1999 376 2040 Patre
398 2012 486 2041 non
510 2000 563 2040 sit
580 1995 800 2054 indignus.
830 1995 872 2040 Si
908 1996 1022 2038 enim
1045 1995 1273 2054 quisquam
1299 1993 1493 2053 plebeius

112 2076 352 2110 senatorem
373 2066 611 2124 grandioris
633 2066 770 2110 aetatis
788 2065 843 2109 ab
856 2080 907 2110 eo
929 2066 1019 2125 ipso
1032 2074 1200 2124 patrem
1219 2080 1373 2109 Vocare
1392 2079 1493 2123 per-

112 2138 326 2193 mittatur,
347 2137 437 2182 sine
453 2137 588 2181 dubio
603 2136 854 2197 trepidabit,
876 2153 955 2181 nee
968 2137 1092 2181 facile
1107 2136 1288 2180 audebit
1304 2137 1494 2193 cogitans

112 2208 403 2252 humilitatem
427 2209 590 2265 generis
613 2209 694 2263 sui,
719 2217 906 2267 etopum
927 2207 1226 2266 indigentiam,
1249 2215 1292 2250 et
1313 2206 1493 2265 plebeiae

111 2294 306 2338 personae
342 2278 548 2322 vilitatem
576 2298 584 2323 t
611 2288 777 2339 quanto
801 2295 902 2338 ergo
926 2278 1059 2337 magis
1093 2276 1402 2336 trepidandum
1430 2286 1494 2321 est

112 2348 327 2408 appellare
350 2352 520 2392 Patrem
542 2353 677 2392 Deum
698 2384 708 2403 ,
729 2350 761 2393 si
780 2358 899 2394 tanta
922 2359 984 2393 est
1005 2348 1135 2403 labes,
1157 2357 1378 2407 tantaeque
1399 2363 1493 2392 sor-

113 2420 188 2463 des
210 2419 254 2462 in
287 2420 505 2474 moribus,
532 2429 580 2463 ut
602 2420 740 2464 multo
763 2421 919 2480 justius
943 2435 1011 2463 eas
1034 2436 1056 2463 a
1079 2435 1154 2463 sua
1184 2419 1493 2479 conjunctione

112 2493 225 2533 Deus
247 2488 432 2548 expellat
452 2524 461 2545 ,
486 2505 615 2549 quam
638 2490 709 2534 ille
731 2500 901 2535 senator
918 2490 1103 2550 cujusvis
1118 2489 1305 2534 mendici
1323 2498 1492 2548 egesta-

159 2592 169 2610 ¹
194 2585 270 2618 Psal.
293 2597 396 2628 Lxxxi,
412 2586 444 2619 6.
470 2604 511 2611 -
535 2594 546 2610 ²
569 2586 701 2619 Malaeh.
723 2600 746 2629 l,
765 2588 797 2620 G.
825 2605 866 2611 —
892 2587 904 2611 3
922 2590 1012 2621 Joan.
1033 2598 1055 2629 1,
1080 2598 1131 2620 12.
1153 2604 1193 2610 --
1208 2586 1225 2617 4
1245 2587 1374 2630 Gal.1v,
1396 2599 1427 2622 1.
1449 2604 1492 2612 --

115 2640 129 2664 5
144 2644 232 2675 Rom.
255 2652 326 2684 v1u,
341 2643 395 2674 23.
