1819 3301
329 263 612 298 QUAESTIONUM
644 258 1010 299 EVANGELIORUM,
1048 262 1129 288 Lis.
1167 263 1214 287 11.
1369 250 1454 289 340

73 327 260 387 quadam
278 329 455 373 unitatis
480 328 616 372 forma
637 327 921 386 coagulentur
941 337 983 372 et
1005 327 1152 371 decem
1172 327 1257 370 sint
1284 345 1292 371 :
1316 343 1454 370 unum

74 409 218 443 autem
242 415 330 442 non
353 399 411 443 eis
434 399 598 457 indiget
616 409 665 443 ut
684 399 898 444 custodiat
913 399 1140 443 unitatem.
1161 399 1457 451 Quamobrem

73 470 208 514 utini
229 485 384 514 novem
415 470 489 530 qui
516 471 671 529 gratias
694 486 782 514 non
805 479 1014 529 egerunt,
1043 469 1216 528 reprobi
1238 469 1379 512 effecti
1398 504 1408 523 ‚
1435 485 1457 513 a

73 543 288 586 consortio
321 541 498 585 unitatis
533 541 691 585 exclusi
715 552 817 585 sunt
838 561 845 587 τ
867 542 925 585 ita
946 557 1059 585 unus
1087 540 1160 584 ille
1189 540 1265 600 qui
1304 540 1458 597 gratias

75 613 161 671 egit
176 647 186 667 ‚
212 612 352 656 unicae
370 612 572 656 Ecclesiae
595 612 907 670 significatione
930 612 1194 671 approbatus
1216 622 1346 671 atque
1364 611 1460 655 lau·-

75 683 199 727 datus
222 692 298 727 est.
335 687 390 727 Et
411 684 511 742 quia
549 683 611 726 illi
639 693 761 726 erant
784 684 926 727 Judaei
947 719 957 737 ‚
983 684 1168 727 amisisse
1201 698 1278 742 per
1308 698 1460 741 super-

75 756 191 798 biam
208 754 414 798 declarati
436 764 538 798 sunt
560 770 743 813 regnum
766 754 997 808 coelorum,
1014 754 1090 798 ubi
1115 751 1297 797 maxime
1320 753 1460 797 unitas

76 825 318 870 custoditur
345 844 353 869 ε
379 825 457 868 iste
479 841 580 869 vero
616 827 691 886 qui
713 835 805 869 erat
828 826 1142 880 Samaritanus,
1179 826 1299 884 quod
1322 825 1460 868 inter-

77 905 271 955 pretatur
292 897 462 950 Custos‚
489 895 551 938 illi
574 912 596 939 a
625 912 713 955 quo
737 897 901 955 accepit
924 897 1119 939 tribuens
1137 895 1256 955 quod
1279 895 1457 953 accepit,

77 976 119 1010 et
141 966 332 1026 quodam
360 966 488 1010 modo
511 976 688 1010 cantans
710 966 820 1009 illud
854 966 907 1009 de
937 966 1104 1010 Psalmo
1133 985 1140 1010 :
1171 986 1189 1006 «
1217 965 1459 1009 Fortitudi-

80 1056 99 1078 »
135 1053 235 1080 nem
270 1052 406 1099 meam
430 1037 484 1080 ad
517 1046 558 1080 te
579 1036 842 1080 custodiam¹
867 1056 875 1081 :
905 1055 923 1077 »
951 1053 1027 1095 per
1060 1037 1291 1094 gratiarum
1324 1036 1461 1079 actio-

77 1123 176 1150 nem
212 1109 302 1165 regi
339 1108 580 1167 subjectus,
627 1108 838 1152 unitatem
882 1109 1001 1164 regni
1039 1106 1195 1150 humili
1230 1105 1462 1150 devotione

79 1187 276 1222 servavit.

588 1304 824 1353 QUAESTIO
855 1305 954 1343 XLI.

138 1425 253 1475 Qum
275 1432 337 1467 est
370 1422 488 1482 qnod
513 1422 617 1467 dicit
650 1423 890 1467 Dominus:
917 1441 935 1464 «
963 1423 1047 1475 Qui
1080 1421 1210 1466 fuerit
1240 1422 1285 1464 in
1318 1429 1459 1474 tecto,

87 1510 107 1534 >›
141 1503 183 1537 et
200 1509 297 1537 vasa
321 1494 412 1553 ejus
428 1495 471 1537 in
495 1495 647 1547 domo,
674 1510 763 1536 non
786 1493 1020 1536 descendat
1061 1492 1210 1535 tollere
1251 1490 1323 1534 illa
1343 1493 1390 1534 ²?
1414 1493 1464 1533 In

83 1581 102 1604 n
138 1572 253 1607 tecto
279 1582 298 1604 »
331 1573 423 1616 est,
450 1564 527 1624 qui
558 1563 769 1607 excedens
805 1563 1012 1616 carnalia,
1042 1572 1249 1621 tanquam
1285 1561 1329 1604 in
1361 1576 1463 1603 aura

79 1631 215 1676 libera
239 1628 487 1692 spiritaliter
510 1634 630 1677 vivit.
654 1653 671 1673 «
690 1636 797 1676 Vasa
813 1634 902 1692 ejus
926 1633 969 1675 in
992 1633 1139 1686 domo,
1165 1653 1179 1672 »
1202 1642 1297 1674 sunt
1316 1645 1463 1673 sensus

81 1702 272 1746 carnales
291 1738 300 1757 ‚
322 1704 482 1762 quibus
505 1702 559 1746 ad
582 1702 921 1760 investigandam
938 1702 1159 1745 veritatem
1175 1736 1185 1754 ‚
1212 1717 1309 1760 quae
1332 1698 1463 1742 intel-

81 1771 198 1816 lectu
229 1773 429 1831 capitur,
470 1772 598 1816 multi
629 1782 800 1816 utentes
823 1774 993 1830 penitus
1027 1780 1293 1814 erraverunt.
1326 1770 1464 1828 Hujus

83 1858 183 1900 ergo
221 1843 420 1902 spiritalis
453 1845 530 1887 viri
552 1844 640 1902 jain
664 1858 761 1885 vasa
792 1842 871 1885 ista
905 1851 1059 1885 vacant
1091 1842 1135 1884 in
1169 1841 1327 1897 domo3
1363 1840 1466 1898 quia

83 1922 229 1956 mente
246 1914 416 1972 corpori
446 1913 769 1972 supereminens
786 1927 862 1970 per
887 1911 1020 1955 aciem
1050 1909 1343 1967 intelligentiae
1368 1919 1465 1952 tan-

85 1999 216 2043 quam
239 1984 283 2027 in
307 1993 421 2028 tecto
444 1984 623 2043 positus,
640 1983 945 2041 perspicuitate
963 1981 1183 2039 sapientiae
1205 1979 1338 2023 veluti
1353 1978 1467 2022 coelo

87 2053 353 2112 apertissimo
376 2053 550 2096 fruitur.
575 2055 734 2097 Caveat
764 2068 866 2110 ergo
884 2052 985 2105 iste,
1018 2065 1074 2094 ne
1110 2051 1155 2092 in
1188 2049 1258 2092 die
1281 2048 1467 2091 tribula-

88 2124 213 2168 tionis
237 2140 381 2168 rursus
404 2125 489 2168 vita
524 2123 707 2178 carnali,
733 2139 832 2183 quae
855 2139 931 2182 per
952 2137 1099 2165 sensus
1117 2120 1306 2179 corporis
1330 2119 1469 2178 pasci-

90 2204 186 2252 tur,
212 2195 450 2240 delectatus
467 2231 477 2251 ‚
511 2194 566 2240 ad
604 2211 702 2240 vasa
735 2194 985 2254 hujusmodi
1007 2191 1198 2237 tollenda
1221 2189 1469 2234 descendat.

591 2320 826 2369 QUAESTIO
858 2321 974 2358 XLII.
1020 2320 1023 2323 ·

152 2444 268 2495 Qum
290 2450 353 2485 est
374 2440 492 2501 quod
514 2441 679 2485 dictum
703 2450 767 2484 est
795 2459 802 2484 :
829 2459 848 2481 «
873 2442 929 2482 Et
952 2437 1027 2498 qui
1048 2438 1092 2481 in
1115 2452 1216 2495 agro
1240 2436 1391 2492 fuerit,
1417 2436 1476 2481 si-

101 2531 120 2554 »
156 2512 318 2557 militer
334 2528 422 2557 non
444 2511 591 2556 redeat
612 2512 751 2556 retro3
770 2513 787 2552 ⁶?
812 2528 831 2551 »
857 2509 939 2563 Qui
960 2517 1164 2568 operatur
1186 2507 1231 2551 in
1254 2507 1443 2552 Ecclesia
1461 2542 1471 2562 ‚

150 2603 155 2617 ¹
173 2596 256 2628 Paul.
271 2606 361 2637 tvm,
389 2606 438 2628 10.
460 2612 500 2617 —
523 2602 533 2618 ²
551 2596 628 2626 Luc.
652 2605 728 2636 xva,
750 2594 802 2626 31.
820 2610 860 2616 -
878 2591 890 2616 3
909 2592 990 2626 lbid.
