<?xml version="1.0" encoding="UTF-8"?>
<!DOCTYPE html PUBLIC "-//W3C//DTD XHTML 1.0 Transitional//EN"
    "http://www.w3.org/TR/xhtml1/DTD/xhtml1-transitional.dtd">
<html xmlns="http://www.w3.org/1999/xhtml" xml:lang="en" lang="en">
 <head>
  <title>
</title>
<meta http-equiv="Content-Type" content="text/html;charset=utf-8" />
  <meta name='ocr-system' content='tesseract 3.04.00' />
  <meta name='ocr-capabilities' content='ocr_page ocr_carea ocr_par ocr_line ocrx_word'/>
</head>
<body>
  <div class='ocr_page' id='page_1' title='image "./operaomniaaccura14auguuoft_0019.png"; bbox 0 0 1819 3301; ppageno 0'>
   <div class='ocr_carea' id='block_1_1' title="bbox 286 294 1455 344">
    <p class='ocr_par' dir='ltr' id='par_1_1' title="bbox 286 294 1455 344">
     <span class='ocr_line' id='line_1_1' title="bbox 286 294 1455 344; baseline -0.003 -10"><span class='ocrx_word' id='word_1_1' title='bbox 286 308 340 334; x_wconf 77' lang='lat' dir='ltr'>m:</span> <span class='ocrx_word' id='word_1_2' title='bbox 371 304 578 334; x_wconf 80' lang='lat' dir='ltr'>CONSENSU</span> <span class='ocrx_word' id='word_1_3' title='bbox 610 302 994 334; x_wconf 70' lang='lat' dir='ltr'><strong>EVANGELISTARUM</strong></span> <span class='ocrx_word' id='word_1_4' title='bbox 1015 323 1026 344; x_wconf 90' lang='lat'>,</span> <span class='ocrx_word' id='word_1_5' title='bbox 1062 306 1143 332; x_wconf 80' lang='lat' dir='ltr'>un.</span> <span class='ocrx_word' id='word_1_6' title='bbox 1180 305 1244 331; x_wconf 85' lang='lat'>111.</span> <span class='ocrx_word' id='word_1_7' title='bbox 1430 294 1455 330; x_wconf 87' lang='lat'>9</span> 
     </span>
    </p>
   </div>
   <div class='ocr_carea' id='block_1_2' title="bbox 67 367 1457 2522">
    <p class='ocr_par' dir='ltr' id='par_1_2' title="bbox 67 367 1457 2225">
     <span class='ocr_line' id='line_1_2' title="bbox 84 367 1456 430; baseline -0.002 -17"><span class='ocrx_word' id='word_1_8' title='bbox 84 373 205 414; x_wconf 90' lang='lat' dir='ltr'>Tunc</span> <span class='ocrx_word' id='word_1_9' title='bbox 228 370 299 414; x_wconf 86' lang='lat' dir='ltr'>ille</span> <span class='ocrx_word' id='word_1_10' title='bbox 327 390 335 416; x_wconf 94' lang='lat'><strong>:</strong></span> <span class='ocrx_word' id='word_1_11' title='bbox 366 389 384 412; x_wconf 91' lang='lat'>«</span> <span class='ocrx_word' id='word_1_12' title='bbox 407 373 548 423; x_wconf 87' lang='lat' dir='ltr'>Quare</span> <span class='ocrx_word' id='word_1_13' title='bbox 570 386 657 414; x_wconf 90' lang='lat' dir='ltr'>non</span> <span class='ocrx_word' id='word_1_14' title='bbox 679 385 850 430; x_wconf 83' lang='lat' dir='ltr'>possum</span> <span class='ocrx_word' id='word_1_15' title='bbox 870 404 881 424; x_wconf 92' lang='lat'>,</span> <span class='ocrx_word' id='word_1_16' title='bbox 907 369 1071 428; x_wconf 81' lang='lat' dir='ltr'>inquit,</span> <span class='ocrx_word' id='word_1_17' title='bbox 1097 367 1219 427; x_wconf 88' lang='lat' dir='ltr'>sequi</span> <span class='ocrx_word' id='word_1_18' title='bbox 1236 375 1278 410; x_wconf 88' lang='lat' dir='ltr'>te</span> <span class='ocrx_word' id='word_1_19' title='bbox 1298 367 1456 410; x_wconf 77' lang='lat' dir='ltr'>modo?</span> 
     </span>
     <span class='ocr_line' id='line_1_3' title="bbox 85 435 1457 499; baseline -0.004 -16"><span class='ocrx_word' id='word_1_20' title='bbox 85 458 104 480; x_wconf 90' lang='lat'>»</span> <span class='ocrx_word' id='word_1_21' title='bbox 140 440 324 483; x_wconf 85' lang='lat' dir='ltr'>animam</span> <span class='ocrx_word' id='word_1_22' title='bbox 358 455 494 483; x_wconf 89' lang='lat' dir='ltr'>meam</span> <span class='ocrx_word' id='word_1_23' title='bbox 531 456 606 499; x_wconf 84' lang='lat' dir='ltr'>pro</span> <span class='ocrx_word' id='word_1_24' title='bbox 632 450 670 483; x_wconf 89' lang='lat' dir='ltr'>te</span> <span class='ocrx_word' id='word_1_25' title='bbox 702 442 907 499; x_wconf 85' lang='lat' dir='ltr'>ponam¹.</span> <span class='ocrx_word' id='word_1_26' title='bbox 935 458 954 478; x_wconf 89' lang='lat'>»</span> <span class='ocrx_word' id='word_1_27' title='bbox 982 439 1092 482; x_wconf 83' lang='lat' dir='ltr'>Huic</span> <span class='ocrx_word' id='word_1_28' title='bbox 1128 435 1457 496; x_wconf 81' lang='lat' dir='ltr'>praesumptioni</span> 
     </span>
     <span class='ocr_line' id='line_1_4' title="bbox 81 508 1455 568; baseline -0.003 -16"><span class='ocrx_word' id='word_1_29' title='bbox 81 509 301 568; x_wconf 74' lang='lat' dir='ltr'>respondit</span> <span class='ocrx_word' id='word_1_30' title='bbox 324 510 530 553; x_wconf 82' lang='lat' dir='ltr'>Dominus</span> <span class='ocrx_word' id='word_1_31' title='bbox 554 509 742 552; x_wconf 87' lang='lat' dir='ltr'>futuram</span> <span class='ocrx_word' id='word_1_32' title='bbox 779 511 869 568; x_wconf 78' lang='lat' dir='ltr'>ejus</span> <span class='ocrx_word' id='word_1_33' title='bbox 901 508 1188 565; x_wconf 84' lang='lat' dir='ltr'>negationem.</span> <span class='ocrx_word' id='word_1_34' title='bbox 1216 509 1353 549; x_wconf 85' lang='lat' dir='ltr'>Lucas</span> <span class='ocrx_word' id='word_1_35' title='bbox 1377 521 1455 548; x_wconf 85' lang='lat' dir='ltr'>au-</span> 
     </span>
     <span class='ocr_line' id='line_1_5' title="bbox 80 575 1452 629; baseline -0.004 -7"><span class='ocrx_word' id='word_1_36' title='bbox 80 587 167 622; x_wconf 87' lang='lat' dir='ltr'>tem</span> <span class='ocrx_word' id='word_1_37' title='bbox 195 594 295 622; x_wconf 91' lang='lat' dir='ltr'>cum</span> <span class='ocrx_word' id='word_1_38' title='bbox 329 588 703 622; x_wconf 74' lang='lat' dir='ltr'>commemorasset</span> <span class='ocrx_word' id='word_1_39' title='bbox 737 577 890 622; x_wconf 70' lang='lat' dir='ltr'>dixisse</span> <span class='ocrx_word' id='word_1_40' title='bbox 921 578 1150 621; x_wconf 87' lang='lat' dir='ltr'>Dominum</span> <span class='ocrx_word' id='word_1_41' title='bbox 1185 595 1193 620; x_wconf 91' lang='lat'>:</span> <span class='ocrx_word' id='word_1_42' title='bbox 1229 594 1248 616; x_wconf 89' lang='lat'>«</span> <span class='ocrx_word' id='word_1_43' title='bbox 1277 575 1452 629; x_wconf 85' lang='lat' dir='ltr'>Simon,</span> 
     </span>
     <span class='ocr_line' id='line_1_6' title="bbox 83 645 1452 708; baseline -0.004 -16"><span class='ocrx_word' id='word_1_44' title='bbox 83 666 103 688; x_wconf 90' lang='lat'>»</span> <span class='ocrx_word' id='word_1_45' title='bbox 139 663 236 693; x_wconf 87' lang='lat' dir='ltr'>ecce</span> <span class='ocrx_word' id='word_1_46' title='bbox 262 651 436 692; x_wconf 84' lang='lat' dir='ltr'>Satanas</span> <span class='ocrx_word' id='word_1_47' title='bbox 459 649 661 708; x_wconf 81' lang='lat' dir='ltr'>expetivit</span> <span class='ocrx_word' id='word_1_48' title='bbox 690 663 764 692; x_wconf 93' lang='lat' dir='ltr'>vos</span> <span class='ocrx_word' id='word_1_49' title='bbox 789 656 838 691; x_wconf 90' lang='lat' dir='ltr'>ut</span> <span class='ocrx_word' id='word_1_50' title='bbox 868 647 1074 691; x_wconf 76' lang='lat' dir='ltr'>cribraret</span> <span class='ocrx_word' id='word_1_51' title='bbox 1094 647 1204 690; x_wconf 88' lang='lat' dir='ltr'>sicut</span> <span class='ocrx_word' id='word_1_52' title='bbox 1225 645 1416 689; x_wconf 90' lang='lat' dir='ltr'>triticum</span> <span class='ocrx_word' id='word_1_53' title='bbox 1442 663 1452 688; x_wconf 87' lang='lat'>:</span> 
     </span>
     <span class='ocr_line' id='line_1_7' title="bbox 80 716 1453 777; baseline -0.003 -17"><span class='ocrx_word' id='word_1_54' title='bbox 80 736 100 759; x_wconf 88' lang='lat'>»</span> <span class='ocrx_word' id='word_1_55' title='bbox 135 733 215 776; x_wconf 84' lang='lat' dir='ltr'>ego</span> <span class='ocrx_word' id='word_1_56' title='bbox 237 727 382 761; x_wconf 83' lang='lat' dir='ltr'>autem</span> <span class='ocrx_word' id='word_1_57' title='bbox 403 718 548 776; x_wconf 77' lang='lat' dir='ltr'>rogavi</span> <span class='ocrx_word' id='word_1_58' title='bbox 570 734 647 777; x_wconf 83' lang='lat' dir='ltr'>pro</span> <span class='ocrx_word' id='word_1_59' title='bbox 665 727 723 772; x_wconf 90' lang='lat' dir='ltr'>te,</span> <span class='ocrx_word' id='word_1_60' title='bbox 741 727 790 761; x_wconf 90' lang='lat' dir='ltr'>ut</span> <span class='ocrx_word' id='word_1_61' title='bbox 807 733 894 760; x_wconf 88' lang='lat' dir='ltr'>non</span> <span class='ocrx_word' id='word_1_62' title='bbox 912 717 1083 760; x_wconf 81' lang='lat' dir='ltr'>deficiat</span> <span class='ocrx_word' id='word_1_63' title='bbox 1105 716 1210 759; x_wconf 87' lang='lat' dir='ltr'>fides</span> <span class='ocrx_word' id='word_1_64' title='bbox 1232 724 1322 769; x_wconf 88' lang='lat' dir='ltr'>tua,</span> <span class='ocrx_word' id='word_1_65' title='bbox 1342 724 1384 758; x_wconf 91' lang='lat' dir='ltr'>et</span> <span class='ocrx_word' id='word_1_66' title='bbox 1406 723 1453 757; x_wconf 57' lang='lat' dir='ltr'>‘tu</span> 
     </span>
     <span class='ocr_line' id='line_1_8' title="bbox 78 784 1456 847; baseline -0.002 -17"><span class='ocrx_word' id='word_1_67' title='bbox 78 806 98 828; x_wconf 91' lang='lat'>»</span> <span class='ocrx_word' id='word_1_68' title='bbox 134 786 368 847; x_wconf 88' lang='lat' dir='ltr'>aliquando</span> <span class='ocrx_word' id='word_1_69' title='bbox 386 803 632 842; x_wconf 84' lang='lat' dir='ltr'>conversus,</span> <span class='ocrx_word' id='word_1_70' title='bbox 658 788 864 832; x_wconf 80' lang='lat' dir='ltr'>confirma</span> <span class='ocrx_word' id='word_1_71' title='bbox 883 786 1033 830; x_wconf 84' lang='lat' dir='ltr'>fratres</span> <span class='ocrx_word' id='word_1_72' title='bbox 1051 796 1148 830; x_wconf 87' lang='lat' dir='ltr'>tuos</span> <span class='ocrx_word' id='word_1_73' title='bbox 1168 805 1176 830; x_wconf 72' lang='grc' dir='ltr'>ι</span> <span class='ocrx_word' id='word_1_74' title='bbox 1195 804 1214 826; x_wconf 85' lang='lat'>»</span> <span class='ocrx_word' id='word_1_75' title='bbox 1230 795 1333 828; x_wconf 88' lang='lat' dir='ltr'>tunc</span> <span class='ocrx_word' id='word_1_76' title='bbox 1354 784 1456 828; x_wconf 87' lang='lat' dir='ltr'>sub-</span> 
     </span>
     <span class='ocr_line' id='line_1_9' title="bbox 67 857 1453 917; baseline -0.002 -17"><span class='ocrx_word' id='word_1_77' title='bbox 67 858 170 917; x_wconf 86' lang='lat' dir='ltr'>jecit</span> <span class='ocrx_word' id='word_1_78' title='bbox 194 861 369 901; x_wconf 87' lang='lat' dir='ltr'>Petrum</span> <span class='ocrx_word' id='word_1_79' title='bbox 392 857 660 917; x_wconf 85' lang='lat' dir='ltr'>respondisse</span> <span class='ocrx_word' id='word_1_80' title='bbox 684 874 695 901; x_wconf 93' lang='lat'>.·</span> <span class='ocrx_word' id='word_1_81' title='bbox 732 877 751 899; x_wconf 94' lang='lat'>«</span> <span class='ocrx_word' id='word_1_82' title='bbox 773 858 975 911; x_wconf 78' lang='lat' dir='ltr'>Domine,</span> <span class='ocrx_word' id='word_1_83' title='bbox 997 866 1142 900; x_wconf 86' lang='lat' dir='ltr'>tecum</span> <span class='ocrx_word' id='word_1_84' title='bbox 1165 864 1336 914; x_wconf 85' lang='lat' dir='ltr'>paratus</span> <span class='ocrx_word' id='word_1_85' title='bbox 1358 870 1453 898; x_wconf 89' lang='lat' dir='ltr'>sum</span> 
     </span>
     <span class='ocr_line' id='line_1_10' title="bbox 77 924 1450 978; baseline -0.001 -10"><span class='ocrx_word' id='word_1_86' title='bbox 77 945 98 968; x_wconf 72' lang='lat' dir='ltr'>n</span> <span class='ocrx_word' id='word_1_87' title='bbox 132 937 175 971; x_wconf 88' lang='lat' dir='ltr'>et</span> <span class='ocrx_word' id='word_1_88' title='bbox 196 928 238 970; x_wconf 92' lang='lat' dir='ltr'>in</span> <span class='ocrx_word' id='word_1_89' title='bbox 257 943 471 971; x_wconf 79' lang='lat' dir='ltr'>carcerem</span> <span class='ocrx_word' id='word_1_90' title='bbox 495 938 536 971; x_wconf 82' lang='lat' dir='ltr'>et</span> <span class='ocrx_word' id='word_1_91' title='bbox 559 929 602 971; x_wconf 91' lang='lat' dir='ltr'>in</span> <span class='ocrx_word' id='word_1_92' title='bbox 622 937 804 972; x_wconf 87' lang='lat' dir='ltr'>mortem</span> <span class='ocrx_word' id='word_1_93' title='bbox 827 929 901 971; x_wconf 89' lang='lat' dir='ltr'>ire.</span> <span class='ocrx_word' id='word_1_94' title='bbox 920 931 974 971; x_wconf 81' lang='lat' dir='ltr'>Et</span> <span class='ocrx_word' id='word_1_95' title='bbox 997 926 1068 971; x_wconf 90' lang='lat' dir='ltr'>ille</span> <span class='ocrx_word' id='word_1_96' title='bbox 1082 927 1212 970; x_wconf 83' lang='lat' dir='ltr'>dixit:</span> <span class='ocrx_word' id='word_1_97' title='bbox 1233 926 1337 969; x_wconf 87' lang='lat' dir='ltr'>Dico</span> <span class='ocrx_word' id='word_1_98' title='bbox 1356 924 1450 978; x_wconf 88' lang='lat' dir='ltr'>tibi,</span> 
     </span>
     <span class='ocr_line' id='line_1_11' title="bbox 77 995 1454 1055; baseline -0.002 -16"><span class='ocrx_word' id='word_1_99' title='bbox 77 1014 97 1038; x_wconf 73' lang='lat' dir='ltr'>u</span> <span class='ocrx_word' id='word_1_100' title='bbox 135 1000 285 1051; x_wconf 74' lang='lat' dir='ltr'>Fen-e,</span> <span class='ocrx_word' id='word_1_101' title='bbox 311 1013 397 1041; x_wconf 92' lang='lat' dir='ltr'>non</span> <span class='ocrx_word' id='word_1_102' title='bbox 428 998 621 1041; x_wconf 81' lang='lat' dir='ltr'>cantabit</span> <span class='ocrx_word' id='word_1_103' title='bbox 652 996 781 1041; x_wconf 86' lang='lat' dir='ltr'>hodie</span> <span class='ocrx_word' id='word_1_104' title='bbox 817 997 984 1055; x_wconf 81' lang='lat' dir='ltr'>gallus,</span> <span class='ocrx_word' id='word_1_105' title='bbox 1019 996 1158 1040; x_wconf 92' lang='lat' dir='ltr'>donec</span> <span class='ocrx_word' id='word_1_106' title='bbox 1180 1005 1245 1039; x_wconf 86' lang='lat' dir='ltr'>ter</span> <span class='ocrx_word' id='word_1_107' title='bbox 1267 995 1454 1052; x_wconf 81' lang='lat' dir='ltr'>abneges</span> 
     </span>
     <span class='ocr_line' id='line_1_12' title="bbox 77 1065 1456 1120; baseline 0.001 -14"><span class='ocrx_word' id='word_1_108' title='bbox 77 1084 97 1107; x_wconf 90' lang='lat'>»</span> <span class='ocrx_word' id='word_1_109' title='bbox 132 1082 256 1110; x_wconf 87' lang='lat' dir='ltr'>nosse</span> <span class='ocrx_word' id='word_1_110' title='bbox 278 1070 389 1110; x_wconf 68' lang='lat' dir='ltr'>me2.</span> <span class='ocrx_word' id='word_1_111' title='bbox 409 1084 429 1107; x_wconf 86' lang='lat'>»</span> <span class='ocrx_word' id='word_1_112' title='bbox 457 1071 593 1120; x_wconf 88' lang='lat' dir='ltr'>Quam</span> <span class='ocrx_word' id='word_1_113' title='bbox 615 1068 698 1112; x_wconf 93' lang='lat' dir='ltr'>hoc</span> <span class='ocrx_word' id='word_1_114' title='bbox 721 1066 839 1110; x_wconf 86' lang='lat' dir='ltr'>aliud</span> <span class='ocrx_word' id='word_1_115' title='bbox 862 1068 940 1120; x_wconf 85' lang='lat' dir='ltr'>sit,</span> <span class='ocrx_word' id='word_1_116' title='bbox 965 1066 1081 1110; x_wconf 79' lang='lat' dir='ltr'>aliud</span> <span class='ocrx_word' id='word_1_117' title='bbox 1103 1065 1212 1109; x_wconf 77' lang='lat' dir='ltr'>illud</span> <span class='ocrx_word' id='word_1_118' title='bbox 1235 1065 1351 1109; x_wconf 88' lang='lat' dir='ltr'>unde</span> <span class='ocrx_word' id='word_1_119' title='bbox 1374 1068 1456 1108; x_wconf 90' lang='lat' dir='ltr'>Pe-</span> 
     </span>
     <span class='ocr_line' id='line_1_13' title="bbox 75 1134 1455 1196; baseline -0.002 -16"><span class='ocrx_word' id='word_1_120' title='bbox 75 1145 166 1180; x_wconf 88' lang='lat' dir='ltr'>trus</span> <span class='ocrx_word' id='word_1_121' title='bbox 190 1136 244 1181; x_wconf 86' lang='lat' dir='ltr'>ad</span> <span class='ocrx_word' id='word_1_122' title='bbox 266 1136 617 1195; x_wconf 76' lang='lat' dir='ltr'>praesumendum</span> <span class='ocrx_word' id='word_1_123' title='bbox 642 1146 862 1196; x_wconf 78' lang='lat' dir='ltr'>permotus</span> <span class='ocrx_word' id='word_1_124' title='bbox 879 1137 952 1191; x_wconf 89' lang='lat' dir='ltr'>sit,</span> <span class='ocrx_word' id='word_1_125' title='bbox 978 1137 1073 1195; x_wconf 79' lang='lat' dir='ltr'>quis</span> <span class='ocrx_word' id='word_1_126' title='bbox 1093 1152 1179 1180; x_wconf 90' lang='lat' dir='ltr'>non</span> <span class='ocrx_word' id='word_1_127' title='bbox 1201 1134 1376 1178; x_wconf 71' lang='lat' dir='ltr'>videat?</span> <span class='ocrx_word' id='word_1_128' title='bbox 1399 1137 1455 1177; x_wconf 77' lang='lat' dir='ltr'>At</span> 
     </span>
     <span class='ocr_line' id='line_1_14' title="bbox 72 1203 1454 1265; baseline -0.003 -16"><span class='ocrx_word' id='word_1_129' title='bbox 72 1221 175 1250; x_wconf 86' lang='lat' dir='ltr'>vero</span> <span class='ocrx_word' id='word_1_130' title='bbox 208 1207 439 1250; x_wconf 80' lang='lat' dir='ltr'>Matthaeus</span> <span class='ocrx_word' id='word_1_131' title='bbox 466 1226 473 1250; x_wconf 91' lang='lat'><strong>:</strong></span> <span class='ocrx_word' id='word_1_132' title='bbox 505 1226 523 1248; x_wconf 92' lang='lat'>«</span> <span class='ocrx_word' id='word_1_133' title='bbox 549 1210 606 1250; x_wconf 88' lang='lat' dir='ltr'>Et</span> <span class='ocrx_word' id='word_1_134' title='bbox 636 1208 801 1264; x_wconf 90' lang='lat' dir='ltr'>hymno</span> <span class='ocrx_word' id='word_1_135' title='bbox 832 1206 972 1259; x_wconf 74' lang='lat' dir='ltr'>dicto,</span> <span class='ocrx_word' id='word_1_136' title='bbox 999 1206 1167 1265; x_wconf 80' lang='lat' dir='ltr'>inquit,</span> <span class='ocrx_word' id='word_1_137' title='bbox 1194 1204 1388 1248; x_wconf 88' lang='lat' dir='ltr'>exierunt</span> <span class='ocrx_word' id='word_1_138' title='bbox 1410 1203 1454 1246; x_wconf 92' lang='lat' dir='ltr'>in</span> 
     </span>
     <span class='ocr_line' id='line_1_15' title="bbox 75 1276 1454 1321; baseline 0.001 -4"><span class='ocrx_word' id='word_1_139' title='bbox 75 1295 96 1318; x_wconf 78' lang='lat'>&gt;›</span> <span class='ocrx_word' id='word_1_140' title='bbox 131 1285 323 1321; x_wconf 90' lang='lat' dir='ltr'>montem</span> <span class='ocrx_word' id='word_1_141' title='bbox 346 1277 517 1320; x_wconf 89' lang='lat' dir='ltr'>Oliveti.</span> <span class='ocrx_word' id='word_1_142' title='bbox 532 1280 653 1321; x_wconf 90' lang='lat' dir='ltr'>Tunc</span> <span class='ocrx_word' id='word_1_143' title='bbox 668 1277 772 1321; x_wconf 87' lang='lat' dir='ltr'>dicit</span> <span class='ocrx_word' id='word_1_144' title='bbox 792 1276 876 1321; x_wconf 88' lang='lat' dir='ltr'>illis</span> <span class='ocrx_word' id='word_1_145' title='bbox 895 1280 1017 1321; x_wconf 86' lang='lat' dir='ltr'>Jesus</span> <span class='ocrx_word' id='word_1_146' title='bbox 1034 1296 1042 1320; x_wconf 80' lang='lat'>2</span> <span class='ocrx_word' id='word_1_147' title='bbox 1063 1278 1222 1319; x_wconf 83' lang='lat' dir='ltr'>Omnes</span> <span class='ocrx_word' id='word_1_148' title='bbox 1238 1291 1312 1319; x_wconf 89' lang='lat' dir='ltr'>vos</span> <span class='ocrx_word' id='word_1_149' title='bbox 1328 1291 1454 1319; x_wconf 82' lang='lat' dir='ltr'>scan-</span> 
     </span>
     <span class='ocr_line' id='line_1_16' title="bbox 76 1346 1451 1404; baseline 0.003 -18"><span class='ocrx_word' id='word_1_150' title='bbox 76 1364 96 1387; x_wconf 90' lang='lat'>»</span> <span class='ocrx_word' id='word_1_151' title='bbox 132 1346 277 1390; x_wconf 87' lang='lat' dir='ltr'>dalum</span> <span class='ocrx_word' id='word_1_152' title='bbox 295 1347 516 1404; x_wconf 83' lang='lat' dir='ltr'>patiemini</span> <span class='ocrx_word' id='word_1_153' title='bbox 538 1347 581 1390; x_wconf 90' lang='lat' dir='ltr'>in</span> <span class='ocrx_word' id='word_1_154' title='bbox 600 1363 668 1390; x_wconf 90' lang='lat' dir='ltr'>me</span> <span class='ocrx_word' id='word_1_155' title='bbox 684 1348 728 1390; x_wconf 91' lang='lat' dir='ltr'>in</span> <span class='ocrx_word' id='word_1_156' title='bbox 747 1347 825 1390; x_wconf 85' lang='lat' dir='ltr'>ista</span> <span class='ocrx_word' id='word_1_157' title='bbox 840 1356 980 1390; x_wconf 90' lang='lat' dir='ltr'>nocte.</span> <span class='ocrx_word' id='word_1_158' title='bbox 998 1346 1214 1404; x_wconf 85' lang='lat' dir='ltr'>Scriptum</span> <span class='ocrx_word' id='word_1_159' title='bbox 1236 1356 1298 1389; x_wconf 91' lang='lat' dir='ltr'>est</span> <span class='ocrx_word' id='word_1_160' title='bbox 1315 1347 1451 1394; x_wconf 85' lang='lat' dir='ltr'>enim:</span> 
     </span>
     <span class='ocr_line' id='line_1_17' title="bbox 76 1416 1456 1475; baseline 0.004 -18"><span class='ocrx_word' id='word_1_161' title='bbox 76 1433 96 1456; x_wconf 87' lang='lat'>»</span> <span class='ocrx_word' id='word_1_162' title='bbox 132 1416 375 1459; x_wconf 84' lang='lat' dir='ltr'>Percutiam</span> <span class='ocrx_word' id='word_1_163' title='bbox 400 1425 632 1474; x_wconf 81' lang='lat' dir='ltr'>pastorem,</span> <span class='ocrx_word' id='word_1_164' title='bbox 654 1426 695 1460; x_wconf 90' lang='lat' dir='ltr'>et</span> <span class='ocrx_word' id='word_1_165' title='bbox 717 1416 1020 1475; x_wconf 80' lang='lat' dir='ltr'>dispergentur</span> <span class='ocrx_word' id='word_1_166' title='bbox 1042 1431 1141 1460; x_wconf 90' lang='lat' dir='ltr'>oves</span> <span class='ocrx_word' id='word_1_167' title='bbox 1165 1417 1318 1474; x_wconf 75' lang='lat' dir='ltr'>gregis.</span> <span class='ocrx_word' id='word_1_168' title='bbox 1334 1421 1456 1462; x_wconf 88' lang='lat' dir='ltr'>Post-</span> 
     </span>
     <span class='ocr_line' id='line_1_18' title="bbox 76 1486 1450 1544; baseline 0.001 -17"><span class='ocrx_word' id='word_1_169' title='bbox 76 1503 96 1526; x_wconf 83' lang='lat'>»</span> <span class='ocrx_word' id='word_1_170' title='bbox 131 1500 261 1544; x_wconf 85' lang='lat' dir='ltr'>quam</span> <span class='ocrx_word' id='word_1_171' title='bbox 287 1494 431 1528; x_wconf 84' lang='lat' dir='ltr'>autem</span> <span class='ocrx_word' id='word_1_172' title='bbox 447 1501 734 1540; x_wconf 77' lang='lat' dir='ltr'>resurrexero,</span> <span class='ocrx_word' id='word_1_173' title='bbox 751 1486 990 1544; x_wconf 78' lang='lat' dir='ltr'>praecedam</span> <span class='ocrx_word' id='word_1_174' title='bbox 1005 1501 1079 1529; x_wconf 89' lang='lat' dir='ltr'>vos</span> <span class='ocrx_word' id='word_1_175' title='bbox 1099 1486 1373 1530; x_wconf 75' lang='lat' dir='ltr'>inGalilaeam</span> <span class='ocrx_word' id='word_1_176' title='bbox 1390 1489 1450 1531; x_wconf 77' lang='lat'>³.»</span> 
     </span>
     <span class='ocr_line' id='line_1_19' title="bbox 76 1554 1456 1613; baseline 0.001 -15"><span class='ocrx_word' id='word_1_177' title='bbox 76 1554 143 1598; x_wconf 93' lang='lat' dir='ltr'>Sic</span> <span class='ocrx_word' id='word_1_178' title='bbox 160 1569 332 1613; x_wconf 87' lang='lat' dir='ltr'>prorsus</span> <span class='ocrx_word' id='word_1_179' title='bbox 354 1563 397 1597; x_wconf 91' lang='lat' dir='ltr'>et</span> <span class='ocrx_word' id='word_1_180' title='bbox 416 1557 630 1598; x_wconf 38' lang='lat' dir='ltr'>Marcus&amp;</span> <span class='ocrx_word' id='word_1_181' title='bbox 652 1555 767 1607; x_wconf 87' lang='lat' dir='ltr'>Quid</span> <span class='ocrx_word' id='word_1_182' title='bbox 786 1555 951 1598; x_wconf 88' lang='lat' dir='ltr'>habent</span> <span class='ocrx_word' id='word_1_183' title='bbox 973 1556 1100 1598; x_wconf 87' lang='lat' dir='ltr'>etiam</span> <span class='ocrx_word' id='word_1_184' title='bbox 1123 1556 1217 1599; x_wconf 80' lang='lat' dir='ltr'>haec</span> <span class='ocrx_word' id='word_1_185' title='bbox 1234 1556 1366 1599; x_wconf 82' lang='lat' dir='ltr'>verba</span> <span class='ocrx_word' id='word_1_186' title='bbox 1389 1556 1456 1600; x_wconf 90' lang='lat' dir='ltr'>vel</span> 
     </span>
     <span class='ocr_line' id='line_1_20' title="bbox 73 1624 1455 1684; baseline 0.001 -16"><span class='ocrx_word' id='word_1_187' title='bbox 73 1625 296 1668; x_wconf 73' lang='lat' dir='ltr'>sententiae</span> <span class='ocrx_word' id='word_1_188' title='bbox 314 1624 449 1667; x_wconf 88' lang='lat' dir='ltr'>simile</span> <span class='ocrx_word' id='word_1_189' title='bbox 467 1625 548 1667; x_wconf 89' lang='lat' dir='ltr'>illis</span> <span class='ocrx_word' id='word_1_190' title='bbox 564 1660 574 1678; x_wconf 85' lang='lat'>,</span> <span class='ocrx_word' id='word_1_191' title='bbox 600 1625 668 1668; x_wconf 90' lang='lat' dir='ltr'>vel</span> <span class='ocrx_word' id='word_1_192' title='bbox 686 1625 844 1684; x_wconf 87' lang='lat' dir='ltr'>quibus</span> <span class='ocrx_word' id='word_1_193' title='bbox 867 1625 1106 1668; x_wconf 90' lang='lat' dir='ltr'>secundum</span> <span class='ocrx_word' id='word_1_194' title='bbox 1127 1628 1361 1680; x_wconf 86' lang='lat' dir='ltr'>Joannem,</span> <span class='ocrx_word' id='word_1_195' title='bbox 1386 1626 1455 1669; x_wconf 90' lang='lat' dir='ltr'>vel</span> 
     </span>
     <span class='ocr_line' id='line_1_21' title="bbox 73 1693 1455 1754; baseline 0.001 -18"><span class='ocrx_word' id='word_1_196' title='bbox 73 1694 233 1754; x_wconf 87' lang='lat' dir='ltr'>quibus</span> <span class='ocrx_word' id='word_1_197' title='bbox 254 1694 494 1738; x_wconf 90' lang='lat' dir='ltr'>secundum</span> <span class='ocrx_word' id='word_1_198' title='bbox 508 1698 671 1738; x_wconf 81' lang='lat' dir='ltr'>Lucam</span> <span class='ocrx_word' id='word_1_199' title='bbox 687 1730 701 1748; x_wconf 85' lang='lat'>,</span> <span class='ocrx_word' id='word_1_200' title='bbox 727 1698 878 1738; x_wconf 85' lang='lat' dir='ltr'>Petrus</span> <span class='ocrx_word' id='word_1_201' title='bbox 903 1693 1050 1737; x_wconf 88' lang='lat' dir='ltr'>retulit</span> <span class='ocrx_word' id='word_1_202' title='bbox 1069 1696 1455 1754; x_wconf 76' lang='lat' dir='ltr'>praesumptionem</span> 
     </span>
     <span class='ocr_line' id='line_1_22' title="bbox 73 1764 1456 1823; baseline 0.001 -16"><span class='ocrx_word' id='word_1_203' title='bbox 73 1765 223 1807; x_wconf 79' lang='lat' dir='ltr'>suam?</span> <span class='ocrx_word' id='word_1_204' title='bbox 246 1767 301 1807; x_wconf 85' lang='lat' dir='ltr'>Et</span> <span class='ocrx_word' id='word_1_205' title='bbox 322 1764 391 1807; x_wconf 91' lang='lat' dir='ltr'>hic</span> <span class='ocrx_word' id='word_1_206' title='bbox 407 1779 509 1821; x_wconf 81' lang='lat' dir='ltr'>ergo</span> <span class='ocrx_word' id='word_1_207' title='bbox 532 1764 590 1808; x_wconf 80' lang='lat' dir='ltr'>ita</span> <span class='ocrx_word' id='word_1_208' title='bbox 612 1764 807 1823; x_wconf 86' lang='lat' dir='ltr'>sequitur</span> <span class='ocrx_word' id='word_1_209' title='bbox 830 1783 837 1807; x_wconf 71' lang='grc' dir='ltr'>ε</span> <span class='ocrx_word' id='word_1_210' title='bbox 863 1783 882 1805; x_wconf 89' lang='lat'>«</span> <span class='ocrx_word' id='word_1_211' title='bbox 909 1765 1190 1823; x_wconf 80' lang='lat' dir='ltr'>Respondens</span> <span class='ocrx_word' id='word_1_212' title='bbox 1211 1774 1355 1807; x_wconf 88' lang='lat' dir='ltr'>autem</span> <span class='ocrx_word' id='word_1_213' title='bbox 1380 1769 1456 1808; x_wconf 92' lang='lat' dir='ltr'>Pe-</span> 
     </span>
     <span class='ocr_line' id='line_1_23' title="bbox 76 1832 1455 1893; baseline 0.001 -17"><span class='ocrx_word' id='word_1_214' title='bbox 76 1852 96 1874; x_wconf 87' lang='lat'>»</span> <span class='ocrx_word' id='word_1_215' title='bbox 132 1843 242 1888; x_wconf 86' lang='lat' dir='ltr'>trus,</span> <span class='ocrx_word' id='word_1_216' title='bbox 264 1833 323 1877; x_wconf 87' lang='lat' dir='ltr'>ait</span> <span class='ocrx_word' id='word_1_217' title='bbox 339 1832 401 1876; x_wconf 88' lang='lat' dir='ltr'>illi</span> <span class='ocrx_word' id='word_1_218' title='bbox 420 1852 429 1877; x_wconf 91' lang='lat'>:</span> <span class='ocrx_word' id='word_1_219' title='bbox 454 1836 510 1877; x_wconf 88' lang='lat' dir='ltr'>Et</span> <span class='ocrx_word' id='word_1_220' title='bbox 532 1835 563 1876; x_wconf 88' lang='lat' dir='ltr'>si</span> <span class='ocrx_word' id='word_1_221' title='bbox 586 1849 734 1877; x_wconf 86' lang='lat' dir='ltr'>omnes</span> <span class='ocrx_word' id='word_1_222' title='bbox 760 1833 1033 1877; x_wconf 76' lang='lat' dir='ltr'>scandalizati</span> <span class='ocrx_word' id='word_1_223' title='bbox 1055 1833 1218 1877; x_wconf 89' lang='lat' dir='ltr'>fuerint</span> <span class='ocrx_word' id='word_1_224' title='bbox 1236 1836 1279 1877; x_wconf 88' lang='lat' dir='ltr'>in</span> <span class='ocrx_word' id='word_1_225' title='bbox 1301 1844 1358 1888; x_wconf 80' lang='lat' dir='ltr'>te,</span> <span class='ocrx_word' id='word_1_226' title='bbox 1375 1850 1455 1893; x_wconf 80' lang='lat' dir='ltr'>ego</span> 
     </span>
     <span class='ocr_line' id='line_1_24' title="bbox 76 1902 1451 1962; baseline 0.004 -20"><span class='ocrx_word' id='word_1_227' title='bbox 76 1922 95 1943; x_wconf 84' lang='lat'>»</span> <span class='ocrx_word' id='word_1_228' title='bbox 131 1919 357 1962; x_wconf 82' lang='lat' dir='ltr'>nunquam</span> <span class='ocrx_word' id='word_1_229' title='bbox 375 1902 714 1947; x_wconf 82' lang='lat' dir='ltr'>scandalizabor.</span> <span class='ocrx_word' id='word_1_230' title='bbox 732 1903 803 1947; x_wconf 82' lang='lat' dir='ltr'>Ait</span> <span class='ocrx_word' id='word_1_231' title='bbox 820 1903 881 1946; x_wconf 87' lang='lat' dir='ltr'>illi</span> <span class='ocrx_word' id='word_1_232' title='bbox 905 1906 1026 1946; x_wconf 86' lang='lat' dir='ltr'>Jesus</span> <span class='ocrx_word' id='word_1_233' title='bbox 1048 1923 1055 1947; x_wconf 78' lang='lat'>2</span> <span class='ocrx_word' id='word_1_234' title='bbox 1080 1907 1219 1947; x_wconf 85' lang='lat' dir='ltr'>Amen</span> <span class='ocrx_word' id='word_1_235' title='bbox 1238 1902 1334 1947; x_wconf 89' lang='lat' dir='ltr'>dico</span> <span class='ocrx_word' id='word_1_236' title='bbox 1358 1905 1451 1959; x_wconf 86' lang='lat' dir='ltr'>tibi,</span> 
     </span>
     <span class='ocr_line' id='line_1_25' title="bbox 76 1973 1453 2033; baseline 0.003 -20"><span class='ocrx_word' id='word_1_237' title='bbox 76 1992 94 2013; x_wconf 91' lang='lat'>»</span> <span class='ocrx_word' id='word_1_238' title='bbox 131 1973 231 2032; x_wconf 82' lang='lat' dir='ltr'>quia</span> <span class='ocrx_word' id='word_1_239' title='bbox 252 1973 295 2016; x_wconf 90' lang='lat' dir='ltr'>in</span> <span class='ocrx_word' id='word_1_240' title='bbox 316 1973 398 2016; x_wconf 89' lang='lat' dir='ltr'>hac</span> <span class='ocrx_word' id='word_1_241' title='bbox 420 1982 569 2027; x_wconf 86' lang='lat' dir='ltr'>nocte,</span> <span class='ocrx_word' id='word_1_242' title='bbox 595 1982 829 2033; x_wconf 83' lang='lat' dir='ltr'>antequam</span> <span class='ocrx_word' id='word_1_243' title='bbox 853 1973 990 2031; x_wconf 83' lang='lat' dir='ltr'>gallus</span> <span class='ocrx_word' id='word_1_244' title='bbox 1013 1982 1172 2027; x_wconf 83' lang='lat' dir='ltr'>cantet,</span> <span class='ocrx_word' id='word_1_245' title='bbox 1199 1983 1263 2017; x_wconf 89' lang='lat' dir='ltr'>ter</span> <span class='ocrx_word' id='word_1_246' title='bbox 1285 1989 1356 2022; x_wconf 83' lang='lat' dir='ltr'>me</span> <span class='ocrx_word' id='word_1_247' title='bbox 1376 1989 1453 2017; x_wconf 88' lang='lat' dir='ltr'>nc·-</span> 
     </span>
     <span class='ocr_line' id='line_1_26' title="bbox 77 2041 1454 2101; baseline 0.004 -19"><span class='ocrx_word' id='word_1_248' title='bbox 77 2060 96 2082; x_wconf 89' lang='lat'>»</span> <span class='ocrx_word' id='word_1_249' title='bbox 131 2043 264 2100; x_wconf 81' lang='lat' dir='ltr'>gabis.</span> <span class='ocrx_word' id='word_1_250' title='bbox 291 2044 363 2086; x_wconf 79' lang='lat' dir='ltr'>Ait</span> <span class='ocrx_word' id='word_1_251' title='bbox 384 2041 444 2086; x_wconf 90' lang='lat' dir='ltr'>illi</span> <span class='ocrx_word' id='word_1_252' title='bbox 470 2046 620 2086; x_wconf 89' lang='lat' dir='ltr'>Petrus</span> <span class='ocrx_word' id='word_1_253' title='bbox 646 2061 655 2088; x_wconf 71' lang='grc' dir='ltr'>ε</span> <span class='ocrx_word' id='word_1_254' title='bbox 685 2043 863 2086; x_wconf 87' lang='lat' dir='ltr'>Etiamsi</span> <span class='ocrx_word' id='word_1_255' title='bbox 887 2043 1128 2101; x_wconf 88' lang='lat' dir='ltr'>oportuerit</span> <span class='ocrx_word' id='word_1_256' title='bbox 1151 2058 1218 2085; x_wconf 90' lang='lat' dir='ltr'>me</span> <span class='ocrx_word' id='word_1_257' title='bbox 1246 2045 1353 2087; x_wconf 91' lang='lat' dir='ltr'>mori</span> <span class='ocrx_word' id='word_1_258' title='bbox 1389 2053 1454 2087; x_wconf 86' lang='lat' dir='ltr'>te-</span> 
     </span>
     <span class='ocr_line' id='line_1_27' title="bbox 76 2112 1456 2172; baseline 0.002 -19"><span class='ocrx_word' id='word_1_259' title='bbox 76 2131 95 2153; x_wconf 84' lang='lat'>»</span> <span class='ocrx_word' id='word_1_260' title='bbox 131 2128 253 2167; x_wconf 86' lang='lat' dir='ltr'>cum,</span> <span class='ocrx_word' id='word_1_261' title='bbox 278 2128 367 2156; x_wconf 91' lang='lat' dir='ltr'>non</span> <span class='ocrx_word' id='word_1_262' title='bbox 390 2121 432 2156; x_wconf 87' lang='lat' dir='ltr'>te</span> <span class='ocrx_word' id='word_1_263' title='bbox 454 2113 637 2171; x_wconf 79' lang='lat' dir='ltr'>negabo.</span> <span class='ocrx_word' id='word_1_264' title='bbox 658 2112 863 2157; x_wconf 85' lang='lat' dir='ltr'>Similiter</span> <span class='ocrx_word' id='word_1_265' title='bbox 880 2122 922 2156; x_wconf 92' lang='lat' dir='ltr'>et</span> <span class='ocrx_word' id='word_1_266' title='bbox 945 2128 1094 2156; x_wconf 91' lang='lat' dir='ltr'>omnes</span> <span class='ocrx_word' id='word_1_267' title='bbox 1114 2113 1321 2172; x_wconf 87' lang='lat' dir='ltr'>Discipuli</span> <span class='ocrx_word' id='word_1_268' title='bbox 1336 2112 1456 2157; x_wconf 84' lang='lat' dir='ltr'>dixe-</span> 
     </span>
     <span class='ocr_line' id='line_1_28' title="bbox 77 2183 332 2225; baseline -0.004 -1"><span class='ocrx_word' id='word_1_269' title='bbox 77 2201 96 2224; x_wconf 79' lang='lat'>»</span> <span class='ocrx_word' id='word_1_270' title='bbox 135 2191 234 2225; x_wconf 79' lang='lat' dir='ltr'>runt</span> <span class='ocrx_word' id='word_1_271' title='bbox 253 2183 284 2225; x_wconf 85' lang='lat'>⁵.</span> <span class='ocrx_word' id='word_1_272' title='bbox 312 2200 332 2223; x_wconf 67' lang='grc' dir='ltr'><strong>η</strong></span> 
     </span>
    </p>

    <p class='ocr_par' dir='ltr' id='par_1_3' title="bbox 73 2251 1454 2522">
     <span class='ocr_line' id='line_1_29' title="bbox 131 2251 1450 2310; baseline 0.002 -15"><span class='ocrx_word' id='word_1_273' title='bbox 131 2255 228 2296; x_wconf 87' lang='lat' dir='ltr'><strong>VII.</strong></span> <span class='ocrx_word' id='word_1_274' title='bbox 256 2254 358 2294; x_wconf 81' lang='lat' dir='ltr'>Haec</span> <span class='ocrx_word' id='word_1_275' title='bbox 381 2266 491 2310; x_wconf 88' lang='lat' dir='ltr'>pene</span> <span class='ocrx_word' id='word_1_276' title='bbox 512 2252 610 2310; x_wconf 89' lang='lat' dir='ltr'>ipsis</span> <span class='ocrx_word' id='word_1_277' title='bbox 628 2251 769 2295; x_wconf 87' lang='lat' dir='ltr'>verbis</span> <span class='ocrx_word' id='word_1_278' title='bbox 787 2252 917 2296; x_wconf 84' lang='lat' dir='ltr'>etiam</span> <span class='ocrx_word' id='word_1_279' title='bbox 936 2255 1106 2296; x_wconf 87' lang='lat' dir='ltr'>Marcus</span> <span class='ocrx_word' id='word_1_280' title='bbox 1123 2262 1450 2307; x_wconf 81' lang='lat' dir='ltr'>commemorat,</span> 
     </span>
     <span class='ocr_line' id='line_1_30' title="bbox 73 2321 1454 2384; baseline 0.001 -18"><span class='ocrx_word' id='word_1_281' title='bbox 73 2321 154 2366; x_wconf 90' lang='lat' dir='ltr'>nisi</span> <span class='ocrx_word' id='word_1_282' title='bbox 175 2322 295 2381; x_wconf 86' lang='lat' dir='ltr'>quod</span> <span class='ocrx_word' id='word_1_283' title='bbox 327 2337 416 2366; x_wconf 90' lang='lat' dir='ltr'>non</span> <span class='ocrx_word' id='word_1_284' title='bbox 440 2323 696 2381; x_wconf 82' lang='lat' dir='ltr'>generaliter</span> <span class='ocrx_word' id='word_1_285' title='bbox 711 2358 721 2377; x_wconf 90' lang='lat'>,</span> <span class='ocrx_word' id='word_1_286' title='bbox 760 2322 835 2366; x_wconf 90' lang='lat' dir='ltr'>sed</span> <span class='ocrx_word' id='word_1_287' title='bbox 858 2323 1102 2368; x_wconf 85' lang='lat' dir='ltr'>distinctius</span> <span class='ocrx_word' id='word_1_288' title='bbox 1119 2360 1129 2379; x_wconf 90' lang='lat'>,</span> <span class='ocrx_word' id='word_1_289' title='bbox 1168 2325 1454 2384; x_wconf 88' lang='lat' dir='ltr'>quemadmo-</span> 
     </span>
     <span class='ocr_line' id='line_1_31' title="bbox 73 2390 1454 2451; baseline 0.003 -17"><span class='ocrx_word' id='word_1_290' title='bbox 73 2391 179 2435; x_wconf 88' lang='lat' dir='ltr'>dum</span> <span class='ocrx_word' id='word_1_291' title='bbox 203 2390 400 2435; x_wconf 90' lang='lat' dir='ltr'>futurum</span> <span class='ocrx_word' id='word_1_292' title='bbox 417 2401 552 2444; x_wconf 82' lang='lat' dir='ltr'>esset,</span> <span class='ocrx_word' id='word_1_293' title='bbox 579 2393 785 2451; x_wconf 81' lang='lat' dir='ltr'>expressit</span> <span class='ocrx_word' id='word_1_294' title='bbox 801 2392 967 2436; x_wconf 88' lang='lat' dir='ltr'>dictum</span> <span class='ocrx_word' id='word_1_295' title='bbox 986 2409 1009 2436; x_wconf 85' lang='lat' dir='ltr'>a</span> <span class='ocrx_word' id='word_1_296' title='bbox 1028 2394 1212 2437; x_wconf 86' lang='lat' dir='ltr'>Domino</span> <span class='ocrx_word' id='word_1_297' title='bbox 1234 2414 1241 2437; x_wconf 93' lang='lat'>:</span> <span class='ocrx_word' id='word_1_298' title='bbox 1271 2413 1289 2434; x_wconf 95' lang='lat'>«</span> <span class='ocrx_word' id='word_1_299' title='bbox 1317 2398 1454 2438; x_wconf 77' lang='lat' dir='ltr'>Amen</span> 
     </span>
     <span class='ocr_line' id='line_1_32' title="bbox 77 2460 1454 2522; baseline 0.004 -19"><span class='ocrx_word' id='word_1_300' title='bbox 77 2480 96 2503; x_wconf 75' lang='lat' dir='ltr'>n</span> <span class='ocrx_word' id='word_1_301' title='bbox 132 2460 230 2504; x_wconf 88' lang='lat' dir='ltr'>dico</span> <span class='ocrx_word' id='word_1_302' title='bbox 249 2461 453 2520; x_wconf 81' lang='lat' dir='ltr'>tibi,quia</span> <span class='ocrx_word' id='word_1_303' title='bbox 469 2471 517 2504; x_wconf 87' lang='lat' dir='ltr'>tu</span> <span class='ocrx_word' id='word_1_304' title='bbox 536 2462 664 2505; x_wconf 82' lang='lat' dir='ltr'>hodie</span> <span class='ocrx_word' id='word_1_305' title='bbox 684 2463 727 2505; x_wconf 89' lang='lat' dir='ltr'>in</span> <span class='ocrx_word' id='word_1_306' title='bbox 748 2461 874 2506; x_wconf 86' lang='lat' dir='ltr'>nocte</span> <span class='ocrx_word' id='word_1_307' title='bbox 894 2464 986 2515; x_wconf 78' lang='lat' dir='ltr'>hac,</span> <span class='ocrx_word' id='word_1_308' title='bbox 1001 2464 1118 2522; x_wconf 85' lang='lat' dir='ltr'>prius</span> <span class='ocrx_word' id='word_1_309' title='bbox 1139 2479 1268 2522; x_wconf 82' lang='lat' dir='ltr'>quam</span> <span class='ocrx_word' id='word_1_310' title='bbox 1286 2464 1349 2507; x_wconf 91' lang='lat' dir='ltr'>bis</span> <span class='ocrx_word' id='word_1_311' title='bbox 1369 2464 1454 2522; x_wconf 79' lang='lat' dir='ltr'>gal-</span> 
     </span>
    </p>
   </div>
   <div class='ocr_carea' id='block_1_3' title="bbox 28 2555 1450 2654">
    <p class='ocr_par' dir='ltr' id='par_1_4' title="bbox 28 2555 1450 2654">
     <span class='ocr_line' id='line_1_33' title="bbox 122 2555 1450 2599; baseline 0.002 -13"><span class='ocrx_word' id='word_1_312' title='bbox 122 2562 130 2578; x_wconf 90' lang='lat'>¹</span> <span class='ocrx_word' id='word_1_313' title='bbox 156 2558 247 2587; x_wconf 83' lang='lat' dir='ltr'>Joan.</span> <span class='ocrx_word' id='word_1_314' title='bbox 275 2566 345 2597; x_wconf 81' lang='lat' dir='ltr'>xm,</span> <span class='ocrx_word' id='word_1_315' title='bbox 365 2555 482 2597; x_wconf 82' lang='lat'>33-37.</span> <span class='ocrx_word' id='word_1_316' title='bbox 512 2573 552 2577; x_wconf 90' lang='lat'>—</span> <span class='ocrx_word' id='word_1_317' title='bbox 574 2563 585 2578; x_wconf 85' lang='lat'>²</span> <span class='ocrx_word' id='word_1_318' title='bbox 606 2558 682 2588; x_wconf 86' lang='lat' dir='ltr'>Luc.</span> <span class='ocrx_word' id='word_1_319' title='bbox 706 2568 782 2595; x_wconf 70' lang='lat' dir='ltr'>xxii,</span> <span class='ocrx_word' id='word_1_320' title='bbox 803 2556 915 2598; x_wconf 64' lang='lat'>31-3.‘4.</span> <span class='ocrx_word' id='word_1_321' title='bbox 938 2574 977 2579; x_wconf 92' lang='lat'>—-</span> <span class='ocrx_word' id='word_1_322' title='bbox 1001 2555 1098 2589; x_wconf 77' lang='lat' dir='ltr'>3Zac.</span> <span class='ocrx_word' id='word_1_323' title='bbox 1128 2568 1195 2594; x_wconf 77' lang='lat' dir='ltr'>xm,</span> <span class='ocrx_word' id='word_1_324' title='bbox 1219 2569 1258 2599; x_wconf 83' lang='lat'>7,</span> <span class='ocrx_word' id='word_1_325' title='bbox 1285 2564 1312 2589; x_wconf 80' lang='lat' dir='ltr'>e!</span> <span class='ocrx_word' id='word_1_326' title='bbox 1336 2559 1450 2590; x_wconf 69' lang='lat' dir='ltr'>Manli.</span> 
     </span>
     <span class='ocr_line' id='line_1_34' title="bbox 28 2609 1301 2654; baseline 0.002 -13"><span class='ocrx_word' id='word_1_327' title='bbox 28 2638 33 2645; x_wconf 77' lang='grc'>,</span> <span class='ocrx_word' id='word_1_328' title='bbox 75 2620 161 2651; x_wconf 73' lang='lat' dir='ltr'>xxvi,</span> <span class='ocrx_word' id='word_1_329' title='bbox 183 2610 296 2643; x_wconf 78' lang='lat'><strong>30-32.</strong></span> <span class='ocrx_word' id='word_1_330' title='bbox 317 2627 356 2633; x_wconf 92' lang='lat'><strong>—</strong></span> <span class='ocrx_word' id='word_1_331' title='bbox 371 2609 386 2639; x_wconf 76' lang='grc'>4</span> <span class='ocrx_word' id='word_1_332' title='bbox 405 2612 507 2642; x_wconf 71' lang='lat' dir='ltr'>Marc.</span> <span class='ocrx_word' id='word_1_333' title='bbox 530 2622 595 2650; x_wconf 70' lang='lat' dir='ltr'>xiv,</span> <span class='ocrx_word' id='word_1_334' title='bbox 616 2612 671 2652; x_wconf 71' lang='lat'>26,</span> <span class='ocrx_word' id='word_1_335' title='bbox 691 2616 723 2642; x_wconf 77' lang='lat' dir='ltr'>ct</span> <span class='ocrx_word' id='word_1_336' title='bbox 737 2623 823 2654; x_wconf 84' lang='lat' dir='ltr'>seqq.</span> <span class='ocrx_word' id='word_1_337' title='bbox 846 2629 885 2634; x_wconf 91' lang='lat'>—</span> <span class='ocrx_word' id='word_1_338' title='bbox 907 2610 919 2632; x_wconf 67' lang='lat'><em>5</em></span> <span class='ocrx_word' id='word_1_339' title='bbox 938 2612 1056 2644; x_wconf 76' lang='lat' dir='ltr'>Matth.</span> <span class='ocrx_word' id='word_1_340' title='bbox 1080 2623 1162 2652; x_wconf 79' lang='lat' dir='ltr'>xxvi,</span> <span class='ocrx_word' id='word_1_341' title='bbox 1183 2612 1301 2644; x_wconf 75' lang='lat'>33-35.</span> 
     </span>
    </p>
   </div>
  </div>
 </body>
</html>
