1819 3301
328 308 383 347 54
762 316 797 345 s.
833 316 1064 345 Aucusnm
1098 316 1280 344 nmscom

317 386 382 431 ‚rit
405 383 530 428 Pilati
560 382 633 427 illa
655 383 877 427 cunctatio
906 391 950 426 et
972 382 1185 426 recusatio
1206 390 1295 426 tam
1323 378 1435 426 foedi
1455 379 1682 424 ministerii
1705 398 1715 424 ε

323 456 442 500 idem
470 470 659 515 namque
691 454 832 498 multo
862 453 1112 513 explicatius
1136 468 1185 498 ea
1218 462 1364 497 narrat
1381 487 1392 508 ,
1417 451 1616 512 quamvis
1637 466 1718 496 nec

324 528 417 587 ipse
438 527 591 587 utique
613 526 729 569 dicat
745 525 891 570 omnia
911 559 921 579 ,
951 525 997 568 in
1015 524 1175 584 quibus
1196 524 1296 568 duae
1318 525 1438 568 horae
1461 533 1504 568 et
1525 522 1581 567 de
1601 530 1719 568 sexta

325 597 491 659 aliquid
514 590 814 657 praeterssukit.
851 599 972 641 Tunc
997 611 1097 641 cum
1121 595 1378 654 flagellasset
1399 598 1549 639 Jesum
1570 629 1582 649 ,
1616 603 1661 638 et
1694 610 1722 638 a

324 669 538 714 militibus
551 676 667 711 veste
690 659 897 721 illuseria‚
922 666 1159 726 multisque
1177 665 1452 710 illusionibus
1470 664 1582 709 male
1602 674 1719 710 trac-

326 740 408 784 tari
428 738 718 798 permisisset,
739 737 897 795 (credo
915 747 965 781 ut
986 737 1069 781 hoc
1091 735 1223 780 modo
1240 735 1392 780 saltem
1415 750 1569 779 eorum
1595 734 1722 779 furo-

325 825 418 855 rem
440 810 679 868 mitigaret,
702 824 758 852 ne
775 823 913 868 usque
936 807 991 851 ad
1008 816 1193 851 m‘ortem
1213 806 1362 851 saevire
1382 805 1716 865 pertenderent,

323 884 340 940 (
359 880 474 925 Exiit
491 881 651 924 iterum
669 878 830 923 Pilatus
849 877 962 922 foras
977 911 988 932 ,
1013 886 1057 921 et
1074 875 1180 920 dicit
1202 876 1283 921 eis:
1301 879 1414 920 Ecce
1432 875 1604 920 adduco
1619 888 1720 921 eum

326 969 347 993 ·»
382 950 507 996 vobis
530 950 644 994 foras
664 983 675 1003 ,
702 958 751 992 ut
782 947 1052 1006 cognoscatis
1080 946 1184 1006 quia
1208 946 1255 989 in
1280 961 1332 990 eo
1356 945 1524 990 nullam
1544 960 1720 990 causam

330 1041 349 1063 »
386 1021 578 1065 invenio.
604 1020 723 1063 Exiit
750 1034 851 1077 ergo
873 1021 996 1062 Jesus
1019 1027 1197 1077 portans
1229 1018 1422 1076 spineam
1447 1031 1653 1061 coronam
1678 1025 1723 1061 et

318 1110 351 1139 ,»
387 1104 660 1150 purpureum
681 1088 1005 1133 vestimentum.
1032 1090 1088 1131 Et
1109 1087 1216 1131 dicit
1239 1087 1298 1130 eis
1328 1106 1337 1130 ι
1362 1089 1476 1130 Ecce
1503 1087 1670 1143 homo3
1697 1104 1717 1126 »

273 1151 279 1158 ⁸
324 1164 383 1206 Ut
398 1161 473 1205 illa
493 1159 616 1204 velut
632 1158 916 1216 ignominiosa
943 1158 1084 1216 specie
1106 1157 1194 1201 visa
1219 1156 1511 1215 placarentur.
1536 1156 1622 1200 Sed
1640 1155 1719 1200 ad-

320 1231 490 1292 jungit,
525 1238 569 1273 et
588 1229 693 1272 dicit
715 1247 723 1272 z
759 1247 779 1269 «
804 1230 917 1272 Cum
948 1243 1050 1286 ergo
1072 1226 1280 1285 vidissent
1304 1242 1405 1270 eum
1428 1226 1658 1285 pontifices
1679 1235 1722 1270 et

331 1320 351 1343 »
387 1300 588 1354 ministri,
609 1298 859 1343 clamabant
894 1297 1089 1341 dicentes
1113 1317 1121 1341 ;
1160 1297 1403 1355 Crucifige,
1439 1296 1643 1354 crucifige
1664 1315 1673 1340 2
1698 1313 1719 1336 »

326 1382 435 1418 tunc
455 1372 609 1415 horam
633 1370 804 1413 tertiam
827 1369 958 1412 fuisse
977 1368 1178 1412 dicimus.
1204 1368 1393 1413 Attende
1417 1383 1518 1427 quae
1536 1382 1724 1426 sequan-

330 1452 402 1487 tur
428 1461 438 1486 ι
466 1460 486 1483 «
507 1441 619 1485 Dicit
645 1440 703 1489 eis
726 1439 912 1483 Pilatus:
935 1439 1128 1497 Accipite
1151 1453 1251 1482 eum
1270 1453 1368 1492 vos,
1386 1446 1430 1482 et
1449 1437 1722 1495 crucifigiteg

335 1531 356 1554 »
391 1526 471 1569 ego
494 1511 610 1555 enim
642 1526 732 1554 non
760 1509 936 1554 invenio
958 1510 1003 1552 in
1026 1525 1077 1554 eo
1099 1524 1287 1552 causam.
1324 1507 1666 1568 Responderunt
1686 1508 1725 1552 ei

335 1602 355 1625 ³>
392 1586 415 1626 J
422 1581 536 1626 udaei
557 1600 565 1625 :
589 1583 675 1625 Nos
689 1580 829 1637 legem
850 1580 1063 1624 habemus
1081 1614 1091 1634 ,
1117 1589 1161 1624 et
1181 1579 1423 1624 secundum
1440 1578 1581 1636 legem
1595 1577 1726 1622 debet

335 1672 355 1695 »
391 1652 529 1708 mori,
562 1651 664 1710 quia
696 1649 855 1694 Filium
873 1650 951 1694 Dei
973 1665 1017 1694 se
1039 1649 1157 1694 fecit.
1185 1652 1297 1694 Cum
1321 1665 1424 1708 ergo
1443 1648 1634 1693 audisset
1656 1649 1726 1692 Pi-

335 1742 354 1766 »
389 1723 503 1767 latus
530 1723 650 1766 hunc
674 1736 940 1776 sermonem,
977 1721 1113 1780 magis
1147 1721 1320 1765 timuit:
1349 1730 1393 1765 et
1421 1721 1640 1780 ingressus
1663 1728 1727 1764 est

336 1813 356 1835 »
392 1793 646 1853 praetorium
662 1793 819 1835 iterum
833 1826 843 1846 ,
865 1801 909 1835 et
930 1791 1035 1835 dicit
1061 1790 1117 1835 ad
1139 1794 1288 1835 Jesum
1311 1810 1320 1835 ι
1347 1790 1473 1835 Unde
1494 1805 1538 1834 es
1556 1792 1638 1835 tu?
1655 1792 1726 1834 Je-

337 1882 358 1906 »
393 1879 463 1907 sus
489 1872 635 1906 autem
665 1877 921 1921 responsum
949 1877 1038 1905 non
1067 1860 1188 1905 dedit
1210 1861 1263 1905 ei.
1287 1861 1402 1904 Dicit
1425 1874 1527 1916 ergo
1549 1859 1588 1903 ei
1611 1859 1727 1903 Pila-

336 1953 356 1976 »
395 1944 463 1978 tus
491 1952 498 1977 ;
525 1931 632 1976 Mihi
662 1948 752 1975 non
773 1932 993 1991 loqueris?
1014 1931 1157 1975 Nescis
1174 1930 1277 1989 quia
1299 1938 1560 1988 potestatem
1586 1930 1728 1974 habeo

335 2022 355 2045 »
391 2002 643 2060 crucifigere
672 2010 713 2044 te
732 2036 742 2054 ,
768 2011 811 2043 et
834 2009 1090 2059 potestatem
1113 2000 1254 2043 habeo
1276 1999 1494 2045 dimittere
1518 2001 1592 2044 te?
1616 2003 1727 2044 Res-

335 2092 355 2116 »
392 2072 547 2133 pondit
565 2075 585 2115 J
593 2086 711 2115 esus:
733 2073 831 2115 Non
856 2070 1038 2114 haberes
1056 2079 1315 2129 potestatem
1339 2071 1543 2115 adversus
1560 2085 1630 2114 me
1652 2069 1726 2114 ul-

335 2163 354 2186 »
391 2143 500 2197 lam,
527 2141 608 2185 nisi
630 2140 708 2185 tibi
740 2139 891 2184 datum
911 2149 1020 2184 esset
1043 2139 1228 2199 desuper
1250 2160 1258 2184 :
1284 2150 1511 2200 propterea
1536 2141 1614 2201 qui
1636 2149 1726 2185 tra-

334 2233 354 2257 »
390 2212 501 2257 didit
527 2227 596 2255 me
633 2211 735 2265 tibi,
769 2211 906 2269 majus
930 2219 1158 2269 peccatum
1179 2211 1327 2254 habet.
1362 2211 1532 2255 Exinde
1561 2210 1727 2255 Pilatus

335 2303 354 2327 »
393 2283 618 2344 quaerebat
636 2281 854 2325 dimittere
873 2295 1018 2323 eum.»
1048 2283 1097 2323 In
1115 2281 1196 2324 hoc
1214 2281 1343 2337 igitur
1360 2281 1484 2340 quod
1500 2281 1728 2340 quaerebat
1786 2275 1788 2277 ’

331 2354 495 2399 Pilatus
514 2353 734 2397 dimittere
759 2366 882 2405 eum,
900 2359 1117 2409 quantum
1141 2351 1346 2408 temporis
1365 2360 1570 2409 putamus
1594 2350 1727 2395 fuisse

330 2434 643 2483 consumptum
660 2457 671 2476 ,
696 2430 859 2481 quanta
882 2421 1167 2479 praetcrmissa
1190 2436 1290 2480 quae
1311 2420 1381 2464 vel
1404 2437 1426 2464 a
1449 2420 1590 2465 Pilato
1613 2421 1727 2466 dice·

329 2496 505 2548 bantur,
527 2493 596 2537 vel
614 2509 636 2536 a
651 2492 815 2536 Judaeis
829 2491 1256 2546 contradicebantur,
1278 2506 1511 2551 quousque
1529 2492 1726 2535 dicerent

326 2564 469 2610 Judaei
492 2564 610 2608 unde
632 2562 705 2607 ille
732 2571 1082 2606 commoveretur
1097 2596 1107 2616 ,
1136 2571 1179 2605 et
1195 2562 1400 2605 cederet?
1427 2565 1493 2606 Ita
1515 2562 1634 2605 enim
1656 2576 1725 2605 se-

324 2635 474 2694 quitur
497 2653 504 2676 :
535 2653 555 2675 «
585 2636 608 2676 J
616 2633 727 2676 udaei
747 2641 893 2676 autem
916 2631 1164 2675 clamabant
1185 2630 1378 2676 dicentes
1402 2651 1411 2675 z
1440 2632 1482 2676 Si
1507 2632 1625 2676 hunc
1649 2630 1726 2674 di-
