1819 3301
396 294 535 322 sssuMo
568 296 724 322 nomm
757 296 802 322 IN
833 295 1009 332 MONTE,
1045 295 1126 320 Lm.
1163 296 1211 320 11.
1394 285 1477 322 243

105 478 339 494 vamwm
344 478 474 495 WWW

571 621 787 668 CAPUT
832 594 977 668 Xivss

158 776 338 818 XLVII.
362 776 487 827 Quon
511 782 653 817 autem
670 773 882 834 sequitur,
908 782 951 817 et
972 773 1078 817 dicit
1100 792 1108 817 :
1138 793 1158 816 «
1182 776 1318 819 Nemo
1339 785 1481 835 potest

103 863 124 887 »
159 845 333 889 duobus
355 845 539 889 dominis
561 845 719 889 servire
735 879 746 898 ‚
783 862 803 886 »
829 845 884 888 ad
905 845 1017 893 hanc
1038 845 1172 903 ipsam
1195 846 1482 891 intentionem

100 914 376 959 referendum
410 925 501 969 est,
533 914 653 975 quod
695 924 1010 975 consequenter
1042 917 1246 974 exponit,
1287 917 1434 961 dicens
1471 938 1480 962 ε

105 1005 126 1028 «
160 989 249 1030 Aut
270 987 383 1029 enim
410 1001 546 1029 unum
579 986 680 1030 odio
703 986 907 1039 habebit,
933 995 975 1028 et
998 985 1180 1030 alterum
1206 986 1354 1043 diliget
1380 1007 1387 1031 :
1412 1000 1486 1033 aut

103 1074 124 1097 »
160 1056 342 1100 alterum
360 1057 549 1115 patietur
563 1091 573 1110 ,
596 1066 638 1099 et
660 1055 843 1100 alterum
861 1065 1111 1099 contemnet
1128 1059 1156 1099 ¹.
1183 1075 1201 1097 »
1223 1060 1330 1109 Quae
1353 1060 1486 1103 verba

102 1125 334 1184 diligenter
359 1125 671 1169 consideranda
694 1135 795 1169 sunt
821 1144 829 1170 2
851 1141 949 1168 narn
973 1126 1047 1184 qui
1076 1126 1160 1168 sint
1181 1126 1269 1169 duo
1288 1127 1453 1171 domini
1471 1164 1481 1183 ,

101 1196 303 1254 deinceps
332 1196 543 1250 ostendit,
569 1211 669 1239 cum
693 1196 822 1239 dicit:
854 1214 874 1237 «
898 1198 993 1239 Non
1018 1196 1193 1252 potestis
1216 1199 1302 1239 Deo
1325 1199 1483 1242 servire

109 1283 124 1307 ι)
159 1275 203 1308 et
223 1281 498 1309 mammonae.
527 1284 546 1305 η
579 1268 827 1309 Mammona
848 1264 965 1323 apud
988 1265 1193 1308 Hebraeos
1216 1265 1377 1309 divitiae
1403 1283 1483 1325 ap-

100 1334 251 1394 pellari
283 1335 502 1379 dicuntur.
529 1335 741 1394 Congruit
764 1344 807 1378 et
830 1335 1039 1393 punicum
1073 1350 1231 1379 nomen
1255 1355 1263 1380 :
1291 1353 1390 1380 nam
1413 1338 1483 1381 lu-

104 1421 223 1449 crum
241 1406 414 1464 punice,
435 1408 658 1449 Mammon
676 1404 850 1448 dicitur.
870 1404 953 1448 Sed
970 1405 1045 1463 qui
1063 1405 1191 1447 servit
1207 1421 1481 1462 mammonae,

99 1475 160 1519 illi
185 1477 336 1534 utique
357 1476 509 1529 servit,
534 1475 609 1534 qui
633 1475 762 1518 rebus
784 1474 873 1518 istis
894 1474 1075 1518 terrenis
1098 1475 1250 1519 merito
1270 1492 1358 1519 suae
1382 1493 1483 1535 per-

101 1546 309 1590 versitatis
326 1545 583 1604 praepositus
600 1580 610 1597 ,
636 1545 910 1602 magistratus
932 1544 1060 1602 hujus
1082 1544 1227 1588 saeculi
1250 1561 1273 1588 a
1299 1548 1482 1592 Domino

100 1616 259 1660 dieitur
287 1620 319 1659 2.
360 1635 379 1658 «
416 1619 504 1660 Aut
536 1630 636 1673 ergo
680 1616 800 1658 hunc
834 1615 934 1658 odio
979 1615 1156 1658 habebit
1211 1617 1343 1660 homo
1363 1652 1374 1672 ,
1439 1628 1483 1662 et

103 1704 124 1727 »
159 1685 341 1729 alterum
365 1684 536 1742 diliget,
564 1703 584 1725 »
607 1684 652 1728 id
673 1693 752 1738 est,
779 1688 915 1728 Deum
945 1703 953 1727 :
983 1703 1001 1725 «
1029 1687 1114 1728 Aut
1136 1684 1318 1729 alterum
1343 1688 1482 1745 patie-

103 1773 124 1796 »
159 1765 246 1810 tur,
270 1764 313 1798 et
342 1755 525 1798 alterum
549 1763 815 1798 contemnet.
860 1773 879 1794 »
906 1754 1075 1797 Patitur
1101 1755 1215 1798 enim
1249 1755 1408 1801 durum
1441 1769 1483 1802 et

100 1826 391 1884 perniciosum
413 1824 658 1878 dominum,
693 1824 887 1883 quisquis
921 1824 1051 1866 servit
1084 1839 1371 1882 mammonae3
1406 1844 1482 1872 sua

101 1896 216 1938 enim
234 1895 471 1953 cupiditate
488 1893 750 1952 implicatus,
770 1892 972 1936 subditur
987 1892 1163 1936 diaholo
1186 1913 1193 1937 :
1219 1904 1261 1937 et
1277 1911 1365 1939 non
1383 1912 1483 1941 eum

101 1965 270 2023 diligit3
300 1965 395 2024 quis
423 1964 538 2007 enim
568 1973 632 2006 est
662 1963 739 2021 qui
767 1962 917 2020 diligat
943 1962 1202 2006 diabolum?
1232 1965 1306 2008 sed
1338 1975 1484 2011 tamen
1511 1954 1517 1957 .

100 2037 265 2094 patitur
285 2054 293 2078 :
319 2035 430 2078 sicut
454 2034 499 2076 in
521 2035 682 2092 majore
701 2032 846 2092 aliqua
869 2031 1000 2076 domo
1019 2067 1028 2086 ‚
1050 2033 1125 2091 qui
1149 2034 1315 2077 ancillae
1332 2036 1483 2081 alienae

101 2106 360 2164 conjunctus
377 2113 460 2157 est,
492 2112 669 2162 propter
691 2101 975 2161 cupiditatem
999 2118 1118 2145 suam
1141 2102 1293 2146 duram
1320 2106 1482 2163 patitur

101 2175 368 2228 servitutem,
385 2174 514 2217 etiam
526 2174 558 2217 si
574 2189 662 2217 non
675 2172 826 2231 diligat
843 2188 959 2226 eum,
976 2173 1041 2231 cuj
1051 2189 1098 2215 us
1114 2173 1313 2216 ancillam
1326 2175 1479 2233 diligit.

160 2247 364 2287 XLVIII.
401 2262 421 2285 «
446 2243 643 2287 Alterum
671 2252 813 2286 autem
838 2252 1114 2296 contemnet,
1142 2261 1161 2282 »
1187 2242 1293 2286 dixit
1318 2259 1329 2284 t
1364 2261 1452 2289 non
1469 2283 1479 2301 ‚

104 2313 204 2358 odio
229 2313 423 2356 habebit.
448 2311 618 2357 Nullius
641 2313 754 2356 enim
788 2312 876 2355 fere
896 2312 1154 2356 conscientia
1179 2315 1317 2355 Deum
1347 2315 1485 2359 odisse

105 2392 247 2443 potest
264 2385 279 2408 ³
300 2399 311 2426 .·
334 2383 574 2426 contemnit
595 2392 737 2426 autem
752 2417 762 2436 ‚
787 2382 830 2425 id
855 2392 940 2435 est⁷
958 2397 1045 2424 non
1068 2381 1190 2424 timet
1213 2397 1310 2424 eum
1325 2417 1335 2437 ⁷
1362 2387 1485 2442 quasi

106 2453 162 2497 de
177 2454 267 2512 ejus
291 2452 483 2496 bonitate
510 2467 685 2496 securus
701 2462 779 2496 est.
806 2453 874 2496 Ab
893 2453 972 2495 hac
995 2450 1254 2509 negligentia
1272 2462 1314 2495 et
1338 2456 1486 2511 perni0

156 2556 164 2572 ¹
186 2548 300 2581 Matth.
318 2559 360 2590 vn,
379 2546 434 2589 24.
455 2565 496 2570 —
516 2550 636 2580 ²Joan.
659 2559 715 2589 xn,
739 2548 795 2589 31,
815 2551 848 2579 et
870 2559 937 2588 mv,
958 2547 1011 2579 30.
1032 2563 1073 2569 —-
1095 2545 1198 2579 3Vide
1216 2550 1360 2581 Reti-act.
1382 2550 1436 2583 lib.
1459 2564 1482 2585 ι.

107 2615 180 2648 cap.
198 2616 231 2646 x,
250 2615 280 2636 n.
304 2606 336 2638 8.

1259 2658 1322 2696 16.
