1819 3301
288 251 341 276 nir.
373 247 585 277 consssnsu
617 244 1026 285 EVANGELls‘rARUM‚
1061 248 1144 274 Lm.
1180 249 1246 272 111.
1412 237 1465 273 19

78 315 255 369 Gentes,
281 331 297 353 «
321 313 449 358 Abba
474 316 617 368 Pater,
648 331 666 354 >›
691 321 862 357 tantum
882 310 936 355 ad
957 327 1096 356 unum
1114 325 1308 370 gregem,
1326 309 1466 355 solum

80 403 102 427 «
136 388 277 429 Pater.
302 403 322 425 »

79 528 572 546 mmmmmmmwu
577 525 1459 543 wuwvvvvummtthmmmmmmrwummmmwmw

89 969 109 993 ))

87 1039 108 1063 ))

89 1110 109 1133 ))

89 1181 109 1205 ))

90 1252 110 1275 »

90 1322 111 1345 ))

91 1391 112 1415 ))

92 1461 113 1485 ))

619 625 837 674 CAPUT
874 627 933 673 V.

523 755 859 818 Apprelzensio
880 754 1013 801 Jesa.

140 882 238 925 XV.
272 882 423 926 Annua
442 894 544 938 ergo
577 899 597 939 ς(
630 883 729 939 Ipso
755 880 990 940 loquente,
1031 879 1142 923 sicut
1171 877 1325 923 dicunt
1353 881 1469 924 Mat-

144 951 285 994 thaeus
308 959 351 994 et
367 953 538 994 Marcus
556 969 564 994 ε
588 965 690 994 ecce
708 949 841 994 Judas
864 964 977 992 unus
994 948 1048 992 de
1069 948 1300 993 duodecim
1321 949 1468 1004 venit,

144 1030 188 1065 et
208 1036 310 1065 cum
331 1036 382 1065 eo
404 1021 531 1064 turba
555 1019 692 1063 multa
713 1034 813 1063 cum
833 1019 984 1077 gladiis
1009 1028 1051 1063 et
1069 1018 1279 1074 fustibus,
1306 1036 1328 1063 a
1351 1021 1471 1078 prin-

144 1090 313 1150 cipibus
347 1089 621 1134 sacerdotum
651 1098 694 1133 et
725 1089 965 1133 senioribus
999 1089 1165 1148 populi.
1205 1091 1289 1142 Qui
1324 1098 1471 1134 autem

144 1156 323 1206 tradidit
344 1176 443 1205 eum
463 1196 474 1216 ‚
507 1160 627 1205 dedit
663 1160 746 1204 illis
767 1161 939 1218 signum
956 1195 967 1214 ‚
998 1160 1145 1204 dicens
1171 1180 1180 1205 ε
1205 1164 1472 1214 Quemcum-

145 1248 232 1293 que
254 1233 472 1277 osculatus
495 1231 618 1276 fuero
634 1267 645 1287 ,
676 1232 766 1291 ipse
789 1241 876 1286 est,
902 1241 1046 1275 tenete
1079 1248 1194 1276 eum.
1224 1235 1279 1276 Et
1301 1232 1472 1277 confes-

146 1303 224 1347 tim
243 1303 451 1347 accedens
470 1302 525 1347 ad
542 1306 706 1356 Jesum,
725 1301 859 1347 dixit:
879 1305 984 1356 Ave,
1006 1302 1165 1345 Rabbi.
1184 1305 1240 1346 Et
1257 1304 1474 1348 osculatus

147 1382 211 1417 est
231 1375 370 1417 eum¹.
397 1373 598 1432 Dixitque
626 1372 688 1415 illi
715 1372 856 1431 primo
872 1407 882 1425 ,
908 1372 1027 1432 quod
1050 1373 1109 1415 ait
1128 1376 1264 1417 Lucas
1284 1393 1292 1418 ε
1327 1374 1439 1418 Juda
1459 1410 1470 1429 ,

147 1443 296 1488 osculo
330 1441 489 1487 Filium
524 1443 710 1487 hominis
733 1443 932 1486 tradis²P
958 1460 976 1483 »
1013 1443 1175 1486 Deinde
1213 1445 1333 1503 quod
1362 1448 1475 1489 Mat-

89 1514 230 1557 thaeus
253 1533 261 1558 ε
291 1532 310 1556 «
336 1515 511 1568 Amice,
538 1514 593 1557 ad
615 1512 722 1573 quid
750 1512 936 1557 venisti?
962 1532 980 1553 »
1010 1513 1171 1556 Deinde
1194 1513 1331 1569 dixit,
1353 1516 1474 1575 quod

89 1586 277 1628 Joannes
300 1592 635 1637 commemorat,
677 1602 696 1624 «
722 1586 861 1636 Quem
894 1584 1114 1642 quaeritis?
1137 1586 1474 1644 Responderunt

60 1667 62 1669 ¹
91 1672 112 1695 ))

92 1743 113 1766 ))

95 1815 112 1836 ))

93 1882 113 1906 ))

94 1953 114 1976 ))

95 2025 113 2046 ))

93 2093 113 2116 ))

93 2163 113 2185 ))

95 2302 115 2325 ))

97 2375 115 2396 ))

148 1654 212 1709 ei,
233 1657 379 1698 Jesum
394 1656 679 1699 Nazarenum.
702 1653 814 1696 Dicit
836 1654 874 1695 ei
891 1655 1014 1696 Jesus
1037 1673 1045 1697 :
1072 1657 1164 1712 Ego
1187 1671 1295 1698 sum.
1322 1656 1472 1700 Stabat

149 1734 294 1768 autem
317 1734 360 1769 et
376 1724 510 1791 {udas
526 1759 536 1777 ‚
561 1724 636 1784 qui
660 1723 858 1767 tradebat
879 1739 978 1766 eum
999 1759 1009 1775 ,
1031 1740 1131 1767 cum
1148 1725 1247 1783 ipsis
1269 1745 1276 1769 :
1299 1735 1348 1769 ut
1370 1742 1471 1784 ergo

148 1795 255 1838 dixit
276 1795 335 1837 eis
360 1813 369 1838 z
394 1797 486 1851 Ego
509 1809 626 1847 sum,
646 1792 848 1836 abierunt
866 1802 1100 1836 retrorsum
1121 1830 1132 1847 ,
1157 1804 1199 1837 et
1221 1795 1473 1840 ceciderunt

148 1865 194 1907 in
216 1873 388 1908 terram.
414 1867 576 1908 Iterum
598 1878 701 1921 ergo
723 1878 793 1906 eos
815 1862 1118 1921 interrogavit,
1145 1867 1286 1917 Quem
1310 1867 1471 1925 quaeri-

149 1933 318 1978 tis?'1lli
336 1944 480 1978 autem
497 1933 725 1977 dixerunt:
752 1935 899 1975 Jesum
922 1934 1207 1977 Nazarenum.
1234 1936 1474 1994 Respondit

148 2008 296 2048 Jesus:
322 2005 415 2048 Dixi
446 2004 569 2047 vobis
592 2004 692 2063 quia
721 2018 801 2061 ego
826 2017 921 2045 sum
944 2022 952 2046 :
978 2002 1011 2046 si
1034 2019 1136 2062 ergo
1158 2020 1226 2047 me
1251 2007 1442 2064 quaeritis
1458 2042 1469 2061 ,

148 2074 274 2118 sinite
295 2075 373 2117 hos
394 2074 526 2117 abire.
541 2075 597 2117 Ut
613 2071 868 2131 impleretur
886 2087 1025 2115 sermo
1049 2089 1180 2132 quem
1203 2073 1309 2118 dixit
1330 2095 1338 2119 :
1364 2077 1471 2128 Quia

148 2160 257 2203 quos
274 2143 429 2188 dedisti
450 2143 584 2197 mihi,
609 2156 697 2186 non
715 2141 883 2201 perdidi
902 2157 953 2185 ex
971 2142 1071 2200 ipsis
1095 2159 1361 2202 quemquam
1376 2147 1407 2188 3.
1438 2165 1457 2187 »

148 2216 268 2258 XVI.
300 2233 318 2255 «
339 2213 545 2257 Videntes
575 2221 742 2266 autem,
768 2211 876 2255 sicut
900 2214 1035 2255 Lucas
1057 2211 1187 2267 dicit,
1214 2213 1240 2256 ii
1264 2214 1338 2273 qui
1359 2215 1472 2259 circa

150 2285 291 2343 ipsum
315 2292 438 2327 erant
452 2318 462 2337 ‚
482 2282 602 2342 quod
618 2282 815 2325 futurum
837 2290 943 2335 erat,
966 2281 1167 2325 dixerunt
1184 2284 1221 2325 ei
1242 2302 1250 2326 :
1270 2285 1467 2340 Domine,

150 2355 184 2399 si
206 2355 471 2414 percutimus
492 2354 537 2397 in
560 2353 702 2411 gladio
719 2355 737 2394 ’Β
762 2356 817 2396 Et
839 2353 1046 2411 percussit
1068 2369 1180 2397 unus
1202 2370 1252 2396 ex
1272 2354 1372 2413 ipsis
1387 2357 1425 2411 4,
1446 2374 1465 2397 »

93 2424 214 2485 quod
236 2441 384 2470 omnes
406 2433 595 2485 quatuor
626 2424 780 2467 dicunt
803 2442 812 2467 ;
842 2442 862 2464 «
889 2425 1069 2467 Servum
1102 2424 1306 2483 principis
1335 2442 1475 2471 sacer-

153 2528 163 2544 ¹
191 2522 311 2555 Matth.
340 2533 429 2564 xxvn,
458 2520 567 2563 47-49.
588 2536 631 2543 —-
650 2526 662 2543 ²
688 2521 764 2552 Luc.
794 2530 869 2560 xxii,
902 2518 956 2560 48.
979 2537 1019 2542 -
1048 2516 1060 2541 3
1084 2522 1175 2552 Joan.
1204 2531 1297 2562 xviii,
1315 2531 1411 2556 2-11.
1434 2541 1475 2548 —-

94 2576 110 2606 4
129 2580 204 2611 Luc.
228 2589 308 2618 un,
330 2577 382 2620 49.

1222 2632 1260 2668 2.
