1819 3301
360 288 497 314 sERMO
529 288 687 314 nomm
718 288 764 315 ΙΝ
795 287 971 326 MONTE,
1007 289 1088 316 Lm.
1126 291 1155 315 1.
1363 280 1444 320 165

0 348 1 369 ³
64 351 324 398 infelicitatis
346 368 434 396 suae
456 371 466 396 ε
487 362 528 396 et
548 352 648 398 ideo
675 373 683 398 :
714 373 734 396 «
759 356 880 399 Beati
913 353 1043 399 etiam
1076 355 1301 415 lugentes3
1332 374 1446 418 quo-

65 441 85 464 »
121 423 237 466 niam
255 422 335 482 ipsi
356 422 738 467 consolabuntur1.
768 442 788 465 »

64 601 131 617 m
137 601 272 617 mm
278 601 696 618 mmmmmvvu
702 602 981 620 mmmm
988 604 1442 624 uurmlvwffiwnmmv·

552 741 769 792 CAPUT
812 746 958 792 XIII.

118 899 345 942 XXXVII.
371 900 541 942 Dssmmz
559 898 770 958 sequitur,
788 907 832 943 et
849 897 980 943 dicit:
1010 916 1031 941 «
1059 899 1102 943 Si
1126 908 1269 944 autem
1295 900 1449 946 oculus

66 986 87 1010 »
118 977 219 1012 tuus
252 967 403 1012 dexter
424 967 685 1012 scandalizat
721 976 764 1012 te
785 1003 797 1023 ,
831 983 934 1012 erue
957 983 1057 1012 eum
1079 1003 1090 1024 ‚
1116 978 1159 1014 et
1191 970 1354 1030 projice
1376 971 1453 1016 abs

65 1057 87 1081 »
122 1047 180 1083 te.
206 1037 393 1097 Expedit
414 1038 530 1081 enim
544 1037 625 1082 tibi
646 1047 696 1081 ut
709 1047 856 1097 pereat
874 1054 1013 1083 unum
1035 1040 1335 1085 membrorum
1353 1050 1454 1086 tuo-

65 1127 86 1151 »
122 1123 236 1163 rum,
258 1123 389 1167 quam
403 1116 545 1151 totum
567 1122 723 1166 corpus
737 1117 864 1152 tuum
883 1118 953 1152 eat
973 1108 1018 1152 in
1031 1110 1314 1166 gehennam2.
1335 1130 1354 1152 »
1372 1111 1453 1156 Hic

64 1195 167 1226 vero
184 1194 337 1237 magna
367 1194 476 1238 opus
504 1187 568 1222 est
594 1176 851 1223 fortitudine
873 1178 928 1222 ad
943 1180 1139 1224 membra
1157 1180 1452 1239 praecidenda.

65 1248 292 1310 Quidquid
315 1249 430 1293 enim
451 1258 514 1293 est
536 1249 656 1309 quod
671 1249 886 1308 significat
906 1249 1059 1295 oculus
1073 1285 1084 1306 ,
1101 1251 1192 1295 sine
1210 1250 1347 1297 dubio
1368 1252 1456 1297 tale

65 1329 128 1364 est
150 1318 271 1380 quod
307 1319 585 1363 vehementer
616 1318 828 1377 diligitur.
851 1319 969 1364 Solet
990 1320 1107 1364 enim
1141 1330 1184 1364 et
1206 1321 1261 1365 ab
1284 1321 1343 1366 eis
1378 1323 1455 1382 qui

63 1391 343 1435 vehementer
363 1388 520 1434 volunt
542 1390 782 1449 exprimere
801 1387 1079 1434 dilectionem
1093 1406 1245 1447 suam,
1268 1391 1328 1436 ita
1350 1391 1452 1448 dici,

66 1460 210 1520 Diligo
231 1475 331 1504 eum
354 1469 404 1504 ut
425 1460 572 1504 oculos
604 1475 722 1504 meos
740 1495 750 1514 ,
776 1468 851 1504 aut
874 1460 1004 1505 etiam
1026 1460 1124 1520 plus
1151 1476 1284 1522 quam
1305 1461 1456 1507 oculos

64 1547 197 1575 meos.
227 1531 357 1584 Quod
389 1539 535 1574 autem
558 1529 753 1574 additum
775 1539 866 1586 est,
891 1549 911 1573 «
937 1530 1114 1586 dexter,
1143 1549 1163 1572 »
1190 1530 1370 1576 fortasse
1401 1532 1457 1577 ad

0 1651 1 1654 Ἴ
65 1601 311 1661 augendam
332 1601 420 1645 vim
444 1600 687 1645 dilectionis
708 1601 836 1645 valet.
873 1604 1135 1662 Quanquam
1170 1603 1288 1646 enim
1318 1603 1373 1647 ad
1394 1604 1459 1648 vi-

65 1672 260 1716 dendum
282 1672 351 1715 isti
368 1671 484 1715 oculi
506 1671 697 1730 corporis
719 1671 1010 1715 communiter
1039 1671 1325 1716 intendantur
1341 1708 1351 1727 ‚
1377 1673 1457 1717 etsi

65 1742 194 1786 ambo
231 1741 516 1785 intendantur
536 1776 546 1796 ,
596 1739 822 1800 aequaliter
855 1741 1046 1799 possint3
1084 1740 1269 1799 amplius
1310 1750 1457 1787 tamen

65 1811 303 1856 formidant
333 1812 530 1856 homines
565 1811 765 1854 dextrum
802 1810 1012 1854 amittere.
1045 1810 1195 1853 Utiste
1218 1811 1272 1854 sit
1289 1826 1454 1867 sensus,
1515 1868 1518 1869 ⁷

67 1882 292 1943 Quidquid
317 1880 425 1925 illud
444 1890 505 1924 est
535 1880 655 1940 quod
677 1881 736 1924 ita
763 1879 926 1938 diligis,
954 1889 1002 1924 ut
1025 1895 1103 1939 pro
1143 1879 1295 1925 dextro
1330 1882 1458 1927 oculo

64 1954 222 1997 habeas
238 1988 248 2007 ,
271 1952 304 1996 si
323 1951 582 1996 scandalizat
617 1959 659 1993 te
674 1985 685 2007 ,
712 1949 759 1993 id
780 1959 858 2004 est,
894 1950 928 1993 si
962 1950 1041 1993 tibi
1059 1949 1373 2008 impedimento
1394 1962 1459 1997 est

66 2024 121 2068 ad
138 2039 284 2068 veram
303 2020 617 2066 beatitudinem
640 2055 650 2075 ,
677 2035 779 2063 erue
801 2018 934 2074 illud,
951 2029 994 2063 et
1016 2020 1178 2079 projice
1197 2020 1273 2064 abs
1291 2030 1348 2064 te.
1374 2025 1459 2065 Ex-

66 2093 187 2154 pedit
211 2094 327 2137 enim
346 2092 425 2136 tibi
447 2100 494 2135 ut
514 2099 662 2151 pereat
683 2104 821 2133 unum
838 2090 995 2134 horum
1014 2125 1024 2144 ‚
1050 2088 1149 2149 qu'ae
1166 2091 1225 2134 ita
1250 2090 1391 2149 diligis
1409 2100 1459 2136 ut

70 2175 279 2224 tanquam
304 2162 501 2207 membra
523 2162 602 2206 tibi
619 2162 828 2217 haereant,
844 2176 977 2221 quam
995 2169 1137 2205 totum
1151 2176 1308 2220 corpus
1331 2169 1458 2205 tuum

65 2244 133 2279 eat
155 2235 200 2277 in
224 2234 487 2292 gehennam.

123 2305 374 2348 XXXVIII.
403 2301 488 2346 Sed
509 2301 717 2361 quoniam
742 2301 939 2360 sequitur
960 2299 1014 2344 de
1038 2315 1170 2344 manu
1192 2300 1368 2345 dextera
1386 2335 1396 2356 ‚
1414 2309 1458 2345 et

67 2373 261 2420 similiter
283 2372 441 2431 dicitur
469 2392 477 2417 :
509 2391 528 2414 «
557 2372 600 2417 Si
622 2372 797 2416 dextera
820 2387 973 2416 manus
995 2381 1071 2416 tua
1107 2371 1367 2416 scandalizat
1383 2380 1426 2415 te
1442 2406 1454 2427 ‚

70 2464 90 2486 »
126 2443 301 2488 abscide
323 2458 418 2486 eam
436 2452 478 2487 et
495 2443 655 2502 projice
678 2442 753 2487 abs
775 2451 818 2486 te
845 2462 854 2487 :
880 2442 1055 2502 expedit
1076 2443 1192 2486 enim
1212 2442 1289 2486 tibi
1312 2452 1362 2486 ut
1378 2457 1457 2503 pe-

70 2534 91 2558 »
127 2525 218 2559 reat
240 2529 380 2558 unum
404 2514 701 2560 membrorum
728 2523 933 2571 tuorum,
964 2529 1096 2574 quarn
1128 2522 1270 2559 totum
1298 2528 1456 2574 corpus

119 2613 127 2630 ¹
148 2611 268 2644 Matth.
291 2621 325 2653 v,
347 2619 399 2652 29.
