1819 3301
356 285 640 319 QUAEsTioNtJM
672 282 1034 319 EvANGELioqu,
1071 283 1152 310 Lm.
1190 284 1217 308 1.
1391 272 1473 310 295

598 437 833 486 QUAESTIO
864 439 983 477 xxv.

164 590 183 613 «
203 574 329 625 Qnon
358 569 530 614 oblatus
553 579 617 614 est
645 571 830 615 Domino
852 570 1024 615 debitor
1044 570 1195 614 decem
1210 569 1396 614 millium
1412 578 1478 614 ta-

104 659 124 682 »
157 641 376 685 lentorum
405 651 447 684 et
463 641 589 700 jussit
611 656 709 684 eum
737 641 1015 694 venumdari,
1041 650 1084 685 et
1101 655 1276 685 uxorem
1295 641 1386 700 ejus
1403 675 1414 695 ,
1439 649 1483 684 et

104 730 123 752 »
159 711 290 765 filios,
323 720 365 754 et
392 712 536 754 omnia
564 727 662 770 quae
680 711 891 764 habebat,
918 720 960 753 et
983 710 1128 753 reddi¹
1153 730 1161 754 :
1189 729 1209 751 ν
1235 710 1483 768 intelligen-

102 780 206 825 dum
229 790 292 824 est
309 781 458 824 decem
473 790 788 839 praeceptorum
807 781 930 838 Legis
948 795 1047 823 eum
1065 778 1196 823 fuisse
1213 779 1454 824 debitorem
1471 801 1482 837 3

102 861 145 895 et
166 867 245 910 pro
276 851 513 910 cupiditate
537 861 668 910 atque
690 851 892 909 operibus
912 851 997 894 suis
1015 887 1025 904 ,
1053 860 1263 910 tanquam
1286 866 1417 895 uxore
1440 860 1484 894 et

101 921 198 965 filiis
219 957 229 975 ,
261 937 412 980 poenas
449 922 613 965 solvere
647 920 874 976 debuisse,
905 921 1025 981 quod
1051 931 1114 965 est
1145 921 1331 980 pretium
1363 923 1482 981 ejus:

101 992 289 1051 pretium
321 991 433 1034 enim
463 991 654 1045 venditi,
697 990 958 1050 supplicium
980 990 1173 1034 damnati
1208 990 1479 1049 intelligitur.

102 1061 230 1114 Quod
253 1060 360 1104 dixit
384 1080 392 1105 :
424 1080 442 1102 «
470 1059 617 1105 Noluit
637 1061 859 1119 ignoscere
877 1076 1084 1105 conservo
1103 1076 1197 1115 suo,
1223 1061 1297 1104 sed
1320 1060 1428 1104 abiit
1443 1071 1486 1105 et

105 1150 124 1173 »
161 1131 275 1175 misit
305 1147 404 1174 eum
437 1132 482 1174 in
507 1146 722 1175 carcerem
739 1166 750 1186 ,
781 1150 800 1172 »
836 1140 879 1175 et
901 1130 1096 1191 reliqua:
1124 1130 1481 1189 intelligendum,

102 1203 242 1246 tenuit
264 1211 412 1246 contra
435 1217 535 1245 eum
558 1202 676 1246 hunc
700 1201 892 1245 animum
909 1237 920 1256 ,
952 1211 1002 1245 ut
1022 1201 1230 1261 supplicia
1253 1201 1315 1244 illi
1336 1201 1480 1245 vellet.

101 1273 306 1317 Conservi
343 1282 487 1316 autem
523 1272 599 1332 qui
627 1281 914 1316 narraverunt
947 1272 1133 1317 Domino
1161 1287 1260 1332 quae
1291 1272 1481 1327 fiebant,

101 1352 245 1402 potest
265 1341 448 1401 intelligi
479 1342 694 1397 Ecclesia,
732 1358 832 1402 quae
859 1351 903 1386 et
934 1341 1057 1386 illum
1100 1341 1254 1397 solvit,
1294 1351 1338 1386 et
1360 1341 1484 1386 illum

100 1412 220 1473 ligat.

591 1562 827 1610 QUAEsrlo
860 1563 997 1602 xxvi.

159 1695 285 1744 Quot)
322 1692 381 1734 ait
405 1692 613 1759 Dominus
638 1711 646 1736 :
677 1711 696 1734 «
722 1692 909 1736 Divitem
930 1708 1019 1736 non
1040 1693 1201 1737 intrare
1224 1694 1267 1737 in
1302 1709 1482 1752 regnum

104 1779 124 1802 »
161 1761 235 1804 Dei
254 1780 263 1805 ε
284 1780 302 1800 »
321 1770 362 1804 et
380 1761 585 1820 Discipuli
608 1761 787 1806 dicunt:
813 1783 831 1803 «
851 1762 956 1815 Quis
978 1772 1119 1822 potest
1139 1764 1281 1808 salvus
1303 1765 1479 1808 fieri²?»

101 1847 200 1875 cum
219 1831 345 1890 pauci
367 1831 452 1874 siut
474 1831 627 1875 divites
650 1833 693 1875 in
716 1834 1037 1891 comparatione
1058 1833 1350 1879 multitudinis
1372 1851 1484 1894 pau-

100 1918 253 1961 perum
282 1922 289 1946 :
315 1901 647 1960 intelligendum
674 1903 793 1963 quod
816 1919 965 1947 omnes
983 1905 1059 1964 qui
1082 1905 1181 1949 talia
1200 1906 1384 1966 cupiunt
1403 1942 1413 1961 ,
1439 1907 1484 1950 in

102 1987 251 2017 eorum
278 1987 461 2016 numero
482 1972 631 2016 haberi
655 1973 1052 2019 animadverterint.

573 2123 809 2172 QUAESTIO
841 2125 994 2164 xxvii.

162 2244 289 2295 Quon‘
312 2242 554 2285 Dominus«
574 2244 771 2286 Seorsum
795 2244 866 2286 se³
887 2243 1060 2287 duobus
1084 2244 1309 2303 Discipulis
1332 2261 1483 2305 passu-

107 2331 126 2353 »
162 2327 259 2355 rum
294 2310 483 2366 refert4,
516 2333 530 2351 »
559 2312 614 2355 ad
644 2313 991 2357 confirmandum
1030 2315 1073 2357 in
1107 2325 1329 2373 posterum
1363 2319 1484 2362 testi-

104 2382 297 2426 monium
330 2381 431 2425 fecit
460 2401 467 2425 :
503 2383 604 2442 quia
640 2382 748 2427 dixit
774 2403 782 2428 z
813 2403 832 2425 «
862 2386 913 2427 In
939 2400 1012 2428 ore
1040 2384 1229 2430 duorum
1258 2386 1328 2430 vel
1350 2388 1483 2433 trium

107 2471 126 2494 ))
162 2452 337 2496 testium
361 2452 493 2495 stabit
516 2468 644 2497 omne
668 2454 851 2497 verbum
868 2456 899 2497 ⁵.
919 2472 940 2495 »
960 2456 1017 2499 Ut
1037 2456 1153 2499 enim
1171 2471 1314 2516 neque
1329 2458 1485 2518 vulga-

152 2555 161 2569 1
178 2546 298 2578 Matth.
318 2557 406 2587 xviii,
424 2546 537 2589 24-31.
558 2565 597 2570 —
620 2555 632 2570 ²
649 2548 695 2580 Id.
712 2559 757 2589 ix,
773 2549 814 2581 23
833 2556 864 2581 et
877 2549 931 2582 25.
944 2566 984 2572 —
998 2548 1011 2573 3
1028 2550 1202 2584 Duodecim
1222 2562 1261 2584 ex
1279 2563 1297 2584 2
1315 2555 1404 2586 Retr.
1427 2566 1480 2588 xu.

106 2619 147 2624 —
165 2600 181 2631 4
198 2602 317 2634 Matth.
337 2613 389 2643 xx,
415 2614 463 2644 17·
479 2620 520 2625 —
534 2601 548 2625 5
566 2604 613 2635 Id.
626 2615 712 2645 xvni,
735 2604 785 2637 16.
