1819 3301
395 277 440 304 nv
470 274 644 305 JOANMS
676 274 988 315 EvANGELmM,
1022 275 1170 306 TRACT.
1208 280 1238 306 1.
1421 270 1500 310 391

130 341 356 388 tinentiam
371 376 382 397 ,
415 350 465 386 ut
485 351 643 402 purget
665 341 785 402 quod
805 342 920 386 levet
941 342 996 387 ad
1013 346 1168 388 Deum.
1198 362 1218 385 «
1250 345 1370 389 Beati
1393 347 1508 390 enim

132 429 154 454 »
188 411 343 456 mundi
362 411 492 456 corde
513 432 523 467 3
550 413 755 471 quoniam
772 412 850 470 ipsi
873 415 1012 456 Deum
1038 411 1248 458 videbunt
1266 415 1295 456 ¹.
1318 432 1338 454 »

187 484 309 525 VIII.
334 483 442 526 Nam
465 496 564 525 ecce
591 481 700 539 quid
722 481 897 539 prodest
916 517 927 535 ‚
953 482 1055 541 quia
1080 492 1322 528 sonuerunt
1341 483 1472 528 verba
1494 504 1503 529 ι

134 569 155 595 «
189 553 240 595 In
256 551 469 610 principio
492 559 582 594 erat
599 551 810 601 Verbum,
829 560 872 595 et
894 552 1088 595 Verbum
1110 561 1201 596 erat
1222 553 1340 611 apud
1357 556 1508 603 Deum,

132 639 154 665 »
189 631 232 665 et
250 625 362 665 Deus
386 631 477 664 erat
499 621 719 665 Verbum?
739 639 759 662 »
781 624 837 665 Et
855 637 932 665 nos
954 622 1140 666 diximus
1162 623 1309 677 verba,
1327 639 1427 668 cum
1443 624 1513 668 lo-

129 707 378 753 queremur.
395 691 618 751 Numquid
632 692 717 736 tale
730 692 925 735 Verbum
939 702 1029 736 erat
1046 694 1163 752 apud
1177 695 1341 739 Deum?
1359 697 1513 739 Nonne

131 777 180 805 ea
202 776 300 820 quae
317 760 506 804 diximus
533 770 774 807 sonuerunt
791 770 921 820 atque
943 763 1357 820 transieruntPErgo
1381 773 1424 807 et
1436 765 1512 807 Dei

130 831 326 874 Verbum
363 831 508 875 sonuit
542 840 585 874 et
619 839 843 890 peractum
876 833 970 875 est?
1001 833 1228 884 Quomodo
1257 833 1401 876 omnia
1437 848 1514 892 per

130 900 273 959 ipsum
289 900 401 944 facta
423 910 526 944 sunt
549 910 591 944 et
607 901 697 944 sine
718 901 811 960 ipso
832 899 996 945 factum
1027 911 1090 945 est
1118 902 1260 946 nihil?
1282 903 1513 955 Quomodo

130 986 206 1030 per
227 969 338 1014 illud
370 971 533 1029 regitur
550 1006 561 1025 ,
588 970 707 1030 quod
729 986 806 1029 per
831 970 942 1018 illud
963 981 1157 1018 creatum
1190 981 1274 1026 est,
1305 973 1338 1016 si
1370 973 1514 1016 sonuit

130 1049 173 1084 et
194 1040 391 1084 transiit?
410 1040 549 1093 Quale
573 1055 675 1098 ergo
694 1040 889 1087 Verbum
911 1040 1031 1101 quod
1054 1050 1097 1085 et
1128 1041 1312 1096 dicitur,
1347 1051 1390 1086 et
1424 1058 1514 1086 non

129 1111 311 1155 transit?
334 1111 539 1155 Intendat
562 1111 760 1156 Charitas
777 1113 929 1156 Vestra
955 1130 964 1156 :
991 1126 1145 1169 magna
1171 1127 1237 1154 res
1254 1121 1332 1157 est.
1359 1113 1513 1163 Quoti-

129 1180 200 1225 die
214 1179 400 1225 dicendo
417 1181 549 1224 verba
566 1180 790 1225 viluerunt
812 1180 953 1234 nobis,
980 1182 1082 1239 quia
1105 1181 1300 1227 sonando
1315 1181 1448 1225 verba
1470 1191 1515 1225 et

130 1249 395 1294 transeundo
416 1250 653 1303 viluerunt,
669 1259 712 1293 et
733 1248 841 1295 nihil
860 1249 980 1293 aliud
993 1249 1200 1294 videntur
1218 1265 1350 1310 quam
1365 1250 1511 1296 verba.

130 1324 208 1365 Est
229 1321 410 1366 verbum
435 1329 478 1364 et
498 1320 543 1364 in
568 1321 660 1379 ipso
681 1321 858 1364 homine
873 1355 884 1374 ‚
925 1319 1045 1380 quod
1066 1330 1212 1364 manet
1237 1321 1356 1365 intus
1380 1340 1388 1365 z
1414 1336 1515 1365 nam

130 1407 262 1441 sonus
294 1390 491 1450 procedit
513 1406 562 1434 ex
586 1406 676 1445 ore,
701 1399 764 1434 est
789 1389 972 1434 verbum
1005 1389 1125 1449 quod
1150 1405 1251 1434 vere
1268 1389 1515 1449 spiritaliter

130 1461 314 1516 dicitur,
339 1460 449 1504 illud
479 1459 599 1520 quod
626 1459 828 1518 intelligis
860 1459 915 1503 de
949 1475 1083 1514 sono,
1115 1476 1205 1504 non
1244 1460 1335 1518 ipse
1364 1476 1512 1505 sonus.

130 1536 243 1577 Ecce
264 1533 445 1576 verbum
461 1532 574 1585 dico,
594 1546 691 1576 cum
715 1530 829 1583 dico,
851 1533 982 1574 Deus.
1004 1534 1142 1582 Quam
1164 1531 1295 1575 breve
1317 1540 1379 1574 est
1396 1532 1516 1591 quod

131 1603 233 1657 dixi,
250 1612 439 1662 quatuor
462 1602 624 1646 litteras
638 1636 649 1656 ‚
671 1610 715 1645 et
735 1601 844 1645 duas
861 1600 1062 1658 syllabas.
1081 1602 1408 1662 Numquidnam
1432 1603 1515 1647 hoc

132 1682 274 1718 totum
307 1682 372 1716 est
402 1675 539 1727 Deus,
564 1680 751 1732 quatuor
784 1671 964 1725 litteram
1003 1680 1047 1714 et
1079 1672 1178 1716 duae
1216 1671 1426 1729 syllabae?
1447 1676 1514 1716 An

131 1752 346 1803 quantum
362 1743 446 1786 hoc
467 1741 550 1785 vile
572 1750 661 1795 est,
679 1749 851 1784 tantum
874 1741 1053 1784 charum
1078 1750 1140 1785 est
1162 1741 1278 1801 quod
1298 1742 1342 1784 in
1363 1741 1423 1796 eis
1443 1742 1515 1784 in-

132 1813 369 1870 telligitur?
391 1812 507 1865 Quid
530 1812 695 1856 factum
717 1820 781 1855 est
802 1811 845 1854 in
868 1810 999 1854 corde
1022 1820 1098 1855 tuo
1112 1845 1123 1866 ‚
1160 1827 1259 1856 cum
1295 1812 1484 1855 audisses
1501 1847 1511 1865 ‚

133 1885 274 1929 Deus?
290 1882 406 1935 Quid
426 1881 593 1926 factum
608 1891 671 1926 est
686 1882 730 1924 in
745 1880 876 1925 corde
897 1896 1015 1935 meo,
1033 1896 1133 1924 cum
1153 1882 1358 1935 dicerem,
1376 1884 1515 1924 Deus?

133 1957 292 2012 Magna
327 1962 370 1996 et
399 1968 567 1996 summa
601 1951 803 2012 quaedam
837 1950 1077 1995 substantia
1101 1952 1288 2010 cogitata
1307 1960 1385 2004 est,
1416 1966 1516 2010 quae

134 2022 411 2068 transcendat
424 2038 494 2066 om
501 2038 598 2065 nem
609 2021 863 2066 mutabilem
875 2030 1115 2065 creaturam
1129 2041 1140 2075 3
1153 2020 1369 2065 carnalem
1380 2029 1422 2064 et
1432 2021 1518 2064 ani-

134 2093 308 2138 malem.
326 2095 382 2136 Et
395 2092 429 2135 si
451 2091 588 2135 dicam
604 2091 699 2145 tibi,
718 2093 831 2134 Deus
849 2089 1167 2134 commutabilis
1188 2099 1267 2143 est,
1289 2089 1519 2135 anincom-

134 2162 381 2207 mutabilis?
397 2162 625 2221 Responde
633 2161 693 2204 bis
705 2160 1011 2215 statim‚Absit‚
1025 2169 1073 2203 ut
1082 2174 1160 2217 ego
1169 2158 1238 2203 vel
1249 2158 1439 2212 credam,
1450 2158 1520 2203 vel

137 2233 320 2278 sentiam
348 2230 703 2275 commutabilem
728 2234 888 2274 Deum:
912 2228 1278 2275 incommutabilis
1302 2237 1366 2271 est
1387 2231 1515 2271 Deus.

139 2303 296 2353 Anima
318 2311 393 2345 tua
407 2302 608 2361 ,quamvis
630 2316 762 2360 parva
779 2336 789 2355 ‚
814 2300 1009 2359 quamvis
1029 2297 1139 2342 forte
1161 2299 1303 2341 adhuc
1321 2296 1518 2351 carnalis,

140 2389 230 2417 non
251 2373 357 2415 mihi
379 2372 523 2430 potuit
545 2370 803 2429 respondere
827 2369 907 2412 nisi
930 2368 1327 2412 incommutabilem
1352 2370 1488 2410 Deum
1507 2382 1516 2406 ι

142 2443 280 2487 omnis
318 2452 461 2485 autem
485 2450 679 2484 creatura
701 2439 922 2483 mutabilis
943 2457 950 2482 :
972 2437 1191 2496 quomodo
1220 2451 1320 2493 crgo
1344 2437 1521 2495 potuisti

142 2510 371 2556 scintillare
395 2511 437 2553 iu
456 2509 565 2553 illud
590 2510 706 2569 quod
732 2518 794 2550 ost
816 2524 944 2565 super
967 2522 1138 2550 omnem
1169 2515 1431 2558 creaturam,
1470 2514 1519 2547 ut

193 2596 330 2626 umam»
366 2607 396 2632 v,
418 2596 449 2626 S.
