1819 3301
397 296 535 324 SERMO
568 295 725 322 nomm
759 295 803 321 IN
837 294 983 321 MONTE
1005 311 1015 331 ,
1051 293 1135 320 Lm,
1171 295 1199 318 1.
1416 281 1490 320 141

112 360 287 419 superbi
314 380 322 404 ;
354 360 513 420 quibus
541 358 774 418 Apostolus
810 357 916 403 dicit
942 378 951 404 ι
995 377 1015 400 «
1038 356 1136 403 Noli
1158 356 1294 400 altum
1318 370 1493 416 sapere,

114 450 132 471 »
168 429 244 474 sed
266 431 368 475 time
385 433 397 456 ¹
415 466 425 485 ‚
457 449 477 472 »
505 429 549 474 id
572 439 659 485 est,
683 429 771 474 noli
795 429 957 474 extolli.
985 429 1126 473 Pietas
1157 427 1359 486 congruit
1381 428 1498 471 miti-

111 500 193 544 bus
215 520 223 545 :
252 502 327 561 qui
349 501 464 544 enim
487 501 557 560 pie
580 501 760 560 quaerit,
786 501 972 545 honorat
989 508 1181 544 sanctam
1206 498 1468 557 Scripturam
1484 533 1495 553 ,

112 579 155 614 et
182 585 271 614 non
293 569 573 629 reprehendit
598 570 719 629 quod
741 569 939 614 nondum
958 569 1159 627 intelligit
1179 603 1190 624 ‚
1211 578 1254 613 et
1271 577 1498 628 propterea

111 655 201 685 non
233 640 414 695 resistit,
452 639 570 700 quod
607 648 670 683 est
712 640 862 684 mitem
899 655 1021 685 esse:
1051 639 1168 683 unde
1204 639 1275 683 hic
1305 637 1493 682 dicitur:

114 730 134 752 «
168 712 288 755 Beati
305 711 473 755 mites.»
489 711 676 756 Scientia
688 711 891 770 congruit
905 711 1176 768 lugentibus,
1199 710 1275 770 qui
1288 711 1379 770 jam
1397 724 1498 768 cog-

109 791 328 826 noverunt
349 785 395 824 in
418 781 650 841 Scripturis
672 782 831 841 quibus
850 781 972 826 malis
987 781 1119 825 vineti
1135 790 1382 833 teneantur,
1398 795 1497 840 quae

109 860 318 912 tanquam
341 852 454 896 bona
477 861 520 895 et
543 851 665 896 utilia
690 852 940 911 ignorantes
959 851 1265 912 appetiverunt
1291 870 1299 895 :
1327 850 1380 894 de
1398 851 1497 910 qui-

106 921 186 965 bus
209 923 280 966 hic
295 921 454 967 dicitur
476 942 484 967 ε
511 923 661 967 «Beati
683 923 759 982 qui
786 922 940 982 lugent
956 924 1023 966 ²511
1042 922 1274 967 Fortitudo
1297 921 1498 978 congruit

106 992 395 1037 esurientibus
430 1002 473 1036 et
501 993 744 1036 sitientibus
776 1012 786 1037 ι
821 992 1022 1037 laborant
1057 992 1173 1036 enim
1203 990 1497 1035 desiderantes

108 1063 317 1121 gaudium
355 1063 409 1107 de
428 1064 537 1109 veris
560 1063 684 1108 bonis
703 1099 712 1119 ‚
739 1073 782 1107 et
804 1079 995 1108 amorem
1026 1080 1049 1108 a
1071 1063 1252 1107 terrenis
1275 1071 1318 1106 et
1339 1077 1497 1121 eorpo-

108 1133 269 1177 ralibus
294 1143 485 1178 avertere
507 1134 730 1192 cupientes
754 1153 762 1178 ι
788 1133 842 1177 de
858 1135 1016 1194 quibus
1040 1134 1108 1177 hic
1130 1133 1288 1177 dicitur
1309 1152 1317 1177 ε
1342 1133 1497 1176 «Beati

110 1222 129 1243 »
165 1203 240 1262 qui
261 1204 457 1247 esuriunt
480 1213 523 1248 et
554 1203 951 1263 sititlntjustitiam÷
982 1223 1000 1244 »
1029 1202 1271 1248 Consilium
1295 1202 1498 1261 congruit

108 1273 455 1318 misericordibus
483 1293 491 1317 :
517 1274 600 1318 hoc
621 1274 737 1317 enim
767 1290 904 1317 unum
928 1273 1170 1318 remedium
1193 1283 1257 1317 est
1278 1272 1333 1317 de
1366 1272 1496 1316 tantis

107 1342 230 1387 malis
253 1343 487 1398 evadendi,
522 1352 572 1388 ut
600 1342 868 1388 dimittamus
884 1379 895 1399 ,
919 1345 1030 1389 sicut
1047 1344 1172 1389 nobis
1191 1343 1353 1388 dimitti
1369 1343 1496 1388 volu-

106 1429 227 1471 mus3
252 1423 295 1459 et
327 1414 581 1474 adjuvemus
603 1414 648 1457 in
677 1431 765 1475 quo
789 1430 1018 1475 possumus
1055 1414 1159 1459 alios
1176 1449 1186 1468 ,
1213 1414 1324 1458 sicut
1350 1429 1428 1458 nos
1451 1414 1497 1456 in

107 1500 196 1544 quo
214 1501 303 1529 non
326 1500 553 1544 possumus
575 1486 774 1545 cupimus
797 1485 993 1546 adjuvari
1016 1505 1024 1530 :
1049 1484 1104 1529 de
1122 1485 1281 1545 quibus
1300 1484 1370 1527 hic
1393 1483 1497 1527 diei-

107 1563 178 1598 tur
205 1574 213 1598 :
243 1575 262 1596 <‹
287 1556 406 1599 Beati
438 1556 747 1600 misericordes.
773 1574 792 1597 >›
820 1555 1073 1600 Intellectus
1094 1555 1296 1614 congruit
1322 1552 1497 1597 mundis

107 1626 264 1681 corde,
295 1635 504 1686 tanquam
533 1637 718 1687 purgato
745 1627 899 1683 oculo,
933 1644 1022 1687 quo
1057 1628 1175 1672 cerni
1208 1626 1342 1685 possit
1377 1624 1497 1684 quod

107 1713 340 1757 corporeus
355 1699 507 1742 oculus
529 1714 617 1743 non
641 1698 776 1753 vidit,
798 1714 878 1743 nec
902 1699 1016 1742 auris
1040 1698 1231 1752 audivit,
1259 1696 1401 1740 necin
1424 1710 1498 1739 eor

108 1769 294 1813 hominis
316 1769 510 1814 aseendit
528 1772 543 1795 3
573 1789 581 1814 :
600 1769 654 1813 de
676 1770 835 1830 quibus
858 1769 928 1813 hic
951 1768 1111 1813 dicitur
1132 1788 1140 1813 :
1167 1788 1186 1810 «
1207 1767 1325 1812 Beati
1344 1764 1498 1810 mundi

111 1857 130 1879 η
167 1839 311 1884 corde.
333 1858 352 1880 »
381 1840 599 1899 Sapientia
622 1840 825 1898 congruit
843 1839 1054 1899 pacificis,
1080 1839 1127 1882 in
1144 1838 1305 1898 quibus
1316 1838 1406 1897 jam
1428 1851 1499 1880 or-

107 1907 255 1954 dinata
288 1919 390 1954 sunt
423 1910 567 1954 omnia
585 1945 595 1964 ,
630 1909 869 1970 nullusque
891 1919 1037 1954 motus
1060 1909 1265 1954 adversus
1286 1908 1497 1951 rationem

109 1979 281 2024 rebellis
319 1990 407 2036 est,
443 1980 519 2024 sed
546 1989 703 2025 cuncta
738 1981 1042 2040 obtemperant
1080 1979 1249 2040 spiritui
1286 1977 1495 2030 hominis,

110 2065 211 2093 cum
233 2059 275 2094 et
295 2051 385 2110 ipse
409 2051 681 2111 obtemperet
703 2054 792 2096 Deo
806 2052 822 2076 ⁴
841 2070 849 2096 z
874 2052 930 2095 de
951 2050 1114 2110 quibus
1135 2049 1293 2095 dicitur
1311 2067 1319 2092 :
1344 2046 1501 2090 «Beati

112 2139 132 2162 »
168 2122 350 2180 pacifici.
380 2141 400 2164 »

169 2194 272 2236 XII.
308 2195 454 2237 Unum
477 2202 622 2238 autem
653 2194 883 2252 praemium
906 2190 1029 2255 quod
1054 2202 1118 2237 est
1147 2205 1328 2250 regnum
1364 2187 1500 2233 coelo-

112 2277 209 2306 rum
227 2298 238 2319 ‚
268 2279 347 2323 pro
369 2264 435 2310 his
465 2263 670 2323 gradibus
702 2265 817 2309 varie
844 2266 1125 2309 nominatum
1153 2272 1230 2306 est.
1257 2265 1308 2306 In
1332 2260 1470 2320 primo
1488 2294 1499 2314 ‚

112 2333 224 2378 sicut
252 2336 482 2394 oportebat
508 2336 698 2395 positum
727 2325 791 2380 est
826 2352 1011 2395 regnum
1036 2333 1251 2380 coelorum
1268 2354 1278 2390 3
1298 2332 1418 2392 quod
1442 2339 1505 2374 est

113 2405 306 2464 perfecta
323 2422 579 2467 summaque
599 2408 807 2466 sapientia
825 2409 980 2452 animae
1003 2404 1241 2452 rationalis.
1271 2404 1338 2448 Sic
1360 2403 1506 2462 itaque

114 2476 283 2521 dictum
306 2486 369 2521 est
391 2496 400 2521 ;
437 2496 457 2519 «
478 2478 598 2522 Beati
632 2493 843 2538 pauperes
869 2478 1052 2538 spiritu3
1077 2474 1288 2537 quoniam
1314 2473 1507 2532 ipsorum

164 2581 172 2597 ¹
195 2578 286 2608 Rom.
308 2586 354 2617 xr,
374 2583 426 2608 20.
448 2591 488 2598 --
509 2581 521 2598 ²
550 2574 671 2607 Matth.
701 2586 735 2616 v,
755 2577 788 2607 6.
809 2591 849 2598 --
870 2573 883 2599 3
902 2575 972 2608 lsai.
1002 2584 1087 2617 mxiv,
1119 2572 1154 2613 4,
1179 2576 1214 2605 et
1234 2582 1247 2604 1
1270 2572 1342 2604 Cor.
1359 2580 1395 2611 ιι,
1413 2580 1446 2612 9.
1467 2583 1507 2591 --

118 2629 134 2660 4
152 2631 228 2663 Vide
253 2633 396 2664 Retract.
416 2630 474 2664 lib.
494 2641 519 2673 1,
537 2640 610 2673 cap.
632 2641 684 2673 19,
700 2641 731 2662 n.
756 2640 785 2664 1.
