<?xml version="1.0" encoding="UTF-8"?>
<!DOCTYPE html PUBLIC "-//W3C//DTD XHTML 1.0 Transitional//EN"
    "http://www.w3.org/TR/xhtml1/DTD/xhtml1-transitional.dtd">
<html xmlns="http://www.w3.org/1999/xhtml" xml:lang="en" lang="en">
 <head>
  <title>
</title>
<meta http-equiv="Content-Type" content="text/html;charset=utf-8" />
  <meta name='ocr-system' content='tesseract 3.04.00' />
  <meta name='ocr-capabilities' content='ocr_page ocr_carea ocr_par ocr_line ocrx_word'/>
</head>
<body>
  <div class='ocr_page' id='page_1' title='image "./operaomniaaccura14auguuoft_0241.png"; bbox 0 0 1819 3301; ppageno 0'>
   <div class='ocr_carea' id='block_1_1' title="bbox 0 0 45 1466">
    <p class='ocr_par' dir='ltr' id='par_1_1' title="bbox 0 0 45 1466">
     <span class='ocr_line' id='line_1_1' title="bbox 0 0 45 1466; baseline 0 0"><span class='ocrx_word' id='word_1_1' title='bbox 0 0 45 1466; x_wconf 95' lang='lat' dir='ltr'> </span> 
     </span>
    </p>
   </div>
   <div class='ocr_carea' id='block_1_2' title="bbox 406 267 1499 313">
    <p class='ocr_par' dir='ltr' id='par_1_2' title="bbox 406 267 1499 313">
     <span class='ocr_line' id='line_1_2' title="bbox 406 267 1499 313; baseline 0.004 -11"><span class='ocrx_word' id='word_1_2' title='bbox 406 274 546 303; x_wconf 71' lang='lat' dir='ltr'>sznmo</span> <span class='ocrx_word' id='word_1_3' title='bbox 577 274 736 302; x_wconf 74' lang='lat' dir='ltr'>nomm</span> <span class='ocrx_word' id='word_1_4' title='bbox 767 274 813 301; x_wconf 69' lang='lat' dir='ltr'>nv</span> <span class='ocrx_word' id='word_1_5' title='bbox 844 274 1020 313; x_wconf 73' lang='lat' dir='ltr'>MONTE,</span> <span class='ocrx_word' id='word_1_6' title='bbox 1055 275 1137 303; x_wconf 77' lang='lat' dir='ltr'>Lm.</span> <span class='ocrx_word' id='word_1_7' title='bbox 1174 277 1222 302; x_wconf 93' lang='lat'>11.</span> <span class='ocrx_word' id='word_1_8' title='bbox 1415 267 1499 307; x_wconf 78' lang='lat'>215</span> 
     </span>
    </p>
   </div>
   <div class='ocr_carea' id='block_1_3' title="bbox 120 337 1513 2213">
    <p class='ocr_par' dir='ltr' id='par_1_3' title="bbox 120 337 1508 876">
     <span class='ocr_line' id='line_1_3' title="bbox 122 337 1503 399; baseline 0.002 -16"><span class='ocrx_word' id='word_1_9' title='bbox 122 347 355 399; x_wconf 81' lang='lat' dir='ltr'>antequam</span> <span class='ocrx_word' id='word_1_10' title='bbox 372 338 480 383; x_wconf 87' lang='lat' dir='ltr'>fiant</span> <span class='ocrx_word' id='word_1_11' title='bbox 498 373 509 393; x_wconf 86' lang='lat'>,</span> <span class='ocrx_word' id='word_1_12' title='bbox 534 348 577 383; x_wconf 89' lang='lat' dir='ltr'>et</span> <span class='ocrx_word' id='word_1_13' title='bbox 598 339 740 393; x_wconf 76' lang='lat' dir='ltr'>novit,</span> <span class='ocrx_word' id='word_1_14' title='bbox 765 347 816 382; x_wconf 93' lang='lat' dir='ltr'>ut</span> <span class='ocrx_word' id='word_1_15' title='bbox 837 337 1003 382; x_wconf 89' lang='lat' dir='ltr'>dictum</span> <span class='ocrx_word' id='word_1_16' title='bbox 1025 347 1110 392; x_wconf 83' lang='lat' dir='ltr'>est,</span> <span class='ocrx_word' id='word_1_17' title='bbox 1142 338 1249 399; x_wconf 89' lang='lat' dir='ltr'>quid</span> <span class='ocrx_word' id='word_1_18' title='bbox 1285 340 1409 384; x_wconf 84' lang='lat' dir='ltr'>nobis</span> <span class='ocrx_word' id='word_1_19' title='bbox 1450 343 1503 386; x_wconf 88' lang='lat' dir='ltr'>sit</span> 
     </span>
     <span class='ocr_line' id='line_1_4' title="bbox 121 408 1505 469; baseline 0.001 -16"><span class='ocrx_word' id='word_1_20' title='bbox 121 409 407 453; x_wconf 88' lang='lat' dir='ltr'>necessarium</span> <span class='ocrx_word' id='word_1_21' title='bbox 425 417 658 468; x_wconf 79' lang='lat' dir='ltr'>antequam</span> <span class='ocrx_word' id='word_1_22' title='bbox 681 417 878 466; x_wconf 86' lang='lat' dir='ltr'>petamus</span> <span class='ocrx_word' id='word_1_23' title='bbox 898 408 953 451; x_wconf 86' lang='lat' dir='ltr'>ab</span> <span class='ocrx_word' id='word_1_24' title='bbox 972 410 1051 452; x_wconf 81' lang='lat' dir='ltr'>eo?</span> <span class='ocrx_word' id='word_1_25' title='bbox 1070 408 1150 453; x_wconf 92' lang='lat' dir='ltr'>Hic</span> <span class='ocrx_word' id='word_1_26' title='bbox 1167 408 1306 468; x_wconf 91' lang='lat' dir='ltr'>primo</span> <span class='ocrx_word' id='word_1_27' title='bbox 1330 425 1505 469; x_wconf 80' lang='lat' dir='ltr'>respon-</span> 
     </span>
     <span class='ocr_line' id='line_1_5' title="bbox 122 477 1504 538; baseline 0.001 -16"><span class='ocrx_word' id='word_1_28' title='bbox 122 478 251 533; x_wconf 87' lang='lat' dir='ltr'>detur</span> <span class='ocrx_word' id='word_1_29' title='bbox 270 513 281 533; x_wconf 88' lang='lat'>‚</span> <span class='ocrx_word' id='word_1_30' title='bbox 310 493 400 522; x_wconf 91' lang='lat' dir='ltr'>non</span> <span class='ocrx_word' id='word_1_31' title='bbox 433 478 575 521; x_wconf 90' lang='lat' dir='ltr'>verbis</span> <span class='ocrx_word' id='word_1_32' title='bbox 597 493 674 521; x_wconf 92' lang='lat' dir='ltr'>nos</span> <span class='ocrx_word' id='word_1_33' title='bbox 695 492 818 535; x_wconf 83' lang='lat' dir='ltr'>agere</span> <span class='ocrx_word' id='word_1_34' title='bbox 840 478 999 522; x_wconf 84' lang='lat' dir='ltr'>debere</span> <span class='ocrx_word' id='word_1_35' title='bbox 1022 477 1136 538; x_wconf 88' lang='lat' dir='ltr'>apud</span> <span class='ocrx_word' id='word_1_36' title='bbox 1156 482 1293 522; x_wconf 88' lang='lat' dir='ltr'>Deum</span> <span class='ocrx_word' id='word_1_37' title='bbox 1312 514 1323 534; x_wconf 80' lang='grc'>,</span> <span class='ocrx_word' id='word_1_38' title='bbox 1349 489 1398 523; x_wconf 88' lang='lat' dir='ltr'>ut</span> <span class='ocrx_word' id='word_1_39' title='bbox 1419 481 1504 524; x_wconf 90' lang='lat' dir='ltr'>im-</span> 
     </span>
     <span class='ocr_line' id='line_1_6' title="bbox 120 546 1501 608; baseline 0.001 -16"><span class='ocrx_word' id='word_1_40' title='bbox 120 557 339 608; x_wconf 89' lang='lat' dir='ltr'>petremus</span> <span class='ocrx_word' id='word_1_41' title='bbox 361 548 482 607; x_wconf 91' lang='lat' dir='ltr'>quod</span> <span class='ocrx_word' id='word_1_42' title='bbox 503 547 704 592; x_wconf 89' lang='lat' dir='ltr'>volumus</span> <span class='ocrx_word' id='word_1_43' title='bbox 722 582 734 602; x_wconf 80' lang='lat'>‚</span> <span class='ocrx_word' id='word_1_44' title='bbox 756 546 831 591; x_wconf 87' lang='lat' dir='ltr'>sed</span> <span class='ocrx_word' id='word_1_45' title='bbox 849 548 977 591; x_wconf 87' lang='lat' dir='ltr'>rebus</span> <span class='ocrx_word' id='word_1_46' title='bbox 998 564 1104 608; x_wconf 88' lang='lat' dir='ltr'>quas</span> <span class='ocrx_word' id='word_1_47' title='bbox 1123 549 1265 594; x_wconf 87' lang='lat' dir='ltr'>animo</span> <span class='ocrx_word' id='word_1_48' title='bbox 1285 550 1471 608; x_wconf 80' lang='lat' dir='ltr'>gerimus</span> <span class='ocrx_word' id='word_1_49' title='bbox 1491 586 1501 606; x_wconf 81' lang='lat'>,</span> 
     </span>
     <span class='ocr_line' id='line_1_7' title="bbox 121 617 1505 680; baseline 0.003 -19"><span class='ocrx_word' id='word_1_50' title='bbox 121 627 165 662; x_wconf 91' lang='lat' dir='ltr'>et</span> <span class='ocrx_word' id='word_1_51' title='bbox 186 617 428 662; x_wconf 86' lang='lat' dir='ltr'>intentione</span> <span class='ocrx_word' id='word_1_52' title='bbox 450 617 719 676; x_wconf 79' lang='lat' dir='ltr'>cogitationis</span> <span class='ocrx_word' id='word_1_53' title='bbox 736 652 747 672; x_wconf 82' lang='lat'>‚</span> <span class='ocrx_word' id='word_1_54' title='bbox 773 633 873 661; x_wconf 89' lang='lat' dir='ltr'>cum</span> <span class='ocrx_word' id='word_1_55' title='bbox 891 617 1122 662; x_wconf 78' lang='lat' dir='ltr'>dilectione</span> <span class='ocrx_word' id='word_1_56' title='bbox 1141 635 1248 679; x_wconf 88' lang='lat' dir='ltr'>pura</span> <span class='ocrx_word' id='word_1_57' title='bbox 1265 629 1308 663; x_wconf 90' lang='lat' dir='ltr'>et</span> <span class='ocrx_word' id='word_1_58' title='bbox 1323 620 1505 680; x_wconf 90' lang='lat' dir='ltr'>simplici</span> 
     </span>
     <span class='ocr_line' id='line_1_8' title="bbox 122 688 1507 748; baseline 0.002 -15"><span class='ocrx_word' id='word_1_59' title='bbox 122 689 282 734; x_wconf 79' lang='lat' dir='ltr'>affectu</span> <span class='ocrx_word' id='word_1_60' title='bbox 309 709 318 735; x_wconf 91' lang='lat'>:</span> <span class='ocrx_word' id='word_1_61' title='bbox 342 689 418 733; x_wconf 89' lang='lat' dir='ltr'>sed</span> <span class='ocrx_word' id='word_1_62' title='bbox 441 705 505 733; x_wconf 88' lang='lat' dir='ltr'>res</span> <span class='ocrx_word' id='word_1_63' title='bbox 527 689 618 748; x_wconf 89' lang='lat' dir='ltr'>ipas</span> <span class='ocrx_word' id='word_1_64' title='bbox 640 689 784 732; x_wconf 84' lang='lat' dir='ltr'>verbis</span> <span class='ocrx_word' id='word_1_65' title='bbox 807 704 883 732; x_wconf 88' lang='lat' dir='ltr'>nos</span> <span class='ocrx_word' id='word_1_66' title='bbox 909 688 1103 733; x_wconf 82' lang='lat' dir='ltr'>docuisse</span> <span class='ocrx_word' id='word_1_67' title='bbox 1141 691 1374 734; x_wconf 88' lang='lat' dir='ltr'>Dominum</span> <span class='ocrx_word' id='word_1_68' title='bbox 1403 707 1507 736; x_wconf 92' lang='lat' dir='ltr'>nos-</span> 
     </span>
     <span class='ocr_line' id='line_1_9' title="bbox 120 759 1508 821; baseline 0.002 -17"><span class='ocrx_word' id='word_1_69' title='bbox 120 769 237 805; x_wconf 88' lang='lat' dir='ltr'>trum</span> <span class='ocrx_word' id='word_1_70' title='bbox 257 795 268 815; x_wconf 87' lang='lat'>,</span> <span class='ocrx_word' id='word_1_71' title='bbox 293 760 453 821; x_wconf 86' lang='lat' dir='ltr'>quibus</span> <span class='ocrx_word' id='word_1_72' title='bbox 476 760 697 804; x_wconf 73' lang='lat' dir='ltr'>memoriae</span> <span class='ocrx_word' id='word_1_73' title='bbox 720 759 934 803; x_wconf 85' lang='lat' dir='ltr'>mandatis</span> <span class='ocrx_word' id='word_1_74' title='bbox 956 775 1025 803; x_wconf 87' lang='lat' dir='ltr'>eas</span> <span class='ocrx_word' id='word_1_75' title='bbox 1059 759 1113 803; x_wconf 86' lang='lat' dir='ltr'>ad</span> <span class='ocrx_word' id='word_1_76' title='bbox 1148 769 1320 821; x_wconf 87' lang='lat' dir='ltr'>tempus</span> <span class='ocrx_word' id='word_1_77' title='bbox 1354 762 1508 807; x_wconf 87' lang='lat' dir='ltr'>orandi</span> 
     </span>
     <span class='ocr_line' id='line_1_10' title="bbox 122 832 417 876; baseline 0 0"><span class='ocrx_word' id='word_1_78' title='bbox 122 832 417 876; x_wconf 86' lang='lat' dir='ltr'>recordemur.</span> 
     </span>
    </p>

    <p class='ocr_par' dir='ltr' id='par_1_4' title="bbox 120 900 1513 2213">
     <span class='ocr_line' id='line_1_11' title="bbox 178 900 1508 962; baseline 0.001 -16"><span class='ocrx_word' id='word_1_79' title='bbox 178 904 300 946; x_wconf 86' lang='lat' dir='ltr'>XIV.</span> <span class='ocrx_word' id='word_1_80' title='bbox 327 902 411 947; x_wconf 90' lang='lat' dir='ltr'>Sed</span> <span class='ocrx_word' id='word_1_81' title='bbox 434 917 580 946; x_wconf 90' lang='lat' dir='ltr'>rursus</span> <span class='ocrx_word' id='word_1_82' title='bbox 601 901 737 962; x_wconf 85' lang='lat' dir='ltr'>quaeri</span> <span class='ocrx_word' id='word_1_83' title='bbox 758 910 922 961; x_wconf 78' lang='lat' dir='ltr'>potest,</span> <span class='ocrx_word' id='word_1_84' title='bbox 950 901 1038 945; x_wconf 88' lang='lat' dir='ltr'>sive</span> <span class='ocrx_word' id='word_1_85' title='bbox 1060 900 1189 945; x_wconf 87' lang='lat' dir='ltr'>rebus</span> <span class='ocrx_word' id='word_1_86' title='bbox 1210 937 1220 957; x_wconf 88' lang='lat'>,</span> <span class='ocrx_word' id='word_1_87' title='bbox 1251 901 1338 946; x_wconf 87' lang='lat' dir='ltr'>sive</span> <span class='ocrx_word' id='word_1_88' title='bbox 1365 903 1508 948; x_wconf 86' lang='lat' dir='ltr'>verbis</span> 
     </span>
     <span class='ocr_line' id='line_1_12' title="bbox 121 973 1507 1034; baseline 0.001 -16"><span class='ocrx_word' id='word_1_89' title='bbox 121 974 335 1018; x_wconf 85' lang='lat' dir='ltr'>orandum</span> <span class='ocrx_word' id='word_1_90' title='bbox 371 974 450 1028; x_wconf 84' lang='lat' dir='ltr'>sit,</span> <span class='ocrx_word' id='word_1_91' title='bbox 477 974 585 1034; x_wconf 85' lang='lat' dir='ltr'>quid</span> <span class='ocrx_word' id='word_1_92' title='bbox 618 988 726 1032; x_wconf 89' lang='lat' dir='ltr'>opus</span> <span class='ocrx_word' id='word_1_93' title='bbox 758 974 812 1016; x_wconf 88' lang='lat' dir='ltr'>sit</span> <span class='ocrx_word' id='word_1_94' title='bbox 840 973 931 1032; x_wconf 87' lang='lat' dir='ltr'>ipsa</span> <span class='ocrx_word' id='word_1_95' title='bbox 967 973 1159 1017; x_wconf 87' lang='lat' dir='ltr'>oratione</span> <span class='ocrx_word' id='word_1_96' title='bbox 1180 1008 1190 1028; x_wconf 80' lang='lat'><strong>‚</strong></span> <span class='ocrx_word' id='word_1_97' title='bbox 1222 974 1255 1017; x_wconf 88' lang='lat' dir='ltr'>si</span> <span class='ocrx_word' id='word_1_98' title='bbox 1288 977 1402 1018; x_wconf 91' lang='lat' dir='ltr'>Deus</span> <span class='ocrx_word' id='word_1_99' title='bbox 1418 976 1507 1034; x_wconf 84' lang='lat' dir='ltr'>jam</span> 
     </span>
     <span class='ocr_line' id='line_1_13' title="bbox 121 1044 1508 1104; baseline 0.001 -16"><span class='ocrx_word' id='word_1_100' title='bbox 121 1044 244 1089; x_wconf 79' lang='lat' dir='ltr'>novit</span> <span class='ocrx_word' id='word_1_101' title='bbox 264 1044 372 1104; x_wconf 90' lang='lat' dir='ltr'>quid</span> <span class='ocrx_word' id='word_1_102' title='bbox 393 1045 519 1090; x_wconf 91' lang='lat' dir='ltr'>nobis</span> <span class='ocrx_word' id='word_1_103' title='bbox 540 1044 826 1089; x_wconf 90' lang='lat' dir='ltr'>necessarium</span> <span class='ocrx_word' id='word_1_104' title='bbox 850 1044 903 1088; x_wconf 87' lang='lat' dir='ltr'>sit</span> <span class='ocrx_word' id='word_1_105' title='bbox 929 1063 937 1088; x_wconf 75' lang='grc' dir='ltr'>ε</span> <span class='ocrx_word' id='word_1_106' title='bbox 963 1044 1043 1088; x_wconf 89' lang='lat' dir='ltr'>nisi</span> <span class='ocrx_word' id='word_1_107' title='bbox 1061 1044 1164 1104; x_wconf 89' lang='lat' dir='ltr'>quia</span> <span class='ocrx_word' id='word_1_108' title='bbox 1186 1045 1276 1104; x_wconf 86' lang='lat' dir='ltr'>ipsa</span> <span class='ocrx_word' id='word_1_109' title='bbox 1304 1047 1508 1091; x_wconf 82' lang='lat' dir='ltr'>orationis</span> 
     </span>
     <span class='ocr_line' id='line_1_14' title="bbox 120 1116 1509 1177; baseline 0.001 -18"><span class='ocrx_word' id='word_1_110' title='bbox 120 1116 306 1160; x_wconf 83' lang='lat' dir='ltr'>intentio</span> <span class='ocrx_word' id='word_1_111' title='bbox 328 1131 402 1160; x_wconf 90' lang='lat' dir='ltr'>cor</span> <span class='ocrx_word' id='word_1_112' title='bbox 423 1125 619 1160; x_wconf 89' lang='lat' dir='ltr'>nostrum</span> <span class='ocrx_word' id='word_1_113' title='bbox 642 1125 811 1177; x_wconf 75' lang='lat' dir='ltr'>serenat</span> <span class='ocrx_word' id='word_1_114' title='bbox 829 1124 872 1159; x_wconf 90' lang='lat' dir='ltr'>et</span> <span class='ocrx_word' id='word_1_115' title='bbox 893 1125 1051 1174; x_wconf 84' lang='lat' dir='ltr'>purgat</span> <span class='ocrx_word' id='word_1_116' title='bbox 1067 1150 1077 1169; x_wconf 80' lang='lat'>,</span> <span class='ocrx_word' id='word_1_117' title='bbox 1099 1116 1388 1177; x_wconf 83' lang='lat' dir='ltr'>capaciusque</span> <span class='ocrx_word' id='word_1_118' title='bbox 1412 1118 1509 1161; x_wconf 83' lang='lat' dir='ltr'>effi·-</span> 
     </span>
     <span class='ocr_line' id='line_1_15' title="bbox 121 1184 1510 1245; baseline 0.001 -15"><span class='ocrx_word' id='word_1_119' title='bbox 121 1186 181 1230; x_wconf 87' lang='lat' dir='ltr'>cit</span> <span class='ocrx_word' id='word_1_120' title='bbox 212 1184 266 1230; x_wconf 88' lang='lat' dir='ltr'>ad</span> <span class='ocrx_word' id='word_1_121' title='bbox 292 1185 542 1245; x_wconf 88' lang='lat' dir='ltr'>excipienda</span> <span class='ocrx_word' id='word_1_122' title='bbox 580 1185 726 1229; x_wconf 86' lang='lat' dir='ltr'>divina</span> <span class='ocrx_word' id='word_1_123' title='bbox 763 1201 966 1240; x_wconf 89' lang='lat' dir='ltr'>munera,</span> <span class='ocrx_word' id='word_1_124' title='bbox 992 1201 1091 1245; x_wconf 78' lang='lat' dir='ltr'>quae</span> <span class='ocrx_word' id='word_1_125' title='bbox 1114 1185 1362 1244; x_wconf 82' lang='lat' dir='ltr'>spiritaliter</span> <span class='ocrx_word' id='word_1_126' title='bbox 1384 1188 1510 1232; x_wconf 89' lang='lat' dir='ltr'>nobis</span> 
     </span>
     <span class='ocr_line' id='line_1_16' title="bbox 121 1254 1513 1315; baseline 0.002 -16"><span class='ocrx_word' id='word_1_127' title='bbox 121 1254 431 1300; x_wconf 85' lang='lat' dir='ltr'>infunduntur.</span> <span class='ocrx_word' id='word_1_128' title='bbox 471 1258 568 1301; x_wconf 90' lang='lat' dir='ltr'>Non</span> <span class='ocrx_word' id='word_1_129' title='bbox 595 1255 708 1299; x_wconf 91' lang='lat' dir='ltr'>enim</span> <span class='ocrx_word' id='word_1_130' title='bbox 745 1255 981 1299; x_wconf 85' lang='lat' dir='ltr'>ambitione</span> <span class='ocrx_word' id='word_1_131' title='bbox 1012 1271 1191 1315; x_wconf 89' lang='lat' dir='ltr'>precum</span> <span class='ocrx_word' id='word_1_132' title='bbox 1220 1271 1299 1300; x_wconf 89' lang='lat' dir='ltr'>nos</span> <span class='ocrx_word' id='word_1_133' title='bbox 1337 1257 1513 1302; x_wconf 83' lang='lat' dir='ltr'>exaudit</span> 
     </span>
     <span class='ocr_line' id='line_1_17' title="bbox 122 1324 1510 1386; baseline 0.001 -16"><span class='ocrx_word' id='word_1_134' title='bbox 122 1328 252 1380; x_wconf 89' lang='lat' dir='ltr'>Deus,</span> <span class='ocrx_word' id='word_1_135' title='bbox 275 1326 350 1386; x_wconf 84' lang='lat' dir='ltr'>qui</span> <span class='ocrx_word' id='word_1_136' title='bbox 372 1342 541 1386; x_wconf 88' lang='lat' dir='ltr'>semper</span> <span class='ocrx_word' id='word_1_137' title='bbox 558 1335 733 1385; x_wconf 81' lang='lat' dir='ltr'>paratus</span> <span class='ocrx_word' id='word_1_138' title='bbox 751 1335 815 1369; x_wconf 85' lang='lat' dir='ltr'>est</span> <span class='ocrx_word' id='word_1_139' title='bbox 831 1324 933 1370; x_wconf 84' lang='lat' dir='ltr'>dare</span> <span class='ocrx_word' id='word_1_140' title='bbox 956 1340 1077 1369; x_wconf 89' lang='lat' dir='ltr'>suam</span> <span class='ocrx_word' id='word_1_141' title='bbox 1095 1325 1237 1369; x_wconf 90' lang='lat' dir='ltr'>lucem</span> <span class='ocrx_word' id='word_1_142' title='bbox 1258 1327 1399 1382; x_wconf 82' lang='lat' dir='ltr'>nobis,</span> <span class='ocrx_word' id='word_1_143' title='bbox 1422 1343 1510 1372; x_wconf 92' lang='lat' dir='ltr'>non</span> 
     </span>
     <span class='ocr_line' id='line_1_18' title="bbox 122 1395 1513 1455; baseline 0.002 -16"><span class='ocrx_word' id='word_1_144' title='bbox 122 1395 361 1451; x_wconf 81' lang='lat' dir='ltr'>visibilem,</span> <span class='ocrx_word' id='word_1_145' title='bbox 386 1395 460 1439; x_wconf 91' lang='lat' dir='ltr'>sed</span> <span class='ocrx_word' id='word_1_146' title='bbox 497 1395 815 1455; x_wconf 82' lang='lat' dir='ltr'>intelligibilem</span> <span class='ocrx_word' id='word_1_147' title='bbox 839 1404 882 1439; x_wconf 86' lang='lat' dir='ltr'>et</span> <span class='ocrx_word' id='word_1_148' title='bbox 920 1395 1153 1455; x_wconf 83' lang='lat' dir='ltr'>spiritalem</span> <span class='ocrx_word' id='word_1_149' title='bbox 1182 1397 1285 1440; x_wconf 85' lang='lat' dir='ltr'>:sed</span> <span class='ocrx_word' id='word_1_150' title='bbox 1315 1412 1393 1441; x_wconf 92' lang='lat' dir='ltr'>nos</span> <span class='ocrx_word' id='word_1_151' title='bbox 1422 1413 1513 1442; x_wconf 89' lang='lat' dir='ltr'>non</span> 
     </span>
     <span class='ocr_line' id='line_1_19' title="bbox 121 1465 1511 1525; baseline 0.002 -16"><span class='ocrx_word' id='word_1_152' title='bbox 121 1481 291 1525; x_wconf 89' lang='lat' dir='ltr'>semper</span> <span class='ocrx_word' id='word_1_153' title='bbox 307 1467 444 1525; x_wconf 83' lang='lat' dir='ltr'>parati</span> <span class='ocrx_word' id='word_1_154' title='bbox 467 1481 615 1510; x_wconf 91' lang='lat' dir='ltr'>sumus</span> <span class='ocrx_word' id='word_1_155' title='bbox 639 1466 855 1525; x_wconf 87' lang='lat' dir='ltr'>accipere,</span> <span class='ocrx_word' id='word_1_156' title='bbox 881 1481 981 1510; x_wconf 89' lang='lat' dir='ltr'>cum</span> <span class='ocrx_word' id='word_1_157' title='bbox 1005 1465 1267 1510; x_wconf 88' lang='lat' dir='ltr'>inclinamur</span> <span class='ocrx_word' id='word_1_158' title='bbox 1288 1467 1333 1510; x_wconf 92' lang='lat' dir='ltr'>in</span> <span class='ocrx_word' id='word_1_159' title='bbox 1355 1466 1451 1523; x_wconf 83' lang='lat' dir='ltr'>alia,</span> <span class='ocrx_word' id='word_1_160' title='bbox 1468 1477 1511 1512; x_wconf 91' lang='lat' dir='ltr'>et</span> 
     </span>
     <span class='ocr_line' id='line_1_20' title="bbox 122 1537 1507 1597; baseline 0.001 -16"><span class='ocrx_word' id='word_1_161' title='bbox 122 1552 267 1581; x_wconf 89' lang='lat' dir='ltr'>rerum</span> <span class='ocrx_word' id='word_1_162' title='bbox 297 1537 600 1596; x_wconf 84' lang='lat' dir='ltr'>temporalium</span> <span class='ocrx_word' id='word_1_163' title='bbox 638 1537 876 1597; x_wconf 87' lang='lat' dir='ltr'>cupiditate</span> <span class='ocrx_word' id='word_1_164' title='bbox 904 1538 1198 1581; x_wconf 85' lang='lat' dir='ltr'>tenebrarum.</span> <span class='ocrx_word' id='word_1_165' title='bbox 1227 1539 1297 1582; x_wconf 87' lang='lat' dir='ltr'>Fit</span> <span class='ocrx_word' id='word_1_166' title='bbox 1330 1554 1431 1596; x_wconf 85' lang='lat' dir='ltr'>ergo</span> <span class='ocrx_word' id='word_1_167' title='bbox 1464 1540 1507 1582; x_wconf 88' lang='lat' dir='ltr'>in</span> 
     </span>
     <span class='ocr_line' id='line_1_21' title="bbox 122 1607 1510 1668; baseline 0.001 -17"><span class='ocrx_word' id='word_1_168' title='bbox 122 1607 317 1652; x_wconf 87' lang='lat' dir='ltr'>oratione</span> <span class='ocrx_word' id='word_1_169' title='bbox 338 1609 560 1651; x_wconf 87' lang='lat' dir='ltr'>conversio</span> <span class='ocrx_word' id='word_1_170' title='bbox 579 1607 721 1651; x_wconf 87' lang='lat' dir='ltr'>cordis</span> <span class='ocrx_word' id='word_1_171' title='bbox 744 1609 799 1652; x_wconf 90' lang='lat' dir='ltr'>ad</span> <span class='ocrx_word' id='word_1_172' title='bbox 821 1623 919 1651; x_wconf 92' lang='lat' dir='ltr'>eum</span> <span class='ocrx_word' id='word_1_173' title='bbox 942 1643 953 1661; x_wconf 79' lang='grc'>,</span> <span class='ocrx_word' id='word_1_174' title='bbox 974 1608 1050 1668; x_wconf 88' lang='lat' dir='ltr'>qui</span> <span class='ocrx_word' id='word_1_175' title='bbox 1071 1623 1239 1666; x_wconf 85' lang='lat' dir='ltr'>semper</span> <span class='ocrx_word' id='word_1_176' title='bbox 1261 1608 1363 1652; x_wconf 85' lang='lat' dir='ltr'>dare</span> <span class='ocrx_word' id='word_1_177' title='bbox 1385 1625 1510 1667; x_wconf 83' lang='lat' dir='ltr'>para-</span> 
     </span>
     <span class='ocr_line' id='line_1_22' title="bbox 121 1678 1505 1738; baseline 0.001 -16"><span class='ocrx_word' id='word_1_178' title='bbox 121 1687 189 1722; x_wconf 91' lang='lat' dir='ltr'>tus</span> <span class='ocrx_word' id='word_1_179' title='bbox 207 1687 271 1721; x_wconf 89' lang='lat' dir='ltr'>est</span> <span class='ocrx_word' id='word_1_180' title='bbox 291 1713 301 1732; x_wconf 93' lang='lat'>‚</span> <span class='ocrx_word' id='word_1_181' title='bbox 323 1679 357 1721; x_wconf 88' lang='lat' dir='ltr'>si</span> <span class='ocrx_word' id='word_1_182' title='bbox 379 1693 456 1722; x_wconf 91' lang='lat' dir='ltr'>nos</span> <span class='ocrx_word' id='word_1_183' title='bbox 474 1678 695 1737; x_wconf 78' lang='lat' dir='ltr'>capiamus</span> <span class='ocrx_word' id='word_1_184' title='bbox 715 1678 836 1738; x_wconf 88' lang='lat' dir='ltr'>quod</span> <span class='ocrx_word' id='word_1_185' title='bbox 859 1678 1027 1722; x_wconf 86' lang='lat' dir='ltr'>dederit</span> <span class='ocrx_word' id='word_1_186' title='bbox 1053 1698 1061 1722; x_wconf 92' lang='lat'><strong>:</strong></span> <span class='ocrx_word' id='word_1_187' title='bbox 1088 1688 1131 1722; x_wconf 90' lang='lat' dir='ltr'>et</span> <span class='ocrx_word' id='word_1_188' title='bbox 1152 1678 1194 1723; x_wconf 92' lang='lat' dir='ltr'>in</span> <span class='ocrx_word' id='word_1_189' title='bbox 1216 1679 1306 1738; x_wconf 83' lang='lat' dir='ltr'>ipsa</span> <span class='ocrx_word' id='word_1_190' title='bbox 1326 1695 1505 1724; x_wconf 86' lang='lat' dir='ltr'>conver-</span> 
     </span>
     <span class='ocr_line' id='line_1_23' title="bbox 122 1747 1508 1810; baseline 0.001 -18"><span class='ocrx_word' id='word_1_191' title='bbox 122 1748 241 1792; x_wconf 90' lang='lat' dir='ltr'>sione</span> <span class='ocrx_word' id='word_1_192' title='bbox 258 1748 456 1806; x_wconf 84' lang='lat' dir='ltr'>purgatio</span> <span class='ocrx_word' id='word_1_193' title='bbox 477 1747 692 1791; x_wconf 86' lang='lat' dir='ltr'>interioris</span> <span class='ocrx_word' id='word_1_194' title='bbox 715 1747 851 1801; x_wconf 85' lang='lat' dir='ltr'>oculi,</span> <span class='ocrx_word' id='word_1_195' title='bbox 882 1764 983 1792; x_wconf 90' lang='lat' dir='ltr'>cum</span> <span class='ocrx_word' id='word_1_196' title='bbox 1019 1747 1312 1793; x_wconf 84' lang='lat' dir='ltr'>excluduntur</span> <span class='ocrx_word' id='word_1_197' title='bbox 1339 1765 1386 1793; x_wconf 91' lang='lat' dir='ltr'>ea</span> <span class='ocrx_word' id='word_1_198' title='bbox 1410 1767 1508 1810; x_wconf 71' lang='lat' dir='ltr'>quae</span> 
     </span>
     <span class='ocr_line' id='line_1_24' title="bbox 122 1817 1508 1879; baseline 0.003 -18"><span class='ocrx_word' id='word_1_199' title='bbox 122 1817 419 1877; x_wconf 87' lang='lat' dir='ltr'>temporaliter</span> <span class='ocrx_word' id='word_1_200' title='bbox 439 1819 753 1877; x_wconf 81' lang='lat' dir='ltr'>cupiebantur3</span> <span class='ocrx_word' id='word_1_201' title='bbox 777 1828 827 1863; x_wconf 93' lang='lat' dir='ltr'>ut</span> <span class='ocrx_word' id='word_1_202' title='bbox 856 1820 964 1863; x_wconf 89' lang='lat' dir='ltr'>acies</span> <span class='ocrx_word' id='word_1_203' title='bbox 998 1820 1139 1863; x_wconf 88' lang='lat' dir='ltr'>cordis</span> <span class='ocrx_word' id='word_1_204' title='bbox 1158 1819 1360 1879; x_wconf 87' lang='lat' dir='ltr'>simplicis</span> <span class='ocrx_word' id='word_1_205' title='bbox 1394 1821 1508 1865; x_wconf 85' lang='lat' dir='ltr'>ferre</span> 
     </span>
     <span class='ocr_line' id='line_1_25' title="bbox 123 1888 1510 1948; baseline 0.002 -16"><span class='ocrx_word' id='word_1_206' title='bbox 123 1890 256 1948; x_wconf 86' lang='lat' dir='ltr'>possit</span> <span class='ocrx_word' id='word_1_207' title='bbox 288 1888 527 1948; x_wconf 90' lang='lat' dir='ltr'>simplicem</span> <span class='ocrx_word' id='word_1_208' title='bbox 565 1889 736 1944; x_wconf 86' lang='lat' dir='ltr'>lucem,</span> <span class='ocrx_word' id='word_1_209' title='bbox 771 1889 977 1933; x_wconf 89' lang='lat' dir='ltr'>divinitus</span> <span class='ocrx_word' id='word_1_210' title='bbox 1011 1890 1102 1933; x_wconf 89' lang='lat' dir='ltr'>sine</span> <span class='ocrx_word' id='word_1_211' title='bbox 1134 1889 1226 1934; x_wconf 90' lang='lat' dir='ltr'>ullo</span> <span class='ocrx_word' id='word_1_212' title='bbox 1258 1906 1412 1934; x_wconf 85' lang='lat' dir='ltr'>occasu</span> <span class='ocrx_word' id='word_1_213' title='bbox 1436 1902 1510 1936; x_wconf 87' lang='lat' dir='ltr'>aut</span> 
     </span>
     <span class='ocr_line' id='line_1_26' title="bbox 122 1957 1511 2017; baseline 0.002 -15"><span class='ocrx_word' id='word_1_214' title='bbox 122 1957 425 2002; x_wconf 89' lang='lat' dir='ltr'>immutatione</span> <span class='ocrx_word' id='word_1_215' title='bbox 448 1957 691 2017; x_wconf 78' lang='lat' dir='ltr'>fulgentem</span> <span class='ocrx_word' id='word_1_216' title='bbox 714 1978 723 2004; x_wconf 88' lang='lat'><strong>:</strong></span> <span class='ocrx_word' id='word_1_217' title='bbox 748 1975 827 2003; x_wconf 90' lang='lat' dir='ltr'>nec</span> <span class='ocrx_word' id='word_1_218' title='bbox 844 1958 984 2003; x_wconf 90' lang='lat' dir='ltr'>solum</span> <span class='ocrx_word' id='word_1_219' title='bbox 1008 1960 1136 2014; x_wconf 83' lang='lat' dir='ltr'>ferre,</span> <span class='ocrx_word' id='word_1_220' title='bbox 1167 1960 1241 2003; x_wconf 91' lang='lat' dir='ltr'>sed</span> <span class='ocrx_word' id='word_1_221' title='bbox 1264 1961 1393 2005; x_wconf 86' lang='lat' dir='ltr'>etiam</span> <span class='ocrx_word' id='word_1_222' title='bbox 1416 1977 1511 2005; x_wconf 85' lang='lat' dir='ltr'>ma-</span> 
     </span>
     <span class='ocr_line' id='line_1_27' title="bbox 124 2028 1511 2086; baseline 0.004 -15"><span class='ocrx_word' id='word_1_223' title='bbox 124 2042 227 2071; x_wconf 90' lang='lat' dir='ltr'>nere</span> <span class='ocrx_word' id='word_1_224' title='bbox 250 2028 296 2071; x_wconf 92' lang='lat' dir='ltr'>in</span> <span class='ocrx_word' id='word_1_225' title='bbox 328 2028 430 2086; x_wconf 79' lang='lat' dir='ltr'>illa3</span> <span class='ocrx_word' id='word_1_226' title='bbox 468 2043 556 2072; x_wconf 89' lang='lat' dir='ltr'>non</span> <span class='ocrx_word' id='word_1_227' title='bbox 580 2037 749 2072; x_wconf 86' lang='lat' dir='ltr'>tantum</span> <span class='ocrx_word' id='word_1_228' title='bbox 772 2030 863 2072; x_wconf 88' lang='lat' dir='ltr'>sine</span> <span class='ocrx_word' id='word_1_229' title='bbox 896 2028 1092 2073; x_wconf 83' lang='lat' dir='ltr'>molestia</span> <span class='ocrx_word' id='word_1_230' title='bbox 1109 2065 1120 2085; x_wconf 83' lang='lat'>‚</span> <span class='ocrx_word' id='word_1_231' title='bbox 1143 2031 1217 2074; x_wconf 92' lang='lat' dir='ltr'>sed</span> <span class='ocrx_word' id='word_1_232' title='bbox 1253 2031 1380 2074; x_wconf 86' lang='lat' dir='ltr'>etiam</span> <span class='ocrx_word' id='word_1_233' title='bbox 1410 2048 1511 2076; x_wconf 89' lang='lat' dir='ltr'>cum</span> 
     </span>
     <span class='ocr_line' id='line_1_28' title="bbox 124 2097 1509 2162; baseline 0.004 -21"><span class='ocrx_word' id='word_1_234' title='bbox 124 2097 336 2142; x_wconf 86' lang='lat' dir='ltr'>ineffabili</span> <span class='ocrx_word' id='word_1_235' title='bbox 354 2099 512 2157; x_wconf 84' lang='lat' dir='ltr'>gaudio</span> <span class='ocrx_word' id='word_1_236' title='bbox 533 2134 543 2155; x_wconf 87' lang='lat'>‚</span> <span class='ocrx_word' id='word_1_237' title='bbox 569 2115 658 2160; x_wconf 86' lang='lat' dir='ltr'>quo</span> <span class='ocrx_word' id='word_1_238' title='bbox 681 2115 781 2145; x_wconf 87' lang='lat' dir='ltr'>vere</span> <span class='ocrx_word' id='word_1_239' title='bbox 804 2116 853 2145; x_wconf 88' lang='lat' dir='ltr'>ac</span> <span class='ocrx_word' id='word_1_240' title='bbox 886 2101 1106 2145; x_wconf 87' lang='lat' dir='ltr'>sinceriter</span> <span class='ocrx_word' id='word_1_241' title='bbox 1128 2101 1254 2146; x_wconf 83' lang='lat' dir='ltr'>beata</span> <span class='ocrx_word' id='word_1_242' title='bbox 1286 2103 1373 2147; x_wconf 85' lang='lat' dir='ltr'>vita</span> <span class='ocrx_word' id='word_1_243' title='bbox 1406 2118 1509 2162; x_wconf 89' lang='lat' dir='ltr'>per-</span> 
     </span>
     <span class='ocr_line' id='line_1_29' title="bbox 124 2169 283 2213; baseline 0.006 -1"><span class='ocrx_word' id='word_1_244' title='bbox 124 2169 283 2213; x_wconf 89' lang='lat' dir='ltr'>ficitur.</span> 
     </span>
    </p>
   </div>
  </div>
 </body>
</html>
