1819 3301
360 233 445 273 446
784 244 818 274 s.
855 244 1087 273 Ancusnm
1121 246 1304 274 EPlscom

417 315 496 364 ΠΙ.
532 313 676 365 Quare
697 312 849 356 missus
872 320 935 354 est
957 314 1146 355 Joannes
1168 311 1420 370 baptizans?
1449 314 1546 356 Jam
1571 314 1750 358 memini

356 398 425 426 me
435 392 650 441 quantum
667 383 788 441 potui
804 381 957 426 dixisse
969 381 1181 426 Charitati
1191 384 1370 427 Vestrae.
1389 383 1433 428 Si
1455 383 1571 427 enim
1594 383 1750 444 baptis-

355 469 450 498 mus
471 458 494 499 J
500 455 648 498 oannis
671 453 934 497 necessarius
956 461 1048 497 erat
1069 452 1198 497 saluti
1224 462 1411 512 nostrae3
1447 463 1490 497 et
1517 455 1649 499 modo
1670 453 1750 498 de-

359 524 449 568 buit
470 523 670 568 exerceri.
710 525 807 568 Non
839 523 956 567 enim
983 521 1116 567 modo
1149 539 1238 568 non
1267 524 1490 569 salvantur
1518 525 1716 570 homines
1735 560 1747 582 ,

355 606 429 640 aut
449 611 536 639 non
555 595 687 640 modo
709 594 856 654 plures
878 594 1101 639 salvantur
1117 630 1127 649 ‚
1156 604 1232 639 aut
1255 595 1338 639 alia
1357 604 1462 640 tunc
1490 595 1605 643 salus
1635 605 1747 652 erat,

302 700 306 703 .
354 675 397 709 et
414 665 494 708 alia
518 665 663 709 modo.
689 665 731 710 Si
753 674 946 711 mutatus
969 675 1033 709 est
1048 666 1267 721 Christus,
1290 675 1458 710 mutata
1480 676 1544 712 est
1561 676 1604 711 et
1617 666 1747 712 salus:

353 737 387 781 si
414 736 527 780 salus
549 735 593 781 in
616 736 790 782 Christo
813 746 877 781 est
896 771 906 785 .
937 745 979 780 et
1005 728 1123 780 idem
1146 737 1237 795 ipse
1259 737 1457 782 Christus
1478 747 1570 792 est,
1599 737 1750 782 eadem

353 807 476 852 nobis
503 806 617 851 salus
640 816 718 851 est.
754 806 838 852 Sed
860 822 994 868 quare
1018 807 1170 852 missus
1199 816 1262 851 est
1286 809 1475 852 Joannes
1499 808 1751 868 baptizans?

353 877 462 931 Quia
484 877 714 935 oportebat
728 877 935 936 baptizari
959 877 1198 922 Christum.
1219 880 1364 932 Quare
1387 878 1617 937 oportebat
1636 878 1749 938 bap-

356 947 746 992 tizariChristumP
776 950 920 1000 Quare
951 947 1146 1005 oportuit
1171 948 1289 992 nasci
1323 948 1576 993 Christum?
1605 950 1750 1001 Quare

353 1020 546 1077 oportuit
568 1019 763 1077 crucifigi
798 1019 1020 1063 Christum
1041 1020 1090 1062 1?
1133 1018 1177 1063 Si
1211 1019 1326 1062 enim
1351 1019 1464 1063 viam
1490 1018 1750 1064 humilitatis

353 1091 727 1135 demonstraturus
763 1090 1029 1144 advenerat,
1061 1099 1104 1134 et
1135 1106 1179 1134 se
1209 1092 1351 1149 ipsum
1380 1088 1576 1135 facturus
1611 1091 1751 1150 ipsam

353 1161 608 1206 humilitatis
625 1162 738 1204 viam
768 1180 776 1205 :
803 1162 847 1204 in
870 1161 1073 1205 omnibus
1091 1160 1146 1204 ab
1165 1176 1216 1204 eo
1238 1160 1459 1219 implenda
1479 1170 1570 1205 erat
1601 1160 1750 1204 humi-

352 1234 462 1277 litas.
498 1223 812 1277 Auctoritatem
831 1231 933 1275 dare
961 1232 1173 1290 baptismo
1204 1247 1282 1275 suo
1317 1232 1419 1276 hinc
1433 1231 1636 1289 dignatus
1655 1241 1747 1286 est,

355 1313 400 1347 ut
423 1312 732 1360 cognoscerent
753 1303 862 1346 servi
890 1313 1052 1362 quanta
1082 1302 1304 1346 alacritate
1330 1303 1542 1363 deberent
1576 1317 1750 1347 currere

352 1373 408 1416 ad
426 1373 686 1432 baptismum
714 1372 884 1416 Domini
907 1406 916 1427 ‚
944 1372 1122 1431 quando
1147 1372 1236 1431 ipse
1266 1388 1356 1427 non
1393 1372 1653 1431 dedignatus
1686 1382 1750 1417 est

349 1444 564 1503 suscipere
577 1444 840 1502 baptismum
854 1442 978 1486 servi.
1001 1446 1220 1487 Donatum
1235 1443 1352 1487 enim
1368 1452 1460 1486 erat
1475 1444 1558 1488 hoc
1570 1446 1593 1488 J
1598 1443 1746 1497 oanni,

353 1524 401 1558 ut
420 1515 553 1573 ipsius
573 1514 816 1573 baptismus
833 1512 1067 1558 diceretur.

394 1587 468 1628 IV.
484 1588 576 1628 Hoc
591 1584 802 1638 attendat,
818 1592 860 1626 et
872 1582 1125 1640 distinguat,
1138 1591 1180 1626 et
1193 1583 1360 1626 noverit
1375 1583 1746 1628 CharitasVestra.

352 1656 597 1715 Baptismus
625 1670 755 1714 quem
785 1655 954 1713 accepit
971 1657 1182 1708 Joannes‚
1210 1654 1450 1714 baptismus
1468 1655 1646 1698 Joannis
1664 1653 1750 1698 dic-

355 1737 420 1771 tus
446 1737 509 1771 est
538 1747 546 1772 :
577 1727 692 1771 solus
727 1725 812 1770 tale
850 1725 1018 1771 donum
1054 1725 1224 1784 accepit
1258 1744 1267 1770 ;
1307 1725 1455 1769 nullus
1491 1735 1592 1771 ante
1624 1725 1749 1770 illum

345 1798 565 1856 justorum
592 1816 600 1842 :
627 1795 775 1841 nullus
811 1806 907 1856 post
929 1795 1081 1852 illum,
1110 1805 1159 1839 ut
1196 1796 1411 1855 acciperet
1451 1797 1716 1856 baptismum
1734 1831 1745 1852 ,

350 1868 428 1926 qui
451 1868 690 1927 baptismus
712 1867 825 1911 illius
847 1866 1077 1912 diceretur.
1103 1867 1284 1926 Accepit
1307 1866 1503 1925 quidem,
1521 1883 1609 1911 non
1633 1868 1748 1912 enim

355 1954 377 1981 a
408 1955 451 1982 se
480 1948 622 1998 posset
647 1937 810 1998 aliquid
834 1957 842 1981 ;
868 1938 901 1981 si
934 1937 1049 1981 enim
1075 1953 1097 1981 a
1126 1953 1170 1981 se
1197 1937 1294 1997 quis
1321 1936 1516 1999 loquitur
1533 1973 1544 1993 ,
1568 1937 1748 1983 menda-

352 2010 469 2055 cium
500 2009 555 2053 de
587 2024 667 2054 suo
691 2007 930 2067 loquitur2.
966 2011 1023 2052 Et
1045 2007 1164 2052 unde
1186 2008 1374 2067 accepit⁷
1400 2009 1479 2052 nisi
1508 2024 1531 2052 a
1564 2009 1748 2054 Domino

351 2083 455 2124 Jesu
483 2080 686 2125 Christo?
711 2079 778 2124 Ab
807 2077 882 2122 illo
907 2087 953 2121 ut
976 2078 1194 2136 baptizare
1229 2087 1372 2138 posset
1402 2079 1590 2137 accepit,
1615 2094 1747 2138 quem

351 2160 497 2210 postea
522 2150 772 2209 baptizavit.
796 2148 939 2193 Nolite
962 2148 1105 2192 mirari
1132 2168 1142 2193 ;
1164 2149 1223 2193 sic
1243 2149 1359 2192 enim
1381 2150 1463 2193 hoc
1481 2148 1584 2196 fecit
1600 2150 1748 2194 Chris-

355 2231 422 2265 tus
456 2222 500 2266 in
533 2224 723 2274 Joanne‚
763 2218 986 2279 quomodo
1022 2219 1233 2277 quiddam
1265 2218 1369 2263 fecit
1404 2220 1449 2263 in
1488 2229 1640 2264 matre.
1686 2223 1747 2264 De

350 2293 523 2338 Christo
546 2292 662 2337 enim
685 2291 850 2337 dictum
865 2300 928 2335 est
948 2309 956 2334 z
983 2290 1168 2334 «Omnia
1185 2305 1261 2350 per
1278 2291 1420 2349 ipsum
1439 2290 1550 2336 facta
1564 2293 1742 2336 sunt32»

349 2364 383 2407 si
406 2366 552 2407 omnia
575 2378 653 2422 per
674 2363 814 2421 ipsum
829 2396 839 2416 ,
864 2372 906 2406 et
929 2361 1062 2408 Maria
1081 2361 1312 2421 peripsum
1336 2361 1446 2407 facta
1478 2371 1566 2416 est,
1588 2362 1643 2406 de
1659 2377 1745 2422 qua

349 2444 496 2492 postea
519 2444 646 2478 natus
668 2443 732 2476 est
753 2433 964 2477 Christus.
988 2431 1192 2479 Intendat
1213 2432 1410 2477 Charitas
1432 2435 1598 2478 Vestra.
1620 2435 1743 2487 Quo-

396 2537 403 2553 ί
426 2530 655 2571 Interrogando
674 2529 850 2571 respondet
874 2528 1062 2572 quaestioni,
1078 2532 1113 2560 ut
1126 2538 1219 2569 supra
1232 2530 1341 2560 Tract.
1362 2539 1408 2570 lv,
1426 2539 1455 2560 n.
1483 2527 1533 2561 13.
1550 2545 1592 2553 --
1612 2534 1625 2551 ²
1644 2530 1736 2563 Joan.

347 2585 462 2626 v1n,4.
483 2602 524 2608 -
542 2584 554 2607 3
575 2586 620 2618 ld.
644 2596 666 2626 1,
693 2585 724 2616 3.
