1819 3301
361 281 442 319 358
792 288 826 317 s.
863 289 1095 317 Ancus'nm
1127 289 1308 317 muscum

359 355 526 415 telliges
545 391 555 411 ,
600 354 670 399 vel
712 355 840 398 etiam
886 355 1093 413 adjuncto
1134 369 1315 412 corpore
1346 355 1437 414 ejus
1459 389 1470 409 ,
1517 355 1636 414 quod
1677 363 1741 399 est

361 426 567 472 Ecclesia.
606 425 856 469 Secundum
885 432 1031 467 autem
1060 421 1169 467 illud
1194 425 1314 483 quod
1341 433 1405 468 est
1432 434 1564 483 caput
1586 423 1739 468 Eccle-

360 498 433 542 siae
452 532 463 552 ,
487 497 653 540 dictum
686 504 750 538 est
776 514 784 539 2
815 514 834 535 «
868 493 1030 539 Solvite
1051 493 1264 554 templum
1298 495 1411 551 hoc,
1447 504 1490 539 et
1516 495 1562 539 in
1592 495 1740 540 triduo

359 588 380 611 »
417 566 634 612 suscitabo
655 561 807 609 illud1.
836 583 856 606 »
885 564 1136 611 Secundum
1164 565 1209 609 id
1231 581 1333 610 vero
1361 564 1481 626 quod
1508 566 1635 610 etiam
1660 565 1739 610 ad-

350 641 500 701 juncta
542 637 734 681 Ecclesia
769 635 1028 696 intelligitur
1063 637 1302 697 templum,
1341 637 1516 681 videtur
1550 636 1735 683 dixisse:

357 729 377 753 »
413 709 595 754 Auferte
629 708 707 752 ista
735 707 867 752 hinc:
904 707 1120 767 Scriptum
1153 717 1237 761 est,
1272 711 1434 752 Domus
1465 724 1561 752 mea
1583 706 1739 753 domus

355 799 375 822 »
412 778 617 824 orationis
634 778 884 832 vocabitur,
906 793 982 822 vos
1000 785 1147 822 autem
1170 776 1328 822 fecistis
1350 794 1443 822 cam
1463 777 1644 822 domum
1666 792 1740 822 ne-

353 869 374 892 »
412 844 683 909 gotiationis,
723 848 793 892 vel
824 847 1076 908 speluncam
1112 846 1377 893 latronum2.
1416 867 1435 890 »
1476 849 1740 907 Significavit

353 922 469 966 enim
490 919 659 965 futuros
681 913 726 963 in
744 918 935 964 Ecclesia
953 955 963 974 ,
989 920 1065 981 qui
1085 935 1161 964 sua
1184 919 1357 979 negotia
1379 919 1522 980 potius
1544 930 1734 978 agerent,

355 992 425 1038 vel
461 990 785 1052 receptaculum
826 990 888 1034 ibi
926 992 1141 1035 haberent
1174 987 1228 1035 ad
1273 990 1533 1036 occultanda
1579 991 1736 1036 scelera

359 1079 451 1118 sua,
477 1077 608 1123 quam
626 1070 675 1106 ut
695 1061 951 1106 charitatem
973 1057 1133 1106 Christi
1153 1064 1453 1122 sequerentur,
1479 1071 1522 1106 et
1534 1071 1735 1122 peccato-

351 1150 450 1179 rum
468 1130 738 1180 confessione
759 1141 936 1193 accepta
951 1132 1076 1177 venia
1098 1133 1431 1191 corrigerentur.

836 1277 1073 1332 QUAESTIO
1104 1278 1239 1321 XLIX.

406 1416 472 1457 An
489 1411 535 1456 id
557 1411 679 1473 q'uod
700 1411 832 1457 dixit:
849 1428 868 1455 «
890 1415 988 1458 Non
1010 1413 1127 1456 enim
1144 1412 1260 1457 ultra
1281 1412 1498 1472 incipiunt
1517 1413 1654 1462 mori3
1680 1432 1689 1458 :
1711 1431 1730 1455 »

345 1481 455 1538 Quia
477 1484 698 1528 connubia
720 1488 898 1543 propter
930 1481 1064 1538 filios,
1090 1482 1168 1526 filii
1190 1492 1368 1542 propter
1390 1483 1730 1540 successionem,

343 1556 552 1599 successio
571 1563 748 1614 propter
774 1563 959 1598 mortem
980 1573 988 1598 ε
1014 1553 1092 1597 ubi
1112 1569 1215 1613 ergo
1236 1569 1351 1598 mors
1369 1570 1458 1598 non
1481 1563 1565 1609 est,
1591 1570 1735 1615 neque

341 1627 577 1672 connubia.
606 1627 723 1671 Sicut
746 1627 862 1669 enirn
884 1641 1003 1669 nunc
1026 1641 1167 1670 sermo
1189 1635 1335 1670 noster
1356 1626 1669 1670 decedentibus
1691 1636 1734 1671 et

340 1696 674 1742 succedentibus
705 1694 882 1753 syllabis
911 1696 1133 1755 peragitur
1161 1705 1295 1756 atque
1316 1696 1540 1755 perficitur
1564 1715 1573 1741 ε
1597 1699 1656 1741 ita
1690 1706 1732 1741 et

338 1769 419 1828 ipsi
455 1768 653 1812 homines
688 1776 877 1827 quorum
912 1780 1052 1811 sermo
1087 1775 1149 1811 est
1164 1803 1175 1821 ,
1212 1766 1466 1811 decedendo
1496 1782 1544 1822 ac
1578 1782 1731 1812 succe-

339 1837 484 1883 dendo
514 1847 728 1897 peragunt
761 1847 891 1898 atque
923 1837 1157 1896 perficiunt
1185 1837 1385 1881 ordinem
1407 1838 1536 1897 hujus
1557 1836 1726 1894 saeculi,

336 1909 413 1970 qui
435 1906 741 1967 temporalium
763 1923 908 1951 rerum
930 1905 1257 1967 pulchritudine
1287 1909 1549 1952 contexitur.
1579 1912 1631 1952 In
1654 1908 1729 1953 illa

336 1987 482 2023 autem
507 1979 592 2022 vita
614 1979 821 2038 quoniam
843 1978 1037 2021 Verbum
1062 1978 1138 2021 Dei
1156 1994 1244 2038 quo
1266 1977 1483 2032 fruemur,
1509 1977 1632 2023 nulla
1651 1979 1729 2023 de-

335 2050 525 2093 cessione
542 2057 585 2092 et
605 2048 871 2092 successione
891 2046 1158 2105 syllabarum
1181 2048 1427 2106 completur
1444 2083 1454 2101 ‚
1483 2047 1559 2091 sed
1581 2049 1726 2093 omnia

335 2135 435 2179 quae
463 2118 598 2162 habet
629 2133 797 2177 semper
818 2115 1036 2161 manendo
1061 2118 1189 2161 simul
1222 2118 1374 2172 habet,
1400 2119 1459 2161 ita
1494 2119 1726 2178 participes

333 2190 445 2249 ejus,
470 2189 629 2249 quibus
651 2189 794 2247 ipsum
823 2186 963 2232 solum
985 2187 1067 2231 erit
1084 2187 1171 2232 vita
1188 2223 1198 2242 ,
1225 2203 1368 2248 neque
1394 2188 1621 2234 moriendo
1643 2190 1724 2234 sibi

332 2259 566 2315 decedent,
593 2275 735 2320 neque
754 2254 974 2303 nascendo
995 2258 1246 2303 succedent.

380 2362 390 2378 ¹
410 2358 502 2388 Joan.
521 2367 558 2398 η,
580 2367 630 2398 ¹9·
658 2372 700 2379 —-
715 2363 727 2378 ²
753 2356 834 2388 Ibid.
860 2355 920 2395 16;
940 2357 1015 2387 Luc.
1043 2365 1115 2397 xxx,
1133 2353 1200 2397 46;
1220 2356 1291 2387 Isai'.
1312 2366 1375 2397 nvi,
1392 2366 1428 2398 73
1449 2358 1642 2398 Jerem.vu‚
1666 2368 1718 2398 11,

333 2413 366 2443 et
383 2409 493 2443 Matth.
518 2421 585 2452 xxi,
607 2411 658 2443 13.
679 2428 721 2434 -—
741 2408 754 2434 ³
775 2412 851 2443 Luc.
873 2421 928 2451 xx,
948 2408 1002 2443 36.
