1819 3301
263 321 316 347 οε
347 318 556 348 consensu
591 317 1000 358 EVANGEMSTAMJM,
1036 319 1118 345 mn.
1152 320 1221 344 stt.
1384 307 1437 345 37

56 401 174 441 sum,
194 401 292 429 cum
312 385 590 429 admonerem
613 383 721 444 quid
742 385 787 428 in
807 384 873 428 his
895 383 1158 443 propheticis
1185 382 1440 428 testimoniis

56 457 100 500 in
122 471 261 500 unum
293 455 476 500 redactis
503 464 546 499 et
580 454 839 513 evangelicae
861 454 1095 499 narrationi
1117 453 1283 498 collatis
1301 488 1312 508 ‚
1340 453 1442 497 dili-

58 527 228 585 gentius
244 526 536 586 attentiusque
549 525 808 586 requiratur.
821 527 925 570 Haec
935 524 1196 584 interposuit
1206 524 1443 570 Matthaeus

57 596 113 640 de
133 599 157 640 J
163 596 247 640 uda
269 595 492 641 traditore-

64 740 1441 760 §KWWVWWWWWWEUWWWWUMWWWRNWWBWJW‘WWWUWWWWWWQ

62 1184 82 1206 ))

64 1255 83 1277 ))

65 1324 84 1347 ))

65 1395 84 1418 ))

5 1486 7 1489 .
65 1465 85 1487 ))

65 1536 84 1558 ))

0 1601 1 1626 Ῐ
54 1606 85 1628 ’))

65 1676 85 1698 ))

0 1731 85 1768 ’))

67 1817 85 1838 ))

68 1887 87 1908 ))

68 1956 87 1978 >1

69 2027 88 2049 ))

69 2097 88 2119 ))

71 2168 89 2189 >)

70 2238 89 2260 ))

71 2306 92 2329 ))

73 2377 93 2399 ))

73 2447 93 2470 ))

73 2517 93 2540 ))

75 2587 95 2610 ))

77 2659 97 2680 ))

540 849 755 898 CAPUT
794 850 931 898 VIII.

414 971 538 1033 Quoe
557 969 694 1030 apud
706 969 922 1016 Pilatum
943 981 1099 1032 gesta.

117 1096 306 1137 XXXII.
330 1097 497 1138 Dmm:
520 1094 716 1153 sequitur
732 1129 742 1149 ,
762 1103 805 1137 et
818 1093 924 1137 dicit
951 1111 960 1138 :
984 1113 1003 1135 «
1021 1096 1145 1137 Jesus
1163 1102 1307 1138 autem
1329 1095 1447 1138 stetit

119 1175 218 1208 ante
237 1163 477 1223 praesidem,
498 1173 540 1207 et
562 1164 844 1222 interrogavit
866 1179 965 1207 enm
984 1179 1140 1223 praeses
1155 1199 1165 1218 ,
1189 1163 1359 1208 dicens:
1383 1167 1449 1207 Tu

119 1252 168 1279 esi
184 1251 256 1278 rex
279 1236 530 1279 Judaeorum
547 1237 564 1278 Ξ)
583 1236 696 1279 Dicit
712 1235 750 1278 ei
773 1238 896 1278 Jesus
922 1254 931 1279 2
951 1237 1014 1278 Tu
1038 1234 1158 1278 dicis.
1178 1237 1233 1278 Et
1256 1251 1358 1278 cum
1380 1251 1451 1279 ac-

119 1315 343 1349 cusaretur
358 1322 380 1349 a
399 1306 667 1364 principibus
689 1305 964 1349 sacerdotum
987 1315 1029 1349 et
1047 1305 1288 1350 senioribus
1303 1341 1313 1360 ‚
1338 1305 1449 1349 nihil

122 1375 356 1435 respondit.
387 1378 509 1419 Tunc
543 1375 648 1419 dicit
682 1375 746 1418 illi
783 1375 945 1419 Pilatus
973 1395 980 1419 :
1007 1378 1103 1419 Non
1137 1375 1259 1419 audis
1287 1385 1453 1435 quanta

121 1447 349 1490 adversum
382 1455 424 1488 te
462 1446 615 1489 dicunt
641 1445 921 1489 testimonia?
954 1449 1009 1490 Et
1045 1461 1133 1490 non
1168 1446 1388 1505 respondit
1416 1446 1455 1489 ei

121 1516 259 1560 ullum
294 1516 503 1570 verbum,
532 1516 589 1559 ita
624 1525 674 1559 ut
699 1516 926 1559 miraretur
959 1531 1116 1575 praeses
1151 1516 1447 1560 vehementer.

124 1590 202 1630 Per
225 1586 340 1630 diem
369 1597 514 1629 autem
537 1586 774 1630 solemnem
803 1596 1089 1630 consueverat
1122 1602 1278 1646 praeses
1301 1586 1453 1630 dimit-

121 1667 209 1701 tere
224 1656 386 1715 populo
411 1672 548 1700 unum
572 1656 768 1699 vinctum
801 1671 933 1716 quem
965 1656 1201 1699 voluissent
1228 1676 1236 1700 :
1263 1657 1455 1702 habebat

122 1736 267 1770 autem
287 1736 389 1770 tunc
405 1727 598 1770 vinctum
616 1726 844 1784 insignem,
866 1726 940 1785 qui
956 1726 1184 1770 dicebatur
1204 1726 1423 1770 Barabbas
1441 1747 1450 1772 2

122 1797 392 1856 congregatis
411 1812 512 1855 ergo
536 1796 617 1839 illis
640 1797 749 1840 dixit
774 1795 936 1839 Pilatus
959 1816 966 1840 :
995 1798 1136 1848 Quem
1159 1796 1289 1840 vultis
1311 1796 1455 1841 dimit-

124 1876 211 1911 tam
235 1867 379 1920 vobis,
406 1866 671 1920 Barabbam,
701 1881 756 1908 an
787 1868 933 1909 Jesum
958 1865 1035 1925 qui
1053 1864 1211 1909 dicitur
1230 1867 1459 1911 Christus?

126 1937 295 1981 Sciebat
328 1936 443 1979 enim
467 1935 587 1995 quod
609 1951 686 1994 per
709 1936 915 1979 invidiam
940 1935 1216 1981 tradidissent
1236 1952 1351 1980 eum.
1380 1940 1458 1982 Se-

124 2006 255 2050 dente
279 2016 422 2050 autem
436 2005 512 2049 illo
538 2021 615 2064 pro
633 2006 841 2049 tribunali
860 2041 870 2061 ‚
888 2007 1003 2050 misit
1021 2006 1076 2050 ad
1096 2006 1220 2050 illum
1239 2023 1349 2051 uxor
1367 2009 1460 2067 ejus

125 2078 271 2121 dicens
293 2096 300 2121 :
327 2076 442 2120 Nihil
471 2076 551 2119 tibi
574 2086 616 2119 et
639 2078 759 2135 justo
782 2075 872 2130 illi,
907 2076 1043 2120 multa
1073 2077 1189 2120 enim
1218 2092 1339 2135 passa
1363 2093 1459 2121 sum

124 2148 254 2192 hodie
276 2162 353 2206 per
375 2146 514 2191 visum
538 2155 716 2205 propter
737 2161 854 2189 eum.
894 2147 1111 2205 Principes
1142 2156 1287 2190 autem
1316 2163 1459 2192 sacer-

125 2218 279 2262 dotum
312 2226 356 2261 et
393 2216 581 2260 seniores
611 2225 919 2275 persuaserunt
957 2216 1130 2276 populis
1174 2226 1225 2261 ut
1259 2227 1461 2275 peterent

127 2287 369 2331 Barabbam
387 2321 397 2340 ,
423 2289 573 2329 Jesum
594 2302 696 2331 vero
719 2286 965 2345 perderent.
999 2286 1283 2346 Respondens
1314 2298 1461 2333 autem

130 2372 284 2417 praeses
307 2356 365 2400 ait
387 2355 469 2399 illis
486 2375 494 2400 z
511 2361 648 2408 Quem
662 2355 795 2401 vultis
807 2357 932 2401 vobis
946 2355 1000 2400 de
1015 2356 1188 2401 duobus
1203 2357 1363 2402 dimitti
1377 2360 1394 2400 ‘2
1406 2361 1466 2404 At

130 2427 190 2471 illi
213 2426 415 2470 dixerunt
435 2445 443 2470 ε
460 2426 719 2470 Barabbam.
741 2427 854 2471 Dicit
872 2426 955 2471 illis
976 2427 1138 2471 Pilatus
1161 2443 1170 2469 :
1199 2428 1315 2480 Quid
1330 2428 1465 2488 igitur

129 2497 283 2541 faciam
301 2496 356 2541 de
379 2499 481 2541 Jesu
497 2532 507 2552 ,
541 2497 618 2557 qui
640 2496 799 2541 dicitur
831 2497 1060 2544 Christus?
1094 2497 1253 2542 Dicunt
1275 2514 1424 2544 omnes
1451 2520 1460 2546 ε

131 2567 512 2613 Crucificatur.Ait
523 2567 607 2612 illis
624 2583 780 2627 praeses
796 2567 934 2621 :Quid
946 2568 1061 2611 enim
1074 2567 1175 2611 mali
1189 2567 1317 2613 feeit?
1331 2573 1388 2613 At
1399 2570 1462 2614 illi

134 2639 267 2696 magis
290 2638 552 2695 clamabant,
578 2638 1302 2698 dicentes:C1·ucifigatur?Videns
1316 2650 1461 2686 autem
