1819 3301
346 282 425 321 144
726 295 757 323 s.
808 296 1038 325 Asousnm
1072 299 1251 325 EPJSCOI‘l

340 360 459 404 tione
488 359 686 404 tolerare.
725 364 832 405 Nam
864 361 989 405 multi
1026 362 1246 418 haeretiei,
1285 362 1462 407 nomine
1495 363 1729 407 christiano

342 431 505 474 animas
533 430 816 490 decipientes,
843 431 981 476 multa
1018 432 1114 477 talia
1139 433 1367 492 patiuntur
1400 453 1407 478 ε
1433 432 1509 478 sed
1535 433 1632 478 ideo
1655 449 1730 477 ex-

342 499 584 545 cluduntur
601 501 655 545 ab
674 503 751 545 ista
768 501 988 558 mercede,
1017 503 1117 563 quia
1140 519 1229 548 non
1251 503 1416 548 dietum
1441 513 1504 548 est
1527 512 1697 548 tantum
1720 523 1727 547 :

347 591 366 613 «
403 573 522 615 Beati
545 573 620 631 qui
644 573 989 631 persecutionem
1009 574 1235 633 patiuntur
1254 596 1264 631 3
1291 595 1308 616 »
1330 575 1406 619 sed
1429 574 1626 619 additum
1650 583 1730 629 est,

348 662 367 684 «
404 646 585 702 Propter
601 644 815 703 justitiam
834 664 841 688 :
866 663 884 685 »
909 644 994 688 Ubi
1017 655 1162 689 autem
1185 661 1287 690 sana
1310 646 1416 689 fides
1437 661 1526 690 non
1549 654 1628 701 est,
1645 660 1734 690 non

343 723 486 772 potest
508 729 597 758 esse
619 714 808 775 justitia,
834 716 933 776 quia
945 717 1088 776 justus
1107 733 1155 760 ex
1171 717 1256 760 fide
1276 717 1382 762 vivit
1399 719 1428 760 ¹.
1441 719 1591 777 Neque
1607 715 1736 761 schis-

344 785 491 830 matici
509 785 677 846 aliquid
694 787 775 831 sibi
798 803 848 831 ex
869 787 948 832 ista
971 788 1171 833 mercede
1186 788 1442 847 promittant
1461 809 1472 846 ς
1495 788 1598 848 quia
1621 786 1736 831 simi-

343 855 443 900 liter
462 857 538 900 ubi
561 858 744 902 charitas
766 873 856 902 non
877 868 964 913 est,
989 874 1078 903 non
1104 868 1244 918 potest
1265 875 1353 903 esse
1367 858 1533 919 justitia
1557 878 1565 903 :
1593 857 1738 902 Dilec-

344 928 406 972 tio
427 929 544 972 enim
567 930 752 988 proximi
777 930 940 974 malum
962 946 1052 975 non
1085 934 1334 990 operatur2.
1372 933 1512 984 Quam
1537 930 1570 974 si
1600 929 1737 974 habe-

346 1008 444 1043 rent
459 1015 547 1044 non
566 999 828 1044 dilaniarent
849 1017 1005 1061 eorpus
1028 1001 1187 1046 Christi
1206 1036 1216 1056 ,
1242 1000 1362 1061 quod
1384 1010 1448 1045 est
1469 1000 1704 1044 Ecclesia³.

405 1071 525 1113 XIV.
552 1070 697 1122 Quaeri
718 1081 862 1115 autem
878 1081 1018 1131 potest
1036 1071 1144 1132 quid
1160 1071 1328 1116 intersit
1345 1070 1466 1131 quod
1482 1070 1542 1115 ait
1561 1090 1569 1115 :
1586 1090 1605 1113 «
1625 1073 1739 1115 Cum

350 1158 370 1181 »
407 1140 528 1184 vobis
550 1140 840 1197 maledicent,
866 1152 936 1198 et,
962 1144 1103 1186 Omne
1138 1142 1302 1186 malum
1339 1141 1487 1186 dicent
1510 1141 1740 1186 adversum

351 1229 371 1252 n
406 1227 511 1255 vos:
540 1230 560 1252 »
586 1228 686 1256 eum
710 1212 995 1267 maledicere,
1021 1213 1105 1257 lioe
1138 1213 1219 1268 sit,
1267 1212 1430 1257 malum
1469 1211 1626 1256 dicere.
1657 1211 1742 1257 Sed

352 1281 475 1325 aliter
498 1282 777 1327 maledictum
797 1285 986 1343 jactatur
1003 1300 1104 1328 eum
1120 1284 1385 1328 contumelia
1408 1299 1553 1328 eoram
1575 1282 1650 1327 illo
1671 1282 1742 1327 eui

350 1351 647 1407 maledicitur,
683 1354 795 1398 sieut
830 1355 1016 1399 Domino
1039 1364 1186 1399 nostro
1215 1354 1380 1398 dietum
1420 1363 1511 1398 est:
1541 1373 1561 1395 «
1587 1355 1742 1398 Nonne

354 1440 373 1462 )›
410 1438 563 1466 verum
599 1423 782 1467 dicimus
801 1459 812 1478 ,
849 1426 949 1484 quia
990 1426 1284 1471 Samaritanus
1304 1440 1369 1479 es,
1411 1433 1454 1467 et
1476 1423 1743 1467 daemonium

355 1511 374 1533 »
410 1494 609 1537 habes⁴P
635 1513 653 1534 υ
691 1494 814 1539 aliter
850 1511 950 1539 eum
984 1496 1173 1539 absentis
1196 1494 1310 1539 sama
1332 1494 1527 1550 laeditur,
1555 1495 1667 1538 sicut
1689 1493 1743 1537 de

352 1562 427 1608 illo
450 1565 554 1608 item
584 1565 784 1609 scribitur
808 1586 815 1610 :
850 1586 869 1607 «
892 1566 977 1610 Alii
1009 1567 1213 1611 dicebant
1239 1586 1247 1611 ε
1280 1567 1389 1620 Quia
1413 1566 1625 1625 propheta
1647 1573 1710 1610 est
1731 1585 1742 1622 3
1786 1578 1789 1579 ’

355 1652 374 1674 ))
412 1634 483 1677 alii
520 1644 667 1679 autem
703 1636 905 1680 dicebant
934 1656 941 1680 :
967 1640 1086 1691 Non,
1127 1636 1202 1680 sed
1240 1636 1408 1680 seducit
1430 1635 1642 1696 populum
1662 1638 1692 1678 ⁵.
1721 1653 1740 1675 »

354 1705 560 1764 Persequi
584 1714 727 1749 autem
746 1741 756 1760 ,
786 1715 849 1750 est
881 1707 969 1750 vim
1001 1706 1164 1750 inferre
1180 1742 1190 1762 ,
1227 1707 1296 1751 vel
1319 1705 1483 1750 insidiis
1506 1714 1709 1766 appetere
1732 1723 1742 1749 ι

354 1775 475 1834 quod
496 1775 599 1820 fecit
637 1777 713 1836 qui
751 1792 853 1820 eum
888 1776 1092 1832 tradidit,
1130 1787 1173 1822 et
1194 1778 1270 1837 qui
1292 1793 1392 1821 eum
1415 1777 1741 1821 erucifixerunt.

358 1848 468 1890 Sane
491 1846 612 1906 quod
647 1848 776 1891 etiam
799 1849 883 1892 hoe
907 1864 997 1892 non
1020 1857 1084 1891 est
1120 1847 1238 1892 nude
1262 1850 1451 1908 positum
1471 1883 1481 1904 ,
1507 1858 1556 1893 ut
1578 1848 1746 1892 dicere-

356 1926 427 1961 tur
447 1937 455 1960 :
487 1937 506 1959 ι(
527 1921 582 1961 Et
604 1918 751 1962 dicent
766 1935 895 1962 omne
918 1919 1083 1963 malum
1101 1918 1330 1963 adversum
1351 1935 1450 1974 vos,
1480 1937 1500 1960 »
1529 1918 1605 1963 sed
1627 1918 1748 1962 addi-

359 1997 451 2032 tum
475 1998 537 2032 est
559 2008 578 2031 «
603 1991 864 2034 Mentientes
886 2011 896 2048 3
919 2009 938 2032 »
966 1990 1165 2035 additum
1183 1991 1312 2035 etiam
1336 2010 1344 2035 z
1370 2010 1389 2032 «
1416 1994 1597 2049 Propter
1617 2005 1743 2033 met»

356 2069 535 2119 propter
553 2076 625 2106 eos
648 2060 846 2106 additum
863 2071 988 2121 puto,
1015 2062 1091 2122 qui
1113 2061 1268 2107 volunt
1296 2062 1350 2105 de
1372 2060 1748 2121 persecutionibus

356 2139 400 2175 et
423 2130 476 2175 de
494 2130 623 2175 famae
646 2147 735 2176 suae
758 2132 1031 2192 turpitudine
1049 2132 1218 2190 gloriari
1242 2153 1252 2189 3
1278 2141 1320 2175 et
1342 2132 1439 2175 ideo
1461 2131 1604 2174 dicere
1627 2129 1683 2174 ad
1704 2144 1748 2174 se

357 2202 573 2259 pertinere
606 2203 852 2258 Christum,
890 2203 991 2263 quia
1021 2203 1159 2246 multa
1195 2202 1250 2245 de
1270 2200 1354 2244 illis
1376 2201 1583 2245 dicuntur
1603 2199 1745 2252 mala3

358 2288 459 2316 eum
497 2283 541 2318 et
566 2290 668 2318 vera
696 2275 920 2327 dieantur,
948 2273 1125 2333 quando
1148 2272 1203 2316 de
1223 2271 1399 2316 illorum
1421 2287 1565 2317 errore
1587 2271 1746 2316 dieun—

361 2354 429 2388 tur
450 2365 458 2389 ε
481 2354 524 2390 et
545 2346 579 2389 si
601 2345 838 2405 aliquando
862 2345 991 2388 etiam
1014 2343 1226 2389 nonnulla
1249 2343 1353 2389 salsa
1366 2344 1608 2403 jactantur,
1626 2341 1747 2403 quod

358 2416 600 2460 temeritate
621 2416 848 2460 hominum
871 2415 1128 2475 plerumque
1151 2414 1324 2469 accidit,
1342 2430 1432 2459 non
1454 2423 1599 2458 tamen
1621 2429 1748 2473 prop-

359 2492 423 2528 ter
450 2486 671 2530 Christum
698 2486 776 2529 ista
806 2485 1048 2544 patiuntur.
1075 2488 1172 2530 Non
1204 2484 1320 2529 enim
1349 2484 1571 2529 Christum
1603 2483 1747 2544 sequi—

407 2586 415 2602 ¹
446 2580 566 2614 Babae.
598 2593 643 2622 ιι,
674 2580 714 2622 4,
746 2585 778 2613 et
797 2582 886 2613 Rom.
906 2591 927 2621 1,
953 2591 1001 2622 ¹7·
1024 2598 1063 2604 —-
1088 2587 1099 2603 ²
1121 2582 1210 2614 Rom.
1232 2591 1298 2621 xm,
1322 2591 1372 2613 10.
1395 2597 1436 2602 —
1457 2578 1469 2604 3
1488 2579 1555 2613 Col.
1583 2591 1607 2621 1,
1627 2577 1681 2621 24.
1705 2595 1747 2602 —

360 2632 375 2663 4
393 2636 483 2667 Joan.
499 2635 649 2678 V111,48.
672 2652 712 2660 —-
733 2634 746 2659 ⁶
767 2636 811 2669 ld.
833 2647 895 2677 vn,
916 2644 965 2669 12.
