1819 3301
363 273 446 312 166
756 281 760 285 ”
803 283 835 311 s.
871 283 1103 312 Aueusnm
1137 285 1318 312 nmscom

359 369 381 394 »
416 360 544 396 tuum
565 360 636 395 eat
658 351 702 394 in
726 351 995 408 gehennam1
1025 368 1033 395 :
1062 367 1082 390 »
1103 350 1219 409 cogit
1240 365 1437 410 quaerere
1471 349 1720 407 diligentius
1736 385 1748 405 ‚

360 420 469 481 quid
487 420 644 464 dixerit
661 420 854 464 oculum.
881 423 930 462 In
949 434 1035 479 qua
1049 421 1287 478 quaestione
1310 420 1419 464 nihil
1442 421 1547 464 mihi
1563 421 1751 469 occurrit

361 492 694 549 congruentius,
721 505 853 549 quam
871 489 1198 533 dilectissimum
1222 491 1438 547 amicum3
1463 506 1561 533 nam
1585 491 1668 534 hoc
1689 501 1752 535 est

360 564 514 623 utique
541 560 660 621 quod
680 561 928 604 membrum
956 570 1071 605 recte
1093 577 1320 621 possumus
1355 562 1597 621 appellare,
1631 562 1753 622 quod

359 634 641 678 vehementer
657 631 875 688 diligimus
893 651 902 676 2
929 641 972 675 et
994 632 1112 676 hunc
1133 632 1424 676 consiliarium
1443 653 1453 689 3
1478 632 1580 691 quia
1600 632 1752 676 oculus

360 713 451 757 est,
478 712 688 762 tanquam
710 701 1011 746 demonstrans
1026 703 1134 758 iter3
1160 712 1203 745 et
1220 702 1264 745 in
1287 703 1415 745 rebus
1444 701 1624 756 divinis,
1650 703 1752 761 quia

359 773 509 816 dexter
532 781 595 816 est
622 782 696 816 :ut
713 772 884 815 sinister
905 773 958 815 sit
976 773 1159 816 dilectus
1175 772 1353 831 quidem
1371 772 1656 827 consiliarius,
1678 772 1753 816 sed

359 843 405 886 in
424 842 554 886 rebus
578 842 757 885 terrenis
779 841 833 884 ad
858 842 1155 885 necessitatem
1179 843 1370 900 corporis
1397 843 1718 900 pertinentibus
1738 878 1749 897 ‚

361 913 416 957 de
437 929 526 972 quo
559 912 878 956 scandalizante
911 913 1182 971 superfluum
1217 922 1308 956 erat
1340 913 1512 967 dicere,
1548 912 1751 973 quando-

360 983 540 1043 quidem
563 999 643 1026 nec
672 983 826 1026 dextro
848 982 1118 1041 parcendum
1140 983 1207 1025 sit.
1231 986 1282 1025 In
1310 982 1440 1025 rebus
1462 991 1606 1026 autem
1637 982 1752 1027 divi-

362 1055 428 1098 nis
446 1053 715 1098 consiliarius
733 1054 1024 1098 scandalizans
1040 1063 1116 1107 est,
1137 1055 1166 1097 si
1191 1055 1236 1097 in
1259 1053 1448 1113 aliquam
1468 1055 1752 1113 perniciosam

362 1126 561 1169 haeresim
584 1127 759 1169 nomine
781 1125 1001 1184 religionis
1025 1135 1156 1185 atque
1178 1125 1388 1168 doctrinae
1411 1135 1594 1169 conatur
1623 1125 1755 1169 indu-

363 1211 475 1240 cere.
511 1199 625 1253 Ergo
647 1205 689 1239 et
727 1196 902 1239 dextera
933 1211 1085 1239 manus
1109 1197 1346 1255 accipiatur
1368 1196 1552 1240 dilectus
1582 1195 1755 1256 adjutor

365 1276 409 1310 et
440 1267 636 1310 minister
658 1267 703 1309 in
730 1267 886 1310 divinis
908 1267 1113 1326 operibus
1146 1287 1155 1311 ε
1182 1282 1282 1310 nam
1315 1257 1688 1327 quemadmodum
1709 1267 1755 1310 in

364 1336 494 1380 oculo
520 1336 830 1395 contemplatio
851 1372 861 1389 ‚
888 1337 946 1380 sic
971 1337 1015 1380 in
1034 1353 1166 1381 manu
1188 1347 1304 1380 recte
1326 1338 1438 1381 actio
1460 1337 1720 1396 intelligitur
1742 1356 1750 1381 :

362 1417 412 1456 ut
433 1408 601 1451 sinistra
626 1423 778 1452 manus
811 1407 1080 1467 intelligatur
1100 1410 1147 1453 in
1168 1409 1373 1469 operibus
1396 1425 1495 1468 quae
1530 1409 1631 1452 huie
1653 1409 1754 1452 vitae

365 1487 409 1522 et
430 1479 600 1538 corpori
615 1487 716 1523 sunt
733 1479 983 1522 necessaria.
1522 1486 1525 1487 ’

372 1659 1219 1675 wmkwwwmvvwmwwmwkmwww

1423 1658 1517 1672 mm
1521 1658 1758 1673 mm

846 1801 1063 1849 CAPUT
1110 1802 1243 1851 xiv.

432 1956 641 2000 XXXIX.
673 1974 694 1996 «
726 1958 897 1999 DICTUM
921 1965 984 1999 est
1012 1964 1156 1999 autem
1184 1974 1192 1998 ε
1229 1955 1505 2014 Quicumque
1548 1954 1760 2000 dimiserit

373 2044 393 2068 »
429 2040 607 2073 uxorem
630 2041 776 2078 suam,
804 2026 878 2069 det
909 2025 971 2069 illi
992 2025 1189 2070 libellum
1212 2025 1397 2084 repudii.
1428 2044 1446 2066 υ
1480 2027 1761 2086 Haecjustitia

368 2097 511 2142 minor
535 2105 598 2139 est
622 2096 952 2150 Pharisaeorum,
968 2096 1038 2140 eui
1057 2112 1146 2140 non
1167 2106 1229 2140 est
1245 2096 1510 2140 contrarium
1527 2097 1647 2156 quod
1674 2090 1767 2141 Do*x

367 2167 511 2216 minus
533 2165 637 2214 dicit
663 2185 672 2211 ε
701 2186 721 2213 ς(
747 2169 840 2224 Ego
863 2176 1008 2213 autem
1030 2167 1128 2211 dico
1150 2167 1273 2211 vo'bis
1297 2186 1305 2210 ι
1330 2167 1607 2226 Quicumque
1631 2167 1761 2212 dimi,-

368 2255 388 2276 »
425 2236 527 2279 serit
551 2250 728 2279 uxorem
756 2252 877 2279 suam
894 2271 904 2290 ‚
940 2245 1118 2294 excepta
1143 2235 1438 2280 fornicationis
1478 2252 1631 2291 causa,
1658 2236 1760 2283 facit

370 2324 391 2347 »
427 2321 522 2355 eam
542 2306 782 2363 moriebar-ig
807 2316 850 2350 et
871 2306 947 2368 qui
964 2305 1149 2351 solutam
1172 2322 1194 2349 a
1218 2307 1310 2349 viro
1332 2305 1507 2350 duxerit
1527 2342 1537 2361 ,
1559 2308 1759 2352 moecha-

367 2395 387 2417 »
427 2385 496 2424 tur
508 2378 540 2418 2.
571 2393 590 2416 η
618 2377 714 2424 Nou
749 2376 864 2419 enim
888 2377 963 2435 qui
987 2376 1191 2435 praecepit
1213 2376 1305 2422 dari
1328 2376 1526 2421 libellum
1551 2377 1749 2436 repudii,

364 2446 448 2490 hoc
473 2446 698 2504 praecepit,
723 2454 771 2492 ut
806 2462 913 2495 uxor
946 2446 1190 2494 dimittatur
1212 2465 1221 2491 ε
1246 2445 1322 2497 sed
1343 2466 1362 2488 (ι
1387 2447 1470 2499 Qui
1505 2446 1716 2492 dimiserit
1737 2482 1747 2502 ‚

367 2533 387 2561 >v
424 2515 590 2574 inquit,
631 2516 705 2565 det
755 2514 819 2565 illi
853 2515 1050 2565 libellum
1088 2515 1258 2575 repudii
1294 2535 1302 2560 :
1339 2535 1358 2556 »
1394 2525 1443 2560 ut
1482 2516 1752 2563 iracundiam

419 2617 426 2632 ¹
450 2612 569 2642 Matth.
597 2622 628 2652 v,
648 2612 700 2644 30.
720 2628 760 2633 —
780 2618 791 2634 ²
820 2612 868 2644 111.
885 2623 917 2649 v,
939 2612 994 2652 31,
1015 2612 1069 2643 32.
