1819 3301
310 296 362 333 17
367 297 392 334 2
743 309 776 336 s.
813 306 1044 336 AUGUSTINI
1078 309 1259 337 zmscom

307 388 420 429 rem,
443 373 476 417 si
509 388 636 419 causa
664 372 961 419 fornicationis
990 389 1080 418 non
1113 373 1244 418 fuerit
1269 392 1278 419 ε
1311 374 1346 418 si
1369 383 1514 420 autem
1537 375 1695 432 fuerit,

306 460 396 489 non
418 445 535 504 cogit
557 445 775 489 dimittere
793 479 803 499 ,
829 443 901 488 sed
923 444 1137 503 permittit
1158 464 1167 489 ι
1192 445 1302 489 sicut
1324 444 1484 490 dicitur
1510 465 1518 490 :
1556 466 1576 488 «
1602 449 1699 492 Non

310 533 330 557 »
365 515 493 560 liceat
515 515 686 559 mulieri
705 515 870 558 nubere
891 513 1042 570 alteri,
1067 515 1149 559 nisi
1166 524 1340 560 mortuo
1361 516 1486 560 viro?
1503 535 1522 558 n
1549 517 1583 561 si
1601 527 1700 562 ante

305 586 385 631 viri
412 595 595 630 mortem
629 586 848 645 nupserit,
875 601 946 630 rea
968 594 1063 643 est,
1100 586 1134 630 si
1156 596 1253 645 post
1273 586 1355 631 viri
1392 595 1578 631 mortem
1610 603 1701 632 non

306 657 527 717 nupserit,
565 672 655 701 non
690 666 754 701 est
775 672 847 702 rea
873 676 881 701 ε
908 672 998 701 non
1030 657 1145 701 enim
1169 658 1286 717 jussa
1315 666 1380 702 est
1402 657 1570 702 nubere
1588 694 1599 713 ,
1625 659 1702 703 sed

306 728 524 788 permissa.
559 729 603 772 Si
626 743 729 787 ergo
750 744 829 789 par
845 727 985 772 sorma
1008 737 1072 773 est
1089 728 1135 772 in
1158 728 1239 773 isto
1251 729 1350 788 jure
1371 729 1564 789 conjugii
1587 729 1701 774 inter

306 799 449 845 virum
471 807 514 843 et
536 798 780 855 mulierem,
800 814 940 860 usque
957 798 1066 844 adeo
1078 807 1126 843 ut
1142 813 1233 843 non
1255 808 1427 844 tantum
1443 798 1498 843 de
1520 797 1701 845 foemina

307 871 424 916 idem
447 871 679 931 Apostolus
700 871 884 916 dixerit:
917 890 937 913 «
970 869 1130 915 Mulier
1163 886 1253 915 non
1280 871 1414 916 habet
1441 879 1703 930 potestatem

310 960 330 984 »
365 943 430 986 sui
452 943 644 1002 corporis
661 978 672 997 ,
698 941 773 987 sed
790 942 879 986 vir¹
902 962 913 998 3
943 961 960 983 »
988 940 1064 985 sed
1092 940 1223 985 etiam
1256 940 1311 986 de
1340 940 1416 986 illo
1437 957 1528 986 non
1550 951 1701 986 tacue-

306 1013 362 1056 rit
385 1012 531 1057 dicens
556 1032 564 1057 :
595 1031 616 1054 «
642 1011 848 1057 Similiter
869 1021 913 1056 et
932 1012 998 1057 vir
1019 1012 1085 1056 sui
1106 1012 1298 1071 corporis
1326 1021 1589 1071 potestatem
1612 1028 1703 1058 non

310 1101 330 1124 »
367 1083 527 1138 habet,
562 1082 639 1127 sed
675 1082 855 1128 mulier:
877 1100 897 1124 »
923 1083 957 1126 si
986 1097 1088 1141 ergo
1120 1082 1270 1127 similis
1308 1081 1449 1127 forma
1484 1092 1577 1138 est,
1614 1099 1704 1128 non

307 1162 480 1213 oportet
496 1152 680 1212 intelligi
702 1152 831 1197 licere
854 1152 1028 1197 mulieri
1047 1153 1190 1198 virum
1214 1153 1450 1209 dimittere,
1470 1153 1552 1197 nisi
1575 1169 1704 1200 causa

308 1224 626 1280 fornicationis,
652 1224 764 1269 sicut
787 1234 830 1269 et
852 1224 960 1269 viro.

366 1298 523 1339 XLIV.
551 1294 929 1341 Considerandum
951 1303 1015 1339 est
1039 1295 1188 1355 itaque
1214 1304 1430 1356 quatenus
1453 1294 1702 1340 fornicatio-

307 1382 408 1410 nem
438 1365 681 1424 intelligere
717 1366 980 1421 debeamus,
1005 1375 1049 1410 et
1076 1365 1371 1410 consulendus
1392 1402 1403 1422 ,
1426 1375 1476 1410 ut
1505 1382 1702 1426 coepera-

308 1453 427 1492 mus,
449 1437 698 1496 Apostolus.
727 1437 932 1497 Sequitur
955 1437 1071 1480 enim
1094 1445 1137 1481 et
1153 1436 1258 1481 dicit
1279 1456 1287 1482 :
1318 1456 1337 1478 «
1357 1437 1535 1482 Caeteris
1558 1446 1704 1482 autem

311 1527 330 1549 »
366 1523 445 1566 ego
469 1508 592 1563 dico,
628 1524 718 1552 non
751 1508 1004 1552 Dominus2.
1036 1525 1055 1548 »
1089 1507 1169 1552 Hic
1201 1508 1342 1567 primo
1377 1507 1617 1552 videndum
1641 1517 1706 1553 est

307 1579 468 1639 quibus
489 1579 654 1622 caeteris
672 1598 680 1623 2
701 1578 875 1623 dicebat
892 1579 1008 1622 enim
1025 1578 1222 1638 superius
1246 1594 1299 1622 ex
1322 1579 1496 1623 Domini
1520 1593 1705 1638 persona

309 1650 358 1694 iis
380 1650 458 1710 qui
480 1659 583 1693 sunt
604 1650 650 1693 in
672 1651 900 1710 conjugio,
926 1665 1045 1694 nunc
1066 1665 1169 1694 vero
1193 1665 1243 1693 ex
1266 1665 1342 1694 sua
1365 1665 1548 1710 persona
1578 1659 1708 1694 caete-

308 1721 362 1765 ris
385 1720 489 1765 dicit
513 1738 524 1765 .·
552 1736 654 1779 ergo
677 1720 856 1765 fortasse
878 1721 927 1764 iis
947 1721 1023 1780 qui
1053 1736 1142 1765 non
1165 1730 1267 1765 sunt
1289 1721 1335 1764 in
1365 1721 1568 1780 conjugio
1595 1740 1605 1766 ε
1630 1720 1707 1765 sed

308 1807 397 1836 non
428 1792 511 1835 hoc
547 1791 760 1851 sequitur.
795 1794 860 1835 Ita
898 1791 1013 1834 enim
1046 1791 1274 1851 subjungit
1301 1811 1310 1836 :
1339 1810 1357 1834 «
1385 1791 1427 1836 Si
1456 1791 1552 1851 quis
1574 1791 1707 1835 frater

311 1881 331 1904 »
366 1862 500 1906 habet
522 1877 699 1906 uxorem
719 1861 959 1916 infidelem,
981 1871 1024 1905 et
1038 1862 1132 1906 haec
1152 1862 1370 1906 consentit
1388 1862 1585 1906 habitare
1605 1877 1707 1906 curn

311 1952 330 1974 »
366 1932 468 1987 illo,
506 1948 596 1976 non
629 1931 819 1976 dimittat
853 1931 987 1976 illam.
1018 1934 1178 1990 »Ergo
1212 1932 1344 1976 etiam
1375 1948 1494 1976 nunc
1528 1932 1577 1976 iis
1600 1930 1708 1976 dicit

309 2003 385 2062 qui
408 2011 510 2046 sunt
534 2002 579 2045 in
603 2001 821 2061 conjugio.
847 2001 963 2055 Quid
981 2001 1062 2046 sibi
1080 2016 1181 2059 ergo
1204 2000 1299 2045 vult
1321 2001 1443 2062 quod
1465 2001 1549 2056 ait,
1574 2010 1705 2045 caete-

309 2074 364 2117 ris
392 2092 399 2117 :
428 2072 510 2117 nisi
547 2074 647 2133 quia
681 2073 877 2131 superius
905 2072 964 2116 eis
998 2071 1263 2132 loquebatur
1282 2107 1292 2126 ,
1327 2073 1403 2131 qui
1431 2072 1490 2116 sic
1514 2070 1706 2131 copulati

308 2154 431 2188 crant
447 2179 457 2199 ‚
483 2152 532 2187 ut
560 2143 718 2203 pariter
741 2143 785 2186 in
803 2142 889 2186 side
907 2142 1066 2187 Christi
1084 2152 1224 2187 essent
1243 2163 1254 2200 3
1278 2143 1442 2187 caeteris
1460 2157 1564 2187 vero
1586 2158 1705 2186 nunc

309 2215 435 2269 (licit,
461 2214 506 2258 id
523 2223 602 2269 est,
628 2214 703 2269 eis,
729 2213 806 2274 qui
828 2214 886 2257 sic
908 2211 1101 2273 copulati
1123 2222 1240 2267 sunt,
1261 2222 1312 2257 ut
1328 2229 1417 2258 non
1439 2213 1570 2258 ambo
1591 2212 1702 2257 fide-

310 2286 370 2331 les
392 2286 509 2330 sint?
529 2285 613 2330 Sed
631 2284 738 2345 quid
760 2285 818 2328 eis
837 2284 972 2329 dicit?
998 2303 1017 2326 «
1040 2284 1082 2329 Si
1100 2284 1196 2344 quis
1211 2283 1344 2328 frater
1366 2285 1500 2329 habet
1521 2300 1702 2329 uxorem

312 2376 332 2398 »
368 2357 590 2401 infidelem
608 2392 623 2412 ,
648 2366 691 2400 et
712 2357 805 2401 haec
823 2356 1039 2400 consentit
1060 2356 1256 2399 habitare
1278 2372 1379 2400 cum
1401 2355 1499 2411 illo,
1525 2372 1614 2400 non
1632 2355 1702 2399 di-

314 2447 334 2469 »
368 2429 513 2473 mittat
534 2427 653 2471 illam
677 2447 685 2472 :
713 2437 755 2472 et
791 2428 823 2471 si
846 2443 932 2487 qua
952 2427 1106 2471 mulier
1128 2428 1261 2471 habet
1282 2428 1425 2471 virum
1446 2426 1668 2472 infidelem
1687 2461 1698 2482 ,

313 2517 333 2540 »
369 2508 411 2542 ct
429 2499 497 2542 hic
520 2498 736 2543 consentit
757 2498 952 2542 habitare
972 2513 1072 2542 cum
1090 2497 1179 2553 illa,
1196 2513 1285 2542 non
1303 2498 1493 2542 dimittat
1507 2498 1695 2542 virum.»

313 2569 354 2613 Si
377 2584 477 2626 ergo
499 2585 589 2614 non
611 2569 807 2629 praecipit
829 2584 879 2612 ex
902 2569 1074 2615 Domini
1104 2584 1308 2628 persona,
1330 2569 1406 2614 sed
1429 2584 1479 2613 ex
1498 2584 1574 2614 sua
1596 2583 1700 2628 per-

362 2660 369 2676 ¹
394 2654 625 2697 1⁴301·.vn‚4
648 2672 689 2679 -—-
709 2662 721 2678 ²
742 2654 824 2689 lbid.
857 2663 907 2687 12.
