1819 3301
377 229 459 267 190
813 237 848 267 s.
884 237 1114 267 AUGUSTIM
1144 239 1326 267 Enscom

374 421 1754 442 WWWNWWWVWWWWWWUUWWWUMWWWWWWWWW

866 556 1082 605 CAPUT
1132 557 1243 605 XX.

1818 686 1819 700 i

430 715 566 756 LXII.
593 714 642 757 In
664 712 729 756 his
744 727 846 756 sane
869 711 1101 770 generibus
1119 711 1249 755 trium
1268 711 1567 772 exemplorum
1584 710 1757 756 nullum
1818 745 1819 752 ,

372 798 504 841 genus
526 783 694 843 injuriae
712 783 1044 842 praetermissum
1065 797 1154 826 esse
1170 781 1312 826 video.
1333 784 1531 842 Namque
1549 781 1694 826 omnia
1711 781 1758 826 in

370 854 531 914 quibus
567 854 891 913 improbitatem
931 852 1123 913 aliquam
1159 852 1350 912 patimur
1364 888 1375 908 ‚
1415 853 1461 896 in
1485 853 1575 897 duo
1602 867 1757 910 genera

371 925 629 968 dividuntur
648 944 657 968 ε
674 939 861 984 quorum
875 923 1060 967 alterum
1082 932 1146 968 est
1162 923 1283 983 quod
1298 924 1463 968 restitui
1478 939 1566 968 non
1584 931 1726 982 potest
1744 943 1756 980 3

371 994 556 1038 alterum
578 993 699 1054 quod
722 1002 876 1053 potest.
901 992 985 1037 Sed
1001 994 1047 1037 in
1068 993 1144 1037 illo
1158 993 1279 1054 quod
1301 994 1469 1038 restitui
1485 1009 1574 1037 non
1596 1002 1755 1052 potest,

370 1064 574 1109 vindictae
596 1065 797 1108 solatium
821 1065 958 1124 quaeri
987 1063 1110 1108 solet.
1138 1063 1255 1118 Quid
1290 1065 1406 1109 enim
1443 1062 1617 1123 prodest
1638 1063 1760 1123 quod

370 1150 596 1194 percussus
621 1135 893 1194 repercutis?
913 1133 1137 1194 Numquid
1167 1143 1393 1194 propterea
1420 1132 1532 1179 illud
1565 1132 1685 1194 quod
1712 1133 1759 1176 in

370 1221 550 1265 corpore
571 1205 722 1249 laesum
745 1214 834 1260 est,
855 1206 1096 1249 restituitur
1117 1205 1163 1249 in
1184 1205 1430 1264 integrum?
1455 1205 1536 1250 Sed
1565 1203 1759 1250 tumidus

371 1279 540 1321 animus
559 1277 659 1321 talia
680 1278 874 1321 fomenta
895 1276 1112 1321 desiderat
1131 1296 1140 1321 2
1160 1293 1313 1321 sanum
1329 1286 1474 1321 autem
1494 1277 1759 1335 firmumque

369 1349 448 1392 ista
472 1364 561 1392 non
589 1349 772 1408 juvant3
796 1347 904 1407 quin
935 1347 1080 1406 potius
1102 1347 1433 1391 misericorditer
1455 1344 1757 1406 perferendam

370 1417 546 1462 alterius
567 1418 862 1462 infirmitatem
873 1415 1063 1476 judicat,
1088 1432 1222 1478 quam
1245 1417 1385 1461 alieno
1407 1415 1620 1477 supplicio
1634 1430 1756 1460 suam

370 1489 656 1547 mitigandam
673 1523 688 1544 ,
711 1504 810 1547 quae
828 1486 949 1532 nulla
970 1496 1048 1531 est.

429 1562 590 1603 LXIII.
615 1561 766 1618 Neque
786 1558 856 1601 hic
878 1573 926 1600 ea
943 1557 1134 1602 vindicta
1156 1557 1437 1615 prohibetur,
1464 1572 1564 1617 quae
1586 1555 1642 1601 ad
1659 1571 1759 1600 cor-

369 1629 607 1674 rectionem
628 1627 744 1673 valet
769 1648 777 1672 :
804 1628 932 1672 etiam
955 1628 1046 1686 ipsa
1078 1627 1194 1671 enim
1217 1628 1405 1686 pertinet
1426 1627 1482 1671 ad
1515 1627 1758 1672 misericor-

370 1700 510 1757 diam3
545 1715 625 1743 nec
647 1697 829 1757 impedit
850 1696 961 1741 illud
978 1698 1248 1757 propositum
1271 1733 1281 1752 ‚
1307 1714 1396 1758 quo
1415 1699 1601 1758 quisque
1630 1712 1758 1757 para-

369 1779 439 1814 tus
473 1779 538 1813 est
559 1769 613 1812 ab
645 1784 696 1812 eo
718 1784 847 1828 quem
871 1777 1114 1812 correctum
1137 1783 1226 1812 esse
1255 1768 1370 1823 vult,
1396 1768 1522 1827 plura
1548 1767 1754 1828 perferre.

373 1839 456 1885 Sed
490 1841 592 1884 huic
627 1839 832 1884 vindictae
855 1838 1093 1883 referendae
1115 1855 1203 1883 non
1236 1849 1300 1883 est
1332 1839 1544 1895 idoneus,
1570 1840 1651 1884 nisi
1680 1838 1759 1897 qui

370 1909 518 1954 odium
552 1925 641 1969 quo
669 1908 808 1953 solent
844 1909 1026 1967 flagrare
1048 1911 1124 1968 qui
1147 1925 1190 1953 se
1227 1909 1447 1954 vindicare
1484 1909 1754 1963 desiderant,

371 1980 613 2025 dilectionis
624 1978 923 2037 magnitudine
936 1980 1218 2038 superaverit.
1230 1982 1327 2024 Non
1338 1980 1453 2024 enim
1468 1980 1757 2025 metuendum

372 2060 435 2096 est
451 2067 505 2094 ne
522 2050 660 2096 odisse
680 2048 909 2108 parvulum
934 2049 1071 2092 filium
1091 2060 1289 2108 parentes
1312 2049 1558 2101 videantur,
1583 2067 1685 2095 cum
1701 2050 1757 2094 ab

373 2122 430 2165 cis
448 2120 624 2179 vapulat
642 2135 824 2179 peccans
843 2155 854 2173 ,
881 2135 934 2163 ne
953 2130 1101 2178 peccet
1123 2120 1318 2164 ulterius
1338 2124 1394 2164 Et
1413 2130 1528 2165 certe
1546 2120 1758 2180 perfectio

373 2190 614 2234 dilectionis
637 2190 767 2248 ipsius
794 2189 866 2232 Dei
885 2189 1020 2232 Patris
1057 2189 1297 2233 imitatione
1319 2190 1445 2233 nobis
1467 2192 1726 2249 proponitur
1742 2225 1753 2246 ‚

373 2277 472 2306 cum
495 2262 536 2304 in
561 2260 842 2320 sequentibus
864 2258 1022 2303 dicitur
1049 2276 1056 2300 :
1087 2279 1103 2300 «
1132 2259 1303 2317 Diligite
1331 2260 1526 2305 inimicos
1562 2271 1724 2305 vestros
1742 2296 1752 2316 ,

375 2350 395 2373 »
433 2332 673 2379 benefacite
696 2331 744 2374 iis
768 2331 842 2390 qui
865 2329 1052 2375 oderunt
1071 2346 1144 2374 vos
1159 2366 1169 2384 ‚
1201 2340 1243 2374 et
1268 2342 1385 2374 orate
1408 2347 1487 2390 pro
1509 2333 1567 2375 eis
1584 2333 1658 2392 qui
1681 2347 1755 2376 vos

376 2420 395 2442 »
433 2404 779 2461 persequuntur1
807 2416 815 2440 ε
845 2418 864 2440 »
893 2409 935 2443 et
965 2409 1109 2443 tamen
1147 2400 1200 2443 de
1237 2401 1330 2460 ipso
1357 2401 1514 2446 dicitur
1539 2418 1615 2462 per
1643 2406 1751 2446 Pro-

372 2473 547 2529 phetam
574 2491 583 2516 :
605 2490 624 2513 »
645 2473 786 2524 Quem
803 2469 918 2514 enim
936 2469 1077 2529 diligit
1094 2470 1319 2525 Dominus,
1341 2472 1540 2531 corripit:
1562 2471 1754 2531 flagellat

421 2572 428 2588 ¹
454 2566 573 2599 Matth.
600 2577 631 2608 v,
657 2565 711 2608 44.
