1819 3301
353 273 435 312 176
785 286 818 313 s.
854 283 1084 314 Aucus’nm
1116 286 1298 314 nmscom

350 359 460 405 tam,
481 350 615 409 possit
636 364 725 394 esse
748 351 838 394 sine
860 351 1040 395 crimine
1062 351 1357 395 fornicationis
1375 352 1393 394 Ρ
1415 353 1471 395 Et
1495 351 1540 395 in
1563 352 1742 396 historia

348 420 527 482 quidem
544 422 710 466 Veteris
727 423 990 466 Testamenti
1005 422 1226 466 invenitur
1245 422 1516 482 exemplum:
1533 422 1608 467 sed
1622 438 1740 468 nunc

347 502 565 551 praecepta
586 493 745 551 majora
768 501 896 546 sunt,
922 492 967 535 in
994 508 1093 552 quae
1112 508 1187 552 per
1209 493 1331 536 illum
1356 493 1537 552 gradum
1558 509 1740 552 genera-

349 562 409 607 tio
432 563 623 606 humana
642 563 860 621 pervenit:
883 563 1106 607 tractanda
1127 563 1196 607 illa
1217 573 1318 608 sunt
1340 563 1395 607 ad
1413 563 1740 622 distinguendas

348 643 494 678 aetates
517 634 846 692 dispensationis
881 633 1039 678 divinae
1075 634 1388 694 providentioe,
1421 650 1519 695 quae
1547 635 1740 679 humano

349 706 495 763 generi
517 704 835 750 ordinatissime
856 706 1085 764 subvenit3
1109 722 1197 750 non
1222 714 1366 749 autem
1399 705 1453 748 ad
1475 704 1650 749 vivendi
1673 721 1742 749 re-

348 775 471 834 gulas
494 775 782 836 usurpandas.
807 775 891 821 Sed
914 786 1058 820 tamen
1082 785 1230 820 utrum
1250 776 1370 836 quod
1393 776 1452 820 ait
1474 776 1707 835 Apostolus
1728 796 1738 821 ε

347 846 507 890 Mulier
529 863 619 891 non
640 847 773 892 habet
797 856 1056 906 potestatem
1078 847 1143 890 sui
1165 847 1357 906 corporis
1374 882 1384 901 ‚
1411 846 1486 891 sed
1507 847 1573 891 vir
1593 868 1604 904 3
1628 847 1740 890 simi-

346 915 446 960 liter
467 926 511 960 ct
534 918 599 962 vir
631 934 719 962 non
742 918 875 961 habet
898 927 1156 977 potestatem
1186 918 1251 961 sui
1283 918 1474 977 corporis
1493 951 1504 971 ,
1540 915 1617 960 sed
1638 932 1739 960 mu-

346 986 425 1030 lier
442 990 454 1013 1
484 1007 492 1032 :
514 988 646 1046 possit
662 988 708 1031 in
731 997 903 1032 tantum
926 987 1085 1043 valere,
1108 997 1158 1032 ut
1176 989 1454 1048 permittente
1476 1002 1623 1042 uxore,
1640 1003 1740 1047 quae

348 1057 556 1101 maritalis
589 1074 780 1118 corporls
811 1067 1069 1118 potestatem
1103 1059 1257 1113 habet,
1295 1058 1429 1118 possit
1456 1058 1522 1102 vir
1556 1073 1656 1102 cum
1679 1057 1741 1101 al-

348 1136 440 1172 tera
459 1162 470 1183 ,
493 1144 592 1188 quae
616 1144 696 1173 nec
719 1128 856 1173 aliena
876 1145 984 1172 uxor
1001 1129 1053 1172 sit
1073 1164 1082 1183 ,
1110 1144 1189 1172 nec
1211 1145 1233 1173 a
1255 1129 1348 1172 viro
1370 1129 1585 1188 disjuncta
1601 1162 1612 1182 ,
1638 1143 1741 1172 con-

348 1199 555 1243 cumbere
578 1218 586 1243 :
613 1198 688 1243 sed
719 1214 808 1243 non
843 1200 901 1243 ita
925 1209 989 1243 est
1012 1198 1376 1254 existimandum,
1403 1214 1457 1243 ne
1487 1198 1570 1243 hoc
1607 1198 1738 1242 etiam

347 1268 552 1324 foemina,
586 1269 679 1314 viro
712 1270 993 1329 permittente
1031 1269 1171 1314 facere
1206 1286 1327 1330 posse
1355 1269 1584 1325 videatur,
1619 1268 1740 1329 quod

347 1340 547 1383 omnium
571 1355 719 1384 sensus
745 1340 949 1385 excludit.

406 1414 455 1454 L.
485 1416 739 1471 Quanquam
763 1411 990 1456 nonnullae
1021 1428 1161 1456 causae
1182 1413 1347 1472 possint
1365 1412 1547 1456 existere
1564 1446 1574 1466 ,
1595 1411 1674 1454 ubi
1696 1420 1740 1455 et

347 1496 480 1536 uxor,
504 1482 647 1526 mariti
665 1498 893 1537 consensu,
919 1498 998 1542 pro
1020 1483 1112 1541 ipso
1135 1483 1290 1527 marito
1312 1484 1396 1527 hoc
1419 1483 1561 1526 facere
1580 1482 1739 1526 debere

345 1551 577 1597 videatur:
613 1553 724 1597 sicut
757 1554 999 1598 Antiochiae
1035 1552 1198 1598 factum
1240 1569 1328 1597 esse
1352 1553 1609 1612 perhibetur
1638 1561 1739 1596 ante

346 1623 666 1683 quinquaginta
690 1623 824 1667 ferme
848 1639 1005 1679 annos,
1031 1624 1275 1668 Constantii
1297 1623 1612 1682 temporibus2.
1629 1625 1739 1666 Nam

346 1693 604 1749 Acyndinus
626 1702 731 1737 tunc
754 1692 1009 1753 praefectus,
1050 1694 1126 1753 qui
1154 1694 1284 1736 etiam
1319 1693 1472 1737 consul
1494 1692 1577 1736 fuit
1595 1727 1606 1747 ,
1638 1707 1738 1735 cum

346 1762 579 1822 quemdam
603 1763 727 1806 librae
749 1764 839 1807 auri
864 1761 1107 1807 debitorem
1125 1764 1216 1807 fisci
1239 1763 1442 1822 exigeret,
1461 1762 1606 1806 nescio
1620 1762 1739 1805 unde

347 1843 615 1888 commotus,
646 1833 764 1893 quod
790 1833 1050 1894 plerumque
1078 1833 1123 1876 in
1144 1833 1235 1877 istis
1258 1834 1546 1893 potestatibus
1563 1833 1738 1892 pericu-

345 1902 487 1947 losum
509 1913 596 1959 est,
621 1904 781 1964 quibus
799 1905 920 1964 quod
943 1904 1052 1948 libet
1068 1903 1171 1948 licet
1189 1939 1199 1958 ,
1220 1913 1295 1948 aut
1319 1904 1463 1963 potius
1485 1913 1666 1963 putatur
1683 1903 1738 1946 li-

347 1988 468 2028 cere,
495 1974 785 2018 comminatus
824 1983 886 2017 est
905 1976 1077 2034 jurans,
1104 1983 1147 2016 et
1173 1974 1456 2017 vehementer
1485 1974 1734 2028 affirmans,

347 2042 468 2104 quod
498 2044 531 2087 si
552 2052 671 2088 certo
699 2044 769 2087 die
798 2059 931 2104 quem
961 2043 1245 2088 constituerat
1267 2052 1556 2088 memoratum
1582 2058 1736 2087 aurum

347 2130 437 2159 non
460 2115 694 2170 exolveret‚
721 2116 1005 2159 occideretur.
1025 2118 1179 2175 Itaque
1201 2131 1302 2159 cum
1322 2114 1396 2159 ille
1419 2124 1640 2159 teneretur
1659 2115 1738 2158 im-

347 2185 467 2229 mani
500 2184 696 2230 custodia
713 2220 724 2241 ,
760 2201 840 2229 nec
867 2201 911 2229 se
943 2194 1086 2245 posset
1124 2184 1273 2229 debito
1294 2185 1369 2230 illo
1391 2185 1594 2245 expedire
1611 2220 1622 2240 ,
1648 2184 1738 2228 dies

348 2255 610 2299 metuendus
629 2255 857 2299 imminere
884 2264 928 2299 et
950 2255 1244 2315 propinquare
1266 2256 1415 2315 coepit.
1442 2259 1499 2300 Et
1522 2254 1634 2300 forte
1656 2255 1737 2299 ha-

348 2325 482 2370 bebat
518 2342 697 2371 uxorem
730 2326 1090 2385 pulcherrimam,
1126 2325 1201 2369 sed
1233 2325 1396 2370 nullius
1433 2327 1630 2386 pecuniae
1651 2340 1739 2386 qua

348 2397 602 2441 subveniret
623 2397 721 2456 viro
743 2415 752 2441 :
786 2398 910 2456 cujus
938 2395 1130 2440 mulieris
1161 2395 1491 2455 pulchritudine
1513 2412 1614 2441 cum
1637 2396 1738 2456 qui-

349 2466 450 2510 dam
473 2467 592 2512 dives
621 2476 729 2511 esset
753 2482 976 2518 accensus,
1001 2475 1044 2510 et
1065 2467 1336 2525 cognovisset
1359 2467 1563 2511 maritum
1585 2467 1674 2526 ejus
1694 2466 1740 2509 in

398 2568 407 2584 ¹
432 2573 444 2594 1
465 2566 537 2597 Cor.
558 2576 615 2606 vn,
635 2564 668 2606 4.
693 2581 734 2588 -
753 2571 765 2586 2
786 2563 920 2597 Circiter
938 2562 1054 2595 Christi
1071 2573 1186 2595 annum
1209 2562 1272 2596 353
1289 2563 1408 2606 quippe
1425 2562 1485 2596 hoc
1501 2562 1667 2596 scribebat
1680 2561 1738 2594 sub

350 2626 432 2649 anno
451 2618 526 2660 393.
