1819 3301
319 227 404 267 480
747 240 781 269 s.
819 240 1052 269 Aucusnm
1086 241 1267 268 Emscom

318 314 450 349 tatem
473 320 563 350 non
583 306 805 350 habebant
832 325 839 350 ε
865 306 965 350 ideo
993 306 1214 351 daemones
1243 315 1382 351 erant.
1411 306 1509 352 Noli
1535 306 1590 352 de
1622 307 1708 351 side

317 377 520 436 gloriari,
559 378 703 422 adhuc
737 377 1012 422 daemonibus
1046 378 1364 438 comparandus
1402 394 1461 423 es.
1499 377 1596 424 Noli
1639 379 1709 422 di-

315 450 612 504 cereChristo‚
649 450 758 493 Mihi
787 459 829 494 et
851 450 931 494 tibi
968 450 1074 510 quid
1105 453 1198 495 est?
1223 451 1370 495 Unitas
1406 451 1522 494 enim
1549 451 1708 496 Christi

313 521 392 566 tibi
424 521 634 581 loquitur.
652 521 762 564 Veni
780 556 790 576 ‚
816 536 1029 580 cognosce
1052 524 1231 582 pacem,?
1247 522 1340 566 redi
1358 522 1413 566 ad
1441 523 1602 567 viscera
1630 538 1707 566 co-

312 591 491 636 lunibae.
519 592 641 636 Foris
672 592 915 652 baptizatus
938 601 1002 637 est
1027 611 1035 637 :
1073 593 1235 638 habeto
1272 593 1492 649 fructum,
1529 602 1572 638 et
1594 592 1707 638 redis

312 663 367 707 ad
396 678 555 707 arcam.

371 737 516 778 XXII.
544 736 662 778 Ettu
680 752 689 779 :
710 733 827 787 Quid
848 749 927 779 nos
942 734 1136 794 quaeritis
1154 735 1188 778 si
1211 733 1314 779 mali
1332 736 1508 779 sumus?
1527 737 1584 779 Ut
1602 734 1710 779 boni

310 806 415 850 sitis.
438 806 543 851 Ideo
560 822 636 851 vos
652 807 912 866 quaerimus,
930 806 1032 867 quia
1054 806 1156 850 mali
1179 807 1278 851 estis
1302 807 1474 852 :namsi
1491 805 1594 850 mali
1615 822 1706 851 non

310 878 455 922 essetis
474 913 484 933 ,
509 878 823 923 invenissemus
841 894 938 933 vos,
966 894 1056 922 non
1078 894 1152 922 vos
1171 894 1480 938 quaereremus.
1509 878 1594 931 Qui
1622 878 1705 923 bo—

309 965 391 993 nus
406 958 490 1004 est,
511 950 599 1009 jam
622 949 825 993 inventus
843 958 906 993 est
932 968 942 994 :
961 949 1037 1009 qui
1055 948 1194 993 malus
1212 958 1289 1004 est,
1308 950 1452 993 adhuc
1475 949 1700 1009 quaeritur.

310 1018 415 1064 Ideo
438 1035 513 1064 vos
535 1021 770 1080 quaerimus
793 1039 802 1065 ε
823 1020 961 1064 redite
979 1019 1034 1063 ad
1052 1034 1211 1063 arcam.
1233 1019 1327 1064 Sed-
1334 1020 1421 1080 jam
1440 1019 1581 1064 habeo
1599 1019 1707 1079 bap-

307 1091 499 1135 tismum.
526 1111 546 1133 «
571 1092 613 1136 Si
645 1092 790 1136 omnia
826 1101 1093 1135 sacramenta
1117 1090 1252 1135 sciero
1272 1126 1283 1146 ‚
1315 1099 1358 1134 et
1387 1090 1581 1135 habuero
1603 1106 1706 1150 pro-

310 1179 330 1202 »
366 1163 559 1220 phetiani
581 1172 624 1206 et
644 1177 821 1206 omnem
855 1161 987 1205 fidem
1004 1197 1014 1216 ‚
1039 1161 1099 1205 ita
1131 1170 1180 1205 ut
1214 1170 1386 1205 montes
1414 1160 1670 1205 transferam
1688 1196 1700 1217 ,

310 1249 329 1272 »
367 1232 623 1276 charitatem
643 1241 790 1275 autem
814 1247 902 1275 non
931 1230 1115 1274 habeam
1138 1266 1148 1286 ‚
1169 1230 1279 1273 nihil
1300 1246 1411 1274 sum.
1441 1249 1461 1271 »
1490 1234 1702 1276 Fructum

309 1301 371 1345 ibi
392 1303 581 1356 videam⁷
613 1302 770 1347 olivam
795 1302 854 1345 ibi
882 1301 1075 1356 videam,
1102 1311 1145 1345 et
1173 1303 1385 1346 revocaris
1407 1301 1461 1346 ad
1478 1318 1638 1346 arcam.

364 1375 532 1416 XXIII.
551 1372 634 1416 Sed
647 1372 754 1432 quid
770 1372 828 1415 ais
841 1373 858 1416 Ρ
873 1374 987 1416 Ecce
1004 1387 1082 1415 nos
1097 1371 1235 1415 multa
1251 1371 1363 1415 mala
1376 1373 1580 1432 patimur.
1598 1375 1702 1418 Haec

306 1443 339 1486 si
363 1458 441 1501 pro
455 1443 629 1487 Christo
648 1442 904 1502 pateremini
923 1477 933 1496 ‚
959 1458 1047 1486 non
1064 1457 1143 1501 pro
1160 1442 1400 1486 honoribus
1416 1443 1580 1487 vestris.
1607 1446 1701 1487 Au-

305 1512 394 1557 dite
416 1513 534 1573 quod
560 1513 756 1573 sequitur
776 1532 785 1557 z
808 1515 983 1556 Jactant
1000 1528 1044 1557 se
1065 1513 1181 1556 enim
1195 1512 1448 1572 aliquando,
1469 1513 1571 1573 quia
1589 1512 1701 1557 elee-

304 1600 506 1642 mosynas
540 1584 699 1629 multas
722 1584 913 1640 faciunt⁷
944 1584 1051 1628 dant
1073 1585 1366 1644 pauperibus3
1396 1585 1497 1644 quia
1521 1585 1698 1644 patiun-

305 1664 377 1698 tur
411 1655 628 1699 molestias
654 1674 662 1700 t
690 1655 765 1699 sed
802 1670 882 1714 pro
917 1657 1087 1700 Donato
1107 1690 1118 1710 ,
1149 1670 1239 1699 non
1270 1671 1350 1714 pro
1372 1655 1561 1700 Christo.
1588 1654 1699 1699 Vide

304 1726 528 1786 quomodo
546 1726 720 1786 patiaris
740 1745 748 1771 z
767 1741 869 1769 nam
888 1726 920 1769 si
940 1741 1018 1785 pro
1036 1729 1204 1770 Donato
1221 1726 1395 1784 pateris,
1410 1741 1489 1785 pro
1509 1726 1699 1786 superbo

304 1799 462 1857 pateris
494 1816 503 1843 z
535 1813 623 1841 non
647 1813 690 1841 es
713 1798 758 1840 in
780 1796 984 1840 columba
1002 1831 1012 1851 ,
1038 1796 1075 1840 si
1100 1812 1178 1856 pro
1202 1799 1371 1841 Donato
1401 1798 1573 1856 pateris.
1600 1799 1699 1842 Non

305 1879 397 1913 erat
417 1868 490 1912 iIIe
514 1869 675 1912 amicus
700 1869 845 1928 sponsi
881 1887 889 1911 :
915 1882 1017 1911 nam
1040 1867 1073 1911 si
1090 1868 1252 1911 amicus
1274 1877 1384 1911 esset
1406 1868 1576 1927 sponsi,
1603 1867 1698 1926 glo-

305 1940 412 1982 riam
435 1939 580 1998 sponsi
605 1947 836 1997 quaereret,
854 1953 945 1982 non
968 1953 1105 1982 suam.
1128 1938 1440 1996 VideJamicum
1463 1939 1609 1998 sponsi
1633 1938 1698 1982 di-

303 2019 475 2054 centem
493 2045 503 2064 ,
535 2029 554 2051 (ι
582 2009 662 2053 Hic
697 2018 760 2052 est
782 2009 858 2068 qui
884 2009 1119 2067 baptizat1.
1147 2027 1167 2051 »
1191 2008 1268 2053 Ille
1302 2026 1390 2054 non
1413 2021 1504 2054 erat
1531 2010 1694 2054 amicus

303 2080 449 2140 sponsi
468 2115 477 2135 ‚
497 2095 576 2139 pro
594 2095 682 2139 quo
703 2080 875 2138 pateris.
901 2082 998 2123 Non
1020 2079 1154 2123 habes
1179 2089 1340 2125 vestem
1359 2080 1599 2140 nuptialem
1619 2101 1629 2138 3
1651 2089 1694 2124 et

303 2152 337 2196 si
370 2152 424 2196 ad
453 2151 703 2196 convivium
736 2150 919 2205 venisti,
955 2150 1069 2194 foras
1104 2151 1236 2194 habes
1263 2151 1407 2194 mitti2
1434 2152 1554 2196 :imo
1590 2152 1692 2211 quia

303 2222 416 2267 foras
440 2223 593 2267 missus
631 2238 695 2276 es,
736 2220 834 2265 ideo
863 2221 991 2264 miser
1019 2236 1061 2264 es
1087 2240 1096 2265 ;
1127 2220 1220 2264 redi
1248 2220 1506 2281 aliquando,
1532 2231 1574 2266 et
1602 2221 1693 2266 noli

303 2293 489 2352 gloriari.
530 2293 645 2336 Audi
687 2290 795 2352 quid
832 2290 947 2335 dicat
982 2291 1214 2350 Apostolus
1253 2310 1260 2335 :
1293 2313 1313 2334 ιι.
1351 2293 1394 2336 Si
1429 2292 1692 2336 distribuero

305 2383 324 2405 »
361 2365 507 2408 omnia
536 2380 632 2408 mea
655 2363 921 2423 pauperibus
940 2398 950 2417 ,
983 2372 1026 2406 et
1047 2362 1265 2406 tradidero
1288 2378 1444 2423 corpus
1473 2379 1619 2407 meum
1641 2373 1692 2408 ut

305 2453 325 2476 »
362 2436 534 2479 ardeam
551 2471 561 2491 ‚
588 2435 841 2480 charitatem
877 2443 1021 2478 autem
1046 2450 1134 2478 non
1157 2434 1357 2478 habeam.
1387 2453 1407 2475 »
1428 2438 1542 2479 Ecce
1569 2435 1690 2495 quod

303 2521 391 2551 non
431 2506 579 2550 habes.
612 2525 631 2547 «
659 2505 702 2550 Si
736 2504 956 2549 tradidero
972 2539 983 2560 ,
1008 2505 1176 2565 inquit,
1202 2521 1359 2565 corpus
1382 2521 1529 2551 meum
1544 2515 1595 2550 ut
1617 2521 1688 2551 ar-

353 2597 359 2612 ¹
382 2592 476 2622 Joan.
496 2601 545 2631 111,
564 2600 614 2633 19.
630 2606 670 2612 -—
691 2596 702 2612 ²
723 2588 837 2621 Matth.
858 2600 937 2630 xxii,
957 2588 1008 2621 13.
