1819 3301
368 224 448 262 196
785 233 818 262 S.
855 235 1084 264 Aucus'mm
1117 236 1298 263 muscom

353 300 471 344 venit
504 303 662 359 Legem
696 301 873 360 implere
890 336 900 355 ,
927 317 1015 345 non
1039 301 1204 346 solvere
1222 336 1232 356 ,
1259 301 1454 361 perficiet
1474 301 1740 347 benevolen-

354 371 457 415 tiam
482 381 524 416 et
556 371 893 430 benignitatem,
920 387 1021 416 cum
1053 387 1147 417 eam
1183 389 1321 433 usque
1342 372 1398 416 ad
1420 372 1583 417 inimici
1608 372 1742 418 dilec-

351 442 513 486 tionem
543 441 807 502 perduxerit.
846 445 955 488 Nam
984 442 1057 486 ille
1085 444 1243 501 gradus
1280 443 1477 504 quamvis
1500 443 1738 488 nonnullus

352 513 430 568 sit,
459 523 545 557 tam
567 529 723 572 parvus
751 523 815 558 est
836 522 982 557 tamen
997 548 1008 569 ,
1033 523 1085 558 ut
1105 530 1207 558 cum
1228 514 1472 574 publicanis
1494 515 1624 559 etiam
1640 529 1741 574 pos-

352 583 405 628 sit
428 599 517 628 esse
539 584 798 628 communis.
818 586 907 630 Nec
929 585 1048 644 quod
1066 585 1110 629 in
1132 588 1247 645 Lege
1269 584 1435 630 dictum
1453 594 1536 630 est:
1559 584 1742 630 «Oderis

354 671 376 695 »
410 653 636 698 inimicum
666 664 818 711 tuum,
853 673 873 697 »
904 671 987 701 vox
1011 656 1206 716 jubentis
1231 657 1350 717 justo
1373 655 1623 716 accipienda
1646 665 1736 712 est,

352 723 428 768 sed
446 725 735 783 permittentis
757 726 944 770 infirmo.

406 797 565 840 LXXI.
591 797 741 841 Oritur
757 797 826 841 hic
847 812 948 841 sane
971 796 1093 842 nullo
1113 795 1245 841 modo
1264 795 1575 842 dissimulanda
1592 813 1735 858 quaes-

346 865 406 910 tio
424 900 435 921 ,
460 866 581 927 quod
603 868 705 913 huic
723 877 941 928 praecepto
964 868 1164 923 Domini,
1193 884 1281 928 quo
1308 884 1386 913 nos
1409 869 1609 913 hortatur
1631 868 1733 913 dili-

351 951 450 994 gere
472 937 670 982 inimicos
691 947 882 994 nostros,
908 947 952 982 et
971 937 1222 983 benefacere
1240 939 1304 982 his
1325 939 1402 999 qui
1423 954 1502 983 nos
1522 937 1731 995 oderunt,

347 1015 390 1050 et
407 1022 529 1051 orare
551 1023 630 1067 pro
652 1008 718 1052 his
735 1008 812 1069 qui
829 1024 907 1053 nos
929 1018 1252 1069 persequuntur
1267 1044 1278 1065 ,
1304 1008 1454 1053 multae
1477 1009 1572 1054 aliae
1593 1010 1735 1069 Scrip-

349 1086 544 1123 turarum
563 1089 704 1138 partes
727 1080 868 1124 minus
891 1079 1121 1139 diligenter
1140 1090 1180 1125 et
1196 1080 1338 1125 sobrie
1361 1080 1737 1126 considerantibus

345 1148 551 1194 videntur
573 1149 765 1195 adversae
784 1171 793 1207 3
809 1151 911 1211 quia
934 1160 975 1195 et
996 1151 1042 1194 in
1066 1152 1294 1210 Prophetis
1312 1152 1596 1197 inveniuntur
1618 1150 1737 1195 mul-

346 1230 402 1266 tae
433 1221 764 1281 imprecationes
797 1222 999 1267 adversus
1035 1222 1256 1278 inimicos,
1285 1240 1383 1283 qum
1413 1222 1736 1268 maledictiones

344 1303 557 1353 putantur
590 1314 598 1340 :
638 1296 751 1339 sicut
784 1304 847 1339 est
883 1294 1022 1349 illud,
1063 1314 1083 1336 «
1116 1295 1213 1339 Fiat
1239 1311 1386 1339 mensa
1415 1310 1566 1339 eorum
1590 1295 1634 1339 in
1671 1295 1736 1339 la-

346 1383 367 1407 »
403 1381 567 1426 queum
596 1368 644 1411 ¹:
673 1385 692 1407 »
732 1376 774 1411 et
808 1375 963 1410 caetera
1002 1382 1100 1426 quae
1139 1366 1201 1409 ibi
1235 1366 1457 1410 dicuntur.
1497 1369 1554 1410 Et
1583 1365 1729 1411 illud:

345 1455 365 1478 «
401 1436 530 1480 Fiant
550 1436 627 1480 filii
650 1437 740 1496 ejus
766 1436 947 1495 pupilli,
974 1446 1017 1480 et
1050 1452 1157 1481 uxor
1180 1437 1269 1496 ejus
1292 1436 1456 1481 vidua²
1482 1455 1491 1481 ε
1520 1455 1539 1478 »
1569 1445 1611 1481 et
1633 1452 1734 1497 quae

341 1506 422 1551 alia
444 1506 514 1551 vel
537 1522 667 1566 supra
684 1506 753 1550 vel
770 1505 883 1550 infra
902 1506 945 1550 in
963 1505 1117 1551 eodem
1141 1507 1311 1551 Psalmo
1334 1507 1379 1550 in
1401 1522 1629 1566 personam
1652 1509 1676 1551 J
1683 1523 1733 1551 u-

341 1576 410 1621 dae
433 1593 509 1636 per
542 1578 805 1636 Prophetam
828 1576 1050 1621 dicuntur,
1076 1577 1216 1621 Multa
1239 1576 1319 1620 alia
1343 1592 1658 1637 usquequaque
1686 1578 1732 1622 in

341 1648 573 1707 Scripturis
602 1648 877 1707 reperiuntur
896 1682 907 1702 ,
939 1663 1038 1707 quae
1063 1646 1296 1690 videantur
1328 1663 1417 1691 esse
1441 1648 1655 1692 contraria
1688 1656 1732 1692 et

338 1719 441 1762 huic
468 1728 688 1778 praecepto
712 1717 908 1773 Domini,
934 1726 977 1762 et
998 1717 1062 1761 illi
1088 1717 1327 1776 apostolico
1345 1753 1356 1772 ,
1382 1733 1471 1777 quo
1493 1718 1552 1762 ait
1577 1737 1584 1762 :
1614 1737 1633 1760 «
1654 1721 1731 1762 Be-

340 1807 361 1831 »
398 1790 585 1834 nedicite
603 1825 613 1844 ,
640 1799 683 1834 et
705 1788 841 1833 nolite
864 1787 1121 1832 maledicere
1138 1789 1153 1813 3
1175 1807 1183 1832 :
1216 1806 1235 1829 »
1262 1803 1361 1832 cum
1390 1789 1513 1838 etde
1543 1789 1730 1833 Domino
1776 1817 1782 1821 -

338 1860 548 1919 scriptum
579 1861 657 1915 sit,
686 1859 804 1919 quod
834 1858 1107 1903 maledixerit
1134 1858 1402 1913 civitatibus,
1424 1875 1522 1918 quae
1543 1859 1728 1904 verbum

340 1931 431 1990 ejus
449 1946 539 1974 non
567 1930 883 1989 acceperunt4,
909 1939 952 1973 et
974 1938 1236 1972 memoratus
1261 1928 1514 1988 Apostolus,
1536 1929 1590 1973 de
1617 1945 1730 1990 quo-

340 2001 441 2045 dam
463 2001 522 2044 ita
545 2000 702 2044 dixerit
723 2019 730 2044 :
763 2018 784 2041 (κ
804 1998 976 2044 Reddet
998 1998 1060 2043 illi
1087 1999 1308 2054 DominUS,
1335 1999 1576 2045 seeundum
1597 2015 1728 2059 opera

340 2091 360 2114 ))
397 2071 553 2115 11111155.
584 2089 604 2112 ))

396 2144 577 2185 LXXII.
600 2139 684 2186 Sed
701 2141 794 2184 haec
818 2138 944 2184 facile
961 2139 1206 2195 solvuntur,
1222 2139 1324 2199 quia
1347 2149 1389 2184 et
1414 2142 1628 2200 Propheta
1651 2157 1728 2200 per

338 2212 695 2272 imprecationem
726 2211 833 2271 quid
854 2219 963 2254 esset
982 2209 1181 2254 futurum
1214 2210 1397 2265 cecinit,
1429 2227 1516 2255 non
1540 2212 1727 2272 optantis

338 2294 466 2340 voto,
504 2283 580 2329 sed
616 2283 771 2343 spiritu
805 2281 1081 2341 praevidentis
1113 2301 1121 2326 :
1159 2283 1216 2326 ita
1251 2291 1293 2325 et
1326 2283 1561 2338 Dominus,
1597 2284 1656 2327 ita
1685 2293 1728 2328 et

339 2355 574 2415 Apostolus
601 2374 610 2399 ε
647 2367 899 2413 quanquam
928 2352 971 2395 in
1000 2352 1159 2396 borum
1196 2353 1324 2396 etiam
1353 2353 1494 2397 verbis
1526 2369 1616 2398 non
1642 2354 1726 2398 hoc

338 2426 558 2471 invenitur
581 2425 702 2485 quod
731 2423 999 2483 optaverint,
1035 2422 1111 2466 sed
1139 2423 1258 2482 quod
1292 2423 1585 2482 praedixerint.
1627 2427 1724 2469 Non

390 2529 397 2544 ¹
420 2524 498 2555 psal.
521 2534 627 2561 vam,
643 2523 743 2554 23.—-
760 2528 771 2543 ²
791 2521 834 2552 111.
857 2531 943 2559 cviii,
964 2531 1043 2561 9.-
1060 2517 1072 2541 3
1093 2522 1182 2550 Rom.
1199 2531 1253 2560 xn,
1281 2518 1401 2561 14.—='0
1422 2520 1534 2552 Matth.
1556 2531 1594 2560 xi
1614 2519 1723 2562 20-24

337 2584 369 2611 et
386 2582 459 2610 Lu«.
482 2591 510 2616 x,
537 2580 641 2610 13-15.
668 2595 703 2600 --
724 2576 738 2599 5
754 2588 771 2609 2
787 2577 853 2608 Tim
888 2587 932 2617 lv,
962 2575 1011 2617 ιε’..
