1819 3301
330 267 407 308 184
766 277 798 304 s.
837 279 1063 305 Arccsusi
1091 278 1269 304 EPISCOI'I

322 343 553 388 refrenavit
576 342 642 386 lex
665 378 674 395 ‚
701 343 843 401 inqua
868 342 1076 400 scriptum
1100 349 1162 383 cst
1184 360 1192 384 ;
1213 359 1231 381 «
1258 339 1447 384 Oculum
1464 356 1542 400 pro
1565 340 1709 396 oculo,

326 434 345 456 »
382 423 424 458 et
449 413 624 457 dentem
648 429 726 471 pro
744 414 874 455 dente
902 431 908 453 z
935 430 952 450 n
980 410 1140 469 quibus
1163 410 1415 454 nominibus
1443 410 1713 468 significatur

324 485 478 530 modus
495 520 505 538 ,
528 494 576 527 ut
596 483 794 543 injuriam
818 481 1007 525 vindicta
1027 497 1116 524 non
1138 490 1341 525 transeat.
1364 484 1420 524 Et
1442 481 1535 525 haec
1557 491 1713 541 estpa—

320 556 379 601 cis
395 554 615 599 inchoatio
643 573 650 597 :
668 550 859 611 perfecta
879 561 1024 595 autem
1047 566 1129 610 pax
1147 561 1225 607 est,
1251 551 1383 596 talem
1402 552 1575 611 penitus
1596 551 1713 598 nolle

322 625 576 671 vindictam.

379 697 513 739 LVII.
533 697 651 737 Inter
683 690 796 737 illud
818 707 920 751 ergo
949 691 1139 751 primum
1158 690 1277 752 quod
1300 700 1457 750 praeter
1471 690 1610 749 legem
1631 701 1710 748 est,

319 775 369 810 ut
393 766 531 825 majus
548 763 713 808 malum
735 779 813 822 pro
837 764 1004 807 minore
1027 761 1142 806 malo
1165 761 1373 806 reddatur
1391 797 1401 817 ‚
1429 771 1472 807 et
1489 763 1573 807 hoc
1593 763 1714 822 quod

320 836 526 881 Dominus
541 832 815 894 perficiendis
838 831 1065 892 Discipulis
1084 832 1217 888 dixit,
1243 848 1299 876 ne
1320 848 1400 892 pro
1430 833 1545 877 malo
1568 832 1710 877 ullum

318 905 484 950 malum
507 904 738 961 reddatur3
755 903 949 947 medium
970 901 1205 962 quemdam
1222 902 1369 947 locum
1391 912 1533 959 tenet,
1553 912 1603 947 ut
1619 912 1714 948 tan-

320 987 416 1022 tum
440 976 648 1020 reddatur
670 984 887 1035 quantum
911 965 1139 1034 acceptum
1158 983 1244 1029 est,
1270 990 1348 1033 per
1363 973 1483 1034 quod
1505 991 1528 1019 a
1545 990 1714 1019 summa

322 1046 537 1093 discordia
575 1046 630 1090 ad
658 1060 872 1090 summam
902 1045 1180 1090 concordiam
1203 1061 1282 1105 pro
1306 1055 1552 1106 temporum
1575 1046 1714 1090 distri-

321 1118 505 1163 butione
527 1116 733 1161 transitus
761 1115 899 1160 factus
933 1124 1010 1159 est.
1037 1115 1240 1175 Quisquis
1269 1131 1372 1175 ergo
1393 1115 1558 1161 malum
1581 1114 1714 1161 infert

317 1190 436 1249 prior
455 1187 600 1232 studio
618 1186 808 1230 laedendi
830 1196 872 1230 et
895 1185 1080 1230 nocendi
1099 1221 1109 1240 ‚
1131 1185 1231 1230 vide
1259 1195 1473 1245 quantum
1505 1185 1635 1230 distet
1654 1187 1711 1231 ab

321 1275 372 1304 eo
394 1259 470 1319 qui
485 1273 564 1305 nec
577 1257 704 1300 laesus
723 1255 938 1316 rependit.
959 1256 1159 1315 Quisquis
1174 1266 1321 1300 autem
1339 1256 1451 1301 nulli
1469 1257 1585 1316 prior
1598 1257 1712 1301 male

320 1329 423 1374 feeit
442 1363 453 1384 ,
474 1328 548 1372 sed
566 1337 712 1371 tamen
732 1327 858 1371 laesus
880 1325 1078 1386 rependit
1097 1327 1267 1385 gravius
1283 1362 1293 1382 ‚
1318 1326 1388 1370 vel
1401 1327 1626 1372 voluntate
1643 1328 1713 1372 vel

319 1402 435 1446 facto
456 1436 466 1456 ‚
492 1399 666 1444 recessit
702 1399 975 1459 aliquantum
999 1415 1021 1442 a
1043 1414 1211 1443 summa
1238 1400 1469 1459 iniquitate
1485 1435 1496 1454 ,
1530 1409 1572 1444 et
1605 1416 1712 1460 pro·—

319 1472 445 1517 cessit
467 1470 522 1514 ad
543 1485 753 1514 summam
775 1470 1004 1530 justitiam,
1025 1480 1068 1514 et
1082 1479 1228 1514 tamen
1242 1470 1442 1514 nondum
1458 1472 1713 1531 tenetquod

317 1541 385 1586 lex
403 1557 502 1601 quae
525 1555 601 1600 per
618 1543 800 1598 Moysen
821 1538 922 1584 data
945 1549 1008 1583 est
1028 1540 1271 1599 imperavit.
1295 1541 1376 1593 Qui
1403 1555 1503 1598 ergo
1538 1550 1711 1585 tantum

316 1612 461 1657 reddit
503 1620 718 1671 quantum
751 1612 940 1670 accepit,
968 1612 1058 1671 jam
1080 1610 1214 1655 donat
1252 1611 1419 1672 aliquid
1443 1632 1452 1656 :
1477 1627 1567 1656 non
1593 1614 1711 1657 enim

316 1691 483 1727 tantam
515 1696 690 1741 poenam
720 1690 911 1725 meretur
933 1696 1120 1737 nocens,
1147 1691 1357 1741 quantam
1381 1680 1454 1725 ille
1477 1682 1553 1742 qui
1582 1682 1637 1727 ab
1658 1698 1710 1728 eo

313 1753 439 1797 laesus
467 1753 676 1796 innocens
698 1767 846 1810 passus
883 1760 960 1795 est.
994 1754 1116 1795 Hanc
1154 1766 1255 1809 ergo
1289 1752 1570 1807 inchoatam,
1615 1769 1707 1798 non

312 1838 504 1868 severam
526 1857 536 1876 ‚
558 1821 633 1865 sed
656 1821 977 1865 misericordem
995 1821 1208 1881 justitiam
1232 1821 1305 1865 ille
1328 1822 1518 1882 perficit,
1545 1823 1622 1882 qui
1644 1822 1710 1866 le·-

312 1908 408 1952 gem
430 1892 550 1936 venit
572 1890 752 1951 implere
771 1927 781 1946 ‚
797 1891 887 1935 non
908 1890 1087 1935 solvere.
1112 1894 1228 1935 Duos
1251 1907 1354 1950 ergo
1377 1892 1522 1936 adhuc
1546 1892 1708 1951 gradus

311 1964 388 2024 qui
415 1963 632 2006 intersunt
668 1960 973 2020 intelligendos
1007 1960 1206 2021 reliquit,
1243 1970 1287 2005 et
1320 1961 1374 2005 de
1407 1962 1501 2021 ipso
1539 1978 1709 2007 sommo

310 2033 618 2078 misericordiae
641 2032 831 2077 culmine
850 2032 995 2076 dicere
1018 2031 1187 2076 maluit.
1210 2035 1319 2077 Nam
1339 2042 1399 2076 est
1419 2033 1563 2077 adhuc
1585 2033 1708 2094 quod

310 2105 464 2160 faciat,
491 2105 566 2164 qui
584 2120 673 2148 non
688 2103 975 2163 impletistam
994 2102 1341 2162 magnitudinem
1355 2104 1584 2163 praecepti,
1607 2120 1707 2164 quae

309 2176 498 2234 pertinet
521 2173 574 2218 ad
598 2189 783 2233 regnum
807 2172 1044 2229 coelorum3
1065 2182 1114 2216 ut
1131 2188 1219 2217 non
1242 2172 1395 2217 reddat
1418 2183 1608 2228 tantum,
1631 2174 1717 2219 sed?

311 2246 479 2299 minus,
505 2244 626 2288 velut
655 2260 733 2303 pro
752 2244 925 2287 duobus
944 2243 1102 2302 pugnis
1137 2258 1297 2297 unum,
1332 2253 1408 2287 aut
1442 2259 1520 2303 pro
1554 2243 1705 2288 evulso

309 2315 436 2359 oculo
461 2330 608 2359 aurem
623 2313 845 2373 praecidat.
874 2313 986 2357 Hinc
1010 2311 1241 2356 ascendens
1271 2314 1347 2372 qui
1387 2313 1570 2358 omnino
1592 2313 1703 2358 nihil

307 2384 568 2444 rependerit,
590 2385 857 2444 propinquat
877 2392 1097 2443 praecepto
1120 2383 1320 2438 Domini,
1353 2398 1432 2427 nec
1452 2392 1603 2427 tamen
1625 2383 1703 2427 ad-

305 2455 391 2498 huc
404 2456 463 2499 ibi
485 2464 563 2500 est.
577 2458 736 2499 Parum
749 2454 864 2498 enim
877 2452 1020 2498 adhuc
1035 2452 1208 2498 videtur
1226 2454 1428 2509 Domino,
1447 2454 1480 2497 si
1495 2470 1573 2514 pro
1588 2453 1702 2499 malo

299 2525 420 2584 quod
443 2526 656 2585 acceperis
679 2523 788 2569 nihil
811 2522 1021 2583 rependas
1044 2522 1161 2578 mali,
1184 2524 1264 2567 nisi
1282 2523 1414 2568 etiam
1436 2523 1624 2584 amplius
1640 2523 1696 2568 sis

300 2603 474 2652 paratus
494 2596 702 2655 accipere.
728 2600 1000 2654 Quapropter
1023 2611 1111 2640 non
1129 2595 1187 2640 ait
1219 2615 1226 2640 :
1254 2614 1273 2637 «
1295 2599 1388 2655 Ego
1416 2605 1560 2642 autem
1587 2596 1686 2641 dico
