1819 3301
365 239 413 276 18
796 249 829 277 S.
866 249 1096 278 AUGUsTuu
1131 251 1311 278 EPISCOPI

354 313 565 357 Dominus
580 323 758 372 propter
779 313 958 373 aliquod
979 323 1300 358 sacramentum
1313 323 1553 374 utrumque
1572 315 1744 370 dixerit,

349 382 499 428 volens
525 384 752 443 ostendere
774 384 894 428 illam
915 399 959 427 se
986 384 1207 428 tristitiam
1226 385 1272 427 in
1290 400 1473 444 persona
1495 385 1562 428 sui
1585 400 1748 444 corpo-

352 454 433 509 ris,
460 452 504 498 id
536 464 620 508 est,
658 454 862 499 Ecclesiae
889 455 1152 514 suscepisse,
1183 456 1253 499 cui
1283 454 1421 500 factus
1444 464 1508 499 est
1529 456 1748 514 angularis

350 524 482 585 lapis²
501 561 512 580 ‚
539 526 730 570 venienti
751 526 806 570 ad
827 541 929 570 eum
951 527 1109 586 partim
1131 543 1183 570 ex
1201 527 1396 570 Hebraeis
1410 562 1421 581 ‚
1439 527 1494 570 ad
1512 542 1623 586 quos
1644 543 1748 586 per-

352 596 462 640 tinet
483 596 604 656 quod
640 597 700 640 ait
740 616 760 638 «
791 597 918 641 Abba
939 617 950 654 3
978 616 998 639 »
1023 597 1181 657 partim
1215 612 1265 641 ex
1287 597 1505 641 Gentibus
1522 632 1533 651 ‚
1563 596 1619 641 ad
1639 613 1748 658 quas

350 666 537 725 pertinet
559 666 681 726 quod
697 667 757 711 ait
782 685 802 709 «
826 670 967 711 Pater.
1004 686 1023 708 »
1051 667 1194 711 Etiam
1219 667 1379 711 Paulus
1410 667 1633 727 apostolus
1655 683 1745 713 non

350 738 685 796 praetermittens
702 738 785 782 hoc
806 747 1122 782 sacramentum
1140 773 1151 793 ,
1178 757 1198 779 «
1220 741 1272 781 In
1289 754 1378 798 quo
1395 738 1658 793 clamamus,
1682 738 1746 782 in-

354 827 373 849 »
408 808 530 869 quit,
556 808 683 853 Abba
712 812 853 852 Pater.
883 826 902 848 »
935 811 992 851 Et
1011 809 1171 852 iterum
1194 805 1253 851 ait
1286 828 1294 853 :
1325 808 1482 853 «Misit
1507 811 1623 852 Deus
1643 809 1745 868 Spi-

351 898 370 920 »
407 880 541 923 ritum
561 895 688 923 suum
709 880 752 923 in
776 878 907 923 corda
926 888 1083 932 vestra,
1099 877 1362 922 clamantem
1384 878 1510 922 Abba
1533 882 1662 922 Pater
1676 882 1740 922 ².»

348 951 553 1008 Oportuit
574 938 688 994 enim
717 959 765 993 ut
788 949 929 993 bonus
961 949 1167 1007 magister
1189 958 1231 992 et
1254 963 1382 992 verus
1403 947 1591 992 salvator
1620 949 1745 993 infir-

349 1021 559 1064 mioribus
591 1021 879 1079 compatiens,
916 1019 961 1062 in
991 1035 1034 1062 se
1070 1020 1163 1078 ipso
1185 1018 1508 1063 demonstraret
1543 1034 1634 1063 non
1667 1019 1746 1064 de-

349 1092 451 1135 bere
481 1107 581 1135 suos
604 1095 816 1148 Martyres
843 1091 1068 1150 desperare
1085 1126 1096 1146 ‚
1129 1091 1163 1134 si
1196 1106 1281 1150 qua
1305 1090 1418 1134 forte
1441 1089 1646 1135 cordibus
1668 1106 1744 1136 eo-

349 1178 446 1206 rum
468 1162 674 1221 irreperet
696 1163 777 1206 sub
799 1172 970 1221 tempus
988 1162 1196 1221 passionis
1219 1176 1271 1204 ex
1294 1161 1486 1205 humana
1509 1160 1746 1220 fragilitate

348 1232 516 1276 tristitia
540 1267 550 1286 ‚
577 1247 677 1275 cum
709 1247 801 1275 eam
832 1232 1057 1275 vincerent
1088 1230 1307 1275 voluntati
1329 1246 1419 1274 suae
1444 1231 1745 1290 praeponendo

345 1304 618 1347 voluntatem
643 1302 717 1346 Dei
737 1337 748 1357 ‚
774 1302 876 1362 quia
903 1301 975 1345 ille
996 1302 1077 1345 scit
1093 1302 1202 1362 quid
1225 1300 1430 1360 expediat
1452 1301 1612 1361 quibus
1633 1317 1743 1346 con-

351 1372 468 1416 sulit.
495 1376 555 1416 De
576 1388 662 1431 qua
685 1381 775 1416 tota
793 1388 838 1415 re
862 1387 950 1415 non
968 1387 1087 1415 nunc
1110 1381 1283 1431 tempus
1301 1380 1364 1414 est
1387 1380 1438 1414 ut
1460 1372 1639 1415 uberius
1662 1372 1744 1416 dis-

347 1453 512 1487 seratur
539 1462 547 1487 :
576 1443 716 1501 agitur
740 1443 856 1486 enim
887 1441 1020 1486 modo
1044 1441 1099 1485 de
1123 1442 1430 1486 convenientia
1444 1442 1744 1500 Evangelista-

350 1529 446 1556 rum
469 1548 480 1567 ‚
514 1514 558 1556 in
586 1528 775 1572 quorum
810 1512 1056 1556 diversitate
1086 1514 1321 1556 verborum
1351 1512 1583 1556 salubriter
1613 1513 1745 1557 disci-

349 1599 466 1638 mus,
493 1599 581 1627 non
600 1583 719 1627 aliud
739 1584 785 1626 in
807 1584 947 1627 verbis
971 1583 1026 1627 ad
1048 1583 1309 1628 audiendam
1333 1584 1558 1628 veritatem
1579 1619 1589 1638 ‚
1609 1599 1742 1643 quam

346 1655 605 1697 sententiam
621 1653 840 1713 loquentis
853 1669 943 1697 esse
961 1653 1282 1713 requirendam.
1306 1656 1399 1697 Hoc
1413 1663 1476 1697 est
1497 1654 1613 1697 enim
1633 1673 1653 1695 «
1668 1658 1744 1698 Pa-

354 1744 371 1765 »
408 1734 488 1778 ter,
518 1743 538 1764 »
571 1724 690 1784 quod
717 1744 735 1765 α
764 1724 889 1767 Abba
917 1727 1040 1767 Pater
1067 1744 1075 1768 ε
1104 1743 1124 1764 »
1157 1723 1233 1767 sed
1255 1724 1311 1768 ad
1333 1733 1653 1768 sacramentum
1673 1725 1745 1768 in-

351 1795 594 1838 timandum
613 1830 623 1848 ,
652 1794 824 1853 planius
848 1803 949 1837 est«
976 1794 1101 1838 Abba
1132 1798 1282 1844 Pate1'3
1306 1813 1324 1835 »
1352 1793 1406 1838 ad
1426 1794 1640 1838 unitatem
1654 1795 1743 1854 sig-

351 1863 631 1918 nificandam,
656 1864 816 1907 suflicit
834 1883 853 1905 ι(
872 1867 1111 1907 Pater.»Et
1135 1865 1367 1907 Dominum
1390 1863 1568 1923 quidem
1582 1865 1741 1909 «Abba

355 1954 374 1976 »
413 1939 537 1978 Pater
555 1954 574 1974 »
600 1934 755 1978 dixisse
777 1934 1044 1977 credendum
1063 1943 1126 1977 est
1146 1953 1155 1978 :
1177 1933 1252 1977 sed
1275 1943 1419 1977 tamen
1439 1950 1529 1978 non
1549 1934 1742 1980 eluceret

353 2006 564 2049 sententia
585 2040 595 2059 ,
635 2006 714 2048 nisi
736 2005 827 2048 aliis
859 2004 1105 2048 dicentibus
1132 2024 1152 2045 α
1179 2008 1306 2048 Pater
1324 2039 1335 2058 ,
1363 2023 1382 2046 »
1418 2004 1739 2050 demonstrare-

355 2085 424 2120 tur
445 2076 503 2119 sic
528 2091 617 2119 esse
654 2074 746 2118 illas
768 2074 875 2118 duas
911 2074 1122 2118 Ecclesias
1143 2090 1193 2118 ex
1216 2074 1380 2118 Judaeis
1418 2085 1462 2119 et
1485 2077 1666 2131 Graecis,
1693 2086 1742 2122 ut

353 2147 482 2189 ctiam
504 2161 591 2189 una
613 2145 681 2188 sit.
707 2147 771 2188 Ex
798 2144 872 2187 illo
895 2159 997 2201 ergo
1025 2144 1434 2195 intellectudictum
1453 2155 1516 2190 est
1539 2166 1548 2191 :
1571 2165 1592 2189 «
1616 2147 1742 2193 Abba

359 2235 378 2257 »
415 2220 540 2260 Pater
557 2250 567 2269 ‚
602 2233 624 2256 »
653 2231 741 2274 quo
771 2214 886 2258 idem
912 2215 1121 2258 Dominus
1145 2213 1250 2258 alibi
1276 2215 1337 2259 ait
1368 2235 1376 2260 :
1414 2235 1434 2258 «
1460 2216 1612 2261 Habeo
1637 2216 1742 2262 alias

364 2308 380 2326 »
417 2302 516 2330 oves
538 2302 635 2346 quae
657 2301 745 2330 non
768 2294 870 2329 sunt
890 2285 946 2328 de
977 2286 1058 2328 hoc
1076 2283 1177 2329 ovili
1191 2286 1206 2311 ³
1235 2305 1243 2329 :
1272 2303 1292 2326 »
1319 2294 1466 2343 gentes
1485 2287 1640 2347 utique
1655 2288 1743 2347 sig·
1761 2332 1769 2338 ,

359 2357 561 2411 nisit-ans,
587 2371 687 2400 cum
724 2356 903 2399 haberet
925 2370 1024 2399 oves
1054 2355 1186 2399 etiam
1222 2356 1268 2398 in
1288 2355 1452 2414 populo
1478 2357 1623 2401 Israel.
1657 2358 1742 2403 Sed

360 2427 462 2486 quia
479 2436 651 2471 secutus
671 2426 849 2485 adjecit:
868 2444 887 2467 (ε
905 2426 1089 2484 Oportet
1110 2439 1179 2468 me
1197 2434 1240 2469 et
1266 2441 1334 2470 eas
1357 2425 1596 2482 adducere,
1621 2437 1673 2472 ut
1687 2429 1744 2473 sit

365 2515 384 2536 »
402 2512 514 2540 unus
531 2511 629 2555 grex
647 2506 690 2541 et
702 2511 814 2541 unus
829 2504 988 2555 pastor:
1005 2517 1021 2537 »
1034 2504 1250 2555 quantum
1266 2495 1383 2541 valet
1399 2497 1454 2541 ad
1470 2497 1685 2544 Israelitas
1699 2507 1746 2544 et

412 2590 417 2603 ¹
441 2584 554 2623 limes.
581 2595 614 2624 n,
631 2592 684 2616 20.
704 2600 744 2605 --
766 2589 777 2605 ²
798 2585 888 2614 Rom.
910 2592 954 2619 xv,
973 2581 1024 2622 15,
1044 2586 1076 2613 et
1095 2581 1161 2614 Gal.
1186 2592 1228 2623 iv,
1249 2582 1281 2614 6.
1304 2599 1343 2605 —
1362 2581 1375 2605 3
1399 2585 1489 2616 Joan.
1512 2595 1543 2626 x,
1567 2585 1618 2618 16.
