1819 3301
384 269 522 295 sERMO
555 267 711 294 nomm
744 267 789 292 IN
823 266 997 302 MONTE,
1033 265 1115 290 Lm.
1152 265 1182 291 1.
1387 251 1469 290 143

92 348 274 377 numero
288 333 442 391 septies
454 331 757 390 multiplicato,
770 346 857 390 quo
868 331 979 373 fiunt
988 327 1150 388 quadra
1157 327 1468 385 ginta-novem,

92 404 215 464 quasi
237 413 412 447 octavus
435 401 631 455 additur,
666 411 716 445 ut
747 401 1064 461 quinquaginta
1098 397 1400 457 compleantur
1432 408 1474 441 et

92 484 300 533 tanquam
322 473 523 516 redeatur
545 472 598 516 ad
636 482 790 529 caput,
823 488 912 531 quo
936 470 1006 514 die
1029 469 1179 513 missus
1201 477 1262 511 est
1291 468 1473 526 Spiritus

93 554 291 598 sanctus,
318 559 406 602 quo
428 544 473 585 in
507 558 690 600 regnum
726 542 936 585 coelorum
967 541 1168 585 ducimur
1185 575 1195 594 ,
1227 548 1269 582 et
1292 539 1476 581 haeredi-

96 624 226 658 tatem
251 615 504 673 accipimus,
529 623 572 656 et
594 613 895 665 consolamur,
927 622 968 655 et
994 612 1228 670 pascimur,
1249 618 1292 652 et
1309 609 1475 652 miscri-

94 685 286 729 cordiam
319 683 654 742 conscquimur,
689 691 731 726 et
773 682 1057 735 mundamur,
1098 691 1140 724 et
1174 681 1474 739 pacificamur,

96 764 227 814 atque
245 754 303 797 ita
322 753 525 812 perfecti,
552 768 700 796 omnes
722 752 983 794 extrinsecus
1004 750 1141 793 illatas
1163 750 1377 794 molestias
1401 765 1478 808 pro

94 825 275 868 veritate
293 833 336 867 et
346 823 513 883 justitia
530 822 805 866 sustinemus.

99 1003 165 1018 vm
170 1001 593 1017 MMQMMMARMMMM
600 1000 800 1015 mmm
807 999 1477 1016 VWQMMWUMNWWMerMWW,UWB¹WVQW

799 1143 807 1160 τ
840 1143 853 1156 ³
921 1144 932 1151 τ

636 1142 672 1188 C
685 1142 717 1188 A
725 1143 761 1188 Ρ
767 1143 803 1190 t-
815 1143 843 1187 Ἰ
893 1144 925 1188 W
939 1179 951 1188 .

159 1302 281 1343 XIII.
311 1319 329 1340 «
356 1302 489 1342 BssAvn
509 1298 647 1352 eritis,
670 1298 840 1357 inquit,
867 1313 967 1341 cum
991 1296 1112 1340 vobis
1134 1297 1409 1350 maledicent,
1443 1306 1485 1339 ct

102 1388 121 1410 »
153 1378 471 1429 persequentur
492 1384 584 1423 vos,
600 1376 642 1411 et
662 1368 808 1411 dicent
830 1382 958 1411 omne
977 1367 1138 1410 malum
1163 1367 1388 1411 adversum
1413 1382 1487 1410 vos

102 1459 121 1482 »
160 1441 417 1483 mentientes
449 1448 625 1498 propter
655 1455 735 1482 me.
764 1438 961 1482 Gaudete
983 1448 1025 1481 et
1044 1437 1255 1491 exultate,
1279 1439 1485 1497 quoniam

103 1530 121 1552 »
161 1527 320 1555 merces
334 1508 475 1554 vvestra
496 1510 630 1553 multa
657 1520 720 1554 est
742 1510 785 1552 vin
805 1510 926 1552 coelis
944 1511 1003 1551 1.»
1026 1508 1349 1552 Animadvertat
1366 1509 1486 1567 quis-

99 1582 193 1641 quis
210 1580 384 1624 delicias
400 1582 526 1640 hujus
545 1579 691 1623 saeculi
710 1589 752 1622 et
776 1578 1001 1622 facultates
1022 1593 1162 1621 rerum
1184 1577 1487 1637 temporalium

99 1653 256 1712 quaerit
280 1652 324 1694 in
347 1652 523 1695 nomine
551 1650 811 1703 christiano,
836 1650 1093 1692 intrinsecus
1131 1665 1218 1692 esse
1255 1649 1488 1692 beatitudi-

99 1739 199 1766 nem
221 1732 439 1766 nostram:
463 1722 573 1765 sicut
591 1721 645 1764 de
669 1721 810 1764 anima
830 1720 1116 1763 ecelesiastica
1140 1736 1212 1763 ore
1234 1720 1489 1778 prophetico

101 1793 261 1837 dicitur
288 1811 295 1835 :
321 1792 471 1835 Omnis
493 1790 776 1850 pulchritudo
792 1789 893 1832 filiae
913 1791 1020 1848 regis
1044 1790 1327 1833 intrinsecus'2
1355 1809 1362 1833 :
1389 1805 1489 1832 nam

103 1864 367 1906 extrinsecus
384 1860 612 1904 maledicta
630 1869 672 1903 θῖ
687 1860 1006 1919 persecutiones
1027 1869 1070 1902 et
1091 1859 1376 1903 detractiones
1396 1876 1492 1918 pro-

102 1933 340 1976 mittuntur
366 1950 374 1974 z
401 1929 456 1973 de
478 1930 638 1989 quibus
661 1938 804 1972 tamen
830 1945 985 1987 magna
1011 1944 1170 1972 merces
1193 1938 1256 1972 est
1277 1929 1318 1971 in
1345 1928 1488 1982 coelis,

104 2018 204 2060 quae
238 2001 424 2044 sentitur
451 2000 499 2042 ‘in
529 1999 659 2043 corde
681 1999 938 2058 patientium
958 2034 967 2052 ,
1004 2014 1152 2041 eorum
1189 1999 1262 2056 qui
1280 2000 1365 2058 jam
1390 2014 1492 2056 pos-

105 2079 207 2114 sunt
232 2070 406 2115 dicere:
448 2089 466 2110 «
505 2069 750 2113 Gloriamur
785 2069 829 2111 in
865 2068 1246 2121 tribulationibus,
1281 2068 1491 2122 scientes,

110 2159 130 2181 »
166 2140 372 2199 quoniam
398 2138 621 2182 tribulatio
644 2138 896 2197 patientiam
922 2147 1125 2196 operatur
1143 2173 1154 2189 ,
1188 2138 1392 2196 patientia
1414 2155 1494 2181 au·-

111 2229 130 2251 »
166 2220 257 2252 tem
298 2208 628 2266 probationem,
675 2208 875 2265 probatio
909 2223 1010 2251 vero
1045 2223 1162 2266 spem
1183 2242 1192 2260 ,
1233 2195 1494 2265 spes-autem

113 2300 132 2321 n
170 2296 257 2323 non
288 2278 547 2331 confundit,
584 2280 683 2337 quia
718 2279 911 2322 Charitas
936 2280 1010 2321 Dei
1033 2278 1189 2321 diffusa
1208 2289 1270 2322 est
1292 2279 1334 2322 in
1354 2281 1497 2323 cordi-

114 2370 132 2390 »
172 2351 251 2393 bus
269 2348 439 2402 nostris,
455 2363 532 2406 per
553 2348 756 2406 Spiritum
777 2358 971 2391 sanctum
992 2349 1063 2407 qui
1078 2349 1204 2392 datus
1222 2359 1283 2392 est
1298 2350 1491 2393 nohisss.»

113 2424 209 2465 Non
239 2421 354 2463 enim
376 2420 453 2462 ista
472 2419 639 2477 perpeti
663 2417 933 2461 fructuosum
960 2429 1037 2471 est,
1054 2419 1129 2462 sed
1147 2420 1223 2462 ista
1248 2435 1326 2477 pro
1339 2421 1498 2464 Christi

117 2490 293 2534 nomine
317 2504 403 2532 non
427 2488 567 2531 solum
597 2504 725 2547 aequo
754 2489 898 2532 animo
916 2523 926 2541 ,
952 2488 1027 2531 sed
1055 2489 1181 2531 etiam
1207 2505 1305 2532 eum
1329 2489 1496 2533 exulta-

167 2593 173 2609 1
198 2586 316 2617 Matth.
334 2596 365 2623 v,
392 2597 441 2624 ιι,
467 2594 514 2616 ¹2.
557 2602 578 2606 —
600 2591 610 2606 ²
635 2584 712 2615 emt.
735 2595 815 2623 κων,
836 2585 886 2624 14,
903 2601 941 2606 --
962 2583 973 2606 3
995 2587 1082 2615 Ιῖοιῐι.
1106 2595 1135 2624 v,
1157 2585 1230 2616 3-5.
