1819 3301
350 262 400 299 16
779 267 811 295 s.
850 267 1080 296 Aucus'rlm
1118 269 1297 295 EPISCOPI

343 335 448 380 dicit
468 334 551 378 illis
574 353 582 378 ;
612 352 632 374 (ι
656 333 846 377 Dormitc
863 334 974 391 jam,
998 341 1041 375 ct
1066 332 1319 390 requiescite
1342 351 1350 376 2
1380 347 1478 375 6666
1495 331 1732 390 appropin-

343 425 364 448 »
401 405 552 466 quavit
575 405 683 449 hora
698 438 708 458 ,
734 412 778 446 et
795 402 930 446 Filius
952 402 1140 446 hominis
1163 401 1360 446 tradetur
1381 402 1426 446 in
1447 416 1602 446 manus
1627 416 1732 460 pec-

343 495 363 518 »
399 485 613 520 catorum.
638 473 809 531 Surgite
827 507 837 526 ,
864 487 1011 515 camus
1027 506 1037 526 ,
1059 486 1158 516 ecee
1180 471 1545 532 appropinquavit
1566 471 1643 531 qui
1663 486 1733 515 me

342 564 362 587 »
398 545 555 590 tradet.
584 563 604 586 »
636 541 868 597 Quomodo
890 541 1004 585 enim
1027 556 1179 601 supra,
1215 561 1235 584 «
1257 541 1450 586 Dormite
1463 542 1580 601 jam,
1600 550 1644 584 et
1660 555 1731 584 re-

341 635 362 658 »
398 616 632 676 quiescite,
668 633 687 655 »
724 628 823 657 cum
859 621 1090 656 connectat
1111 646 1121 664 ‚
1163 632 1182 654 «
1217 615 1330 669 Ecce
1363 611 1731 671 appropinquavit

343 706 361 728 »
397 688 535 741 hora3
570 703 590 726 »
619 693 662 728 et
678 683 776 727 ideo
805 682 923 727 dicat
949 701 957 727 :
988 701 1007 723 α
1035 683 1230 740 Surgste,
1255 697 1417 726 eamus.
1447 700 1466 722 »
1493 684 1588 734 Qua
1609 680 1731 725 velut

338 754 623 814 repugnantia
654 753 862 797 commoti
893 752 968 811 qui
997 751 1174 809 legunt,
1207 761 1422 795 conantur
1450 752 1509 795 ita
1531 766 1730 810 pronun-

339 825 443 869 tiare
477 822 597 883 quod
626 822 793 867 dictum
821 830 884 864 est
911 840 919 864 ε
951 839 967 859 «
996 820 1189 863 Dormite
1205 822 1293 879 jam
1316 830 1359 865 et
1388 820 1668 880 requiescite,
1704 838 1724 862 »

337 904 544 954 tanquam
567 894 621 936 ab
644 892 951 950 exprobrante,
979 905 1068 932 non
1100 906 1123 933 a
1152 890 1432 948 permittente
1467 890 1521 933 sit
1540 890 1723 934 dictum.

337 965 466 1018 Quod
489 973 602 1007 recte
627 964 750 1005 fieret
765 996 775 1014 ‚
802 961 835 1004 si
858 968 967 1004 esset
989 975 1161 1003 necesse
1186 979 1194 1003 z
1230 976 1330 1003 cum
1354 975 1455 1003 vero
1476 963 1647 1004 Marcus
1666 961 1727 1005 ita

336 1036 419 1079 hoc
443 1032 873 1085 commemoraverit,
900 1039 950 1073 ut
979 1045 1079 1073 cum
1109 1030 1284 1074 dixisset
1312 1050 1320 1074 ι
1351 1049 1370 1071 «
1397 1032 1589 1074 Dormite
1607 1033 1695 1090 jam
1712 1066 1723 1085 ‚

340 1123 359 1146 »
396 1114 438 1148 et
461 1103 714 1163 requiescite
735 1137 745 1156 ‚
774 1120 793 1142 »
817 1100 1091 1160 adjungeret,
1122 1119 1140 1141 «
1165 1101 1358 1156 Sufficit3
1386 1119 1404 1141 »
1427 1110 1470 1143 et
1488 1100 1647 1144 deinde
1663 1101 1728 1144 in-

335 1174 498 1219 ferret:
532 1193 551 1215 «
577 1172 708 1216 Venit
734 1172 836 1215 hora
877 1190 884 1214 :
914 1186 1012 1215 ecce
1034 1169 1229 1213 tradetur
1264 1170 1398 1213 Filius
1420 1170 1633 1213 hominis1
1666 1189 1674 1214 :
1704 1189 1722 1211 »

336 1244 490 1303 utique
510 1241 767 1299 intelligitur
787 1249 885 1299 post
904 1239 1016 1283 illud
1037 1238 1159 1298 quod
1186 1240 1245 1282 eis
1266 1239 1433 1282 dictum
1452 1248 1515 1282 est
1537 1258 1545 1282 :
1571 1258 1590 1280 «
1616 1242 1726 1284 Dor-

338 1333 358 1356 »
394 1314 499 1357 mite
516 1314 606 1372 jam
627 1346 638 1365 ‚
664 1320 707 1354 et
730 1310 985 1369 requiescite
1002 1344 1013 1364 ‚
1042 1327 1062 1349 »
1087 1308 1251 1352 siluisse
1268 1309 1504 1352 Dominum
1526 1308 1726 1368 aliquan-

336 1393 427 1428 tum
448 1417 459 1437 ‚
490 1391 541 1425 ut
564 1382 647 1425 hoc
681 1381 805 1423 fieret
837 1379 959 1438 quod
980 1379 1258 1437 permiserat3
1294 1387 1338 1422 et
1363 1387 1469 1423 tunc
1490 1379 1686 1423 intulisse
1712 1398 1720 1424 :

338 1472 359 1494 «
394 1455 506 1496 Ecce
540 1449 905 1509 appropinquavit
936 1448 1057 1492 hora.
1090 1466 1108 1488 υ
1143 1446 1248 1490 Ideo
1272 1456 1367 1506 post
1399 1447 1472 1491 illa
1492 1448 1625 1492 verba
1653 1463 1722 1492 se-

334 1521 531 1568 cundum
551 1524 748 1565 Marcum
770 1518 961 1577 positum
994 1526 1057 1561 est
1072 1552 1083 1571 ‚
1113 1535 1134 1558 «
1160 1517 1329 1562 Sufficit
1346 1552 1357 1572 ‚
1386 1536 1405 1558 »
1431 1516 1477 1561 id
1494 1526 1557 1561 est
1572 1553 1582 1572 ‚
1601 1518 1724 1578 quod

335 1590 602 1652 requievistis
617 1591 708 1648 jam
737 1589 912 1632 sufficit.
942 1586 1027 1631 Sed
1053 1587 1155 1646 quia
1178 1596 1515 1631 commemorata
1536 1603 1627 1632 non
1658 1596 1723 1632 est

333 1664 424 1720 ipsa
456 1658 726 1718 interpositio
759 1657 918 1701 silentii
949 1657 1149 1712 Domini,
1180 1666 1410 1716 propterea
1437 1666 1628 1702 coarctat
1650 1658 1721 1702 in-

333 1732 556 1776 tellectum
573 1764 583 1783 ,
608 1738 657 1772 ut
679 1728 724 1770 in
746 1726 830 1770 illis
851 1726 991 1770 verbis
1014 1725 1094 1769 alia
1118 1727 1417 1785 pronuntiatio
1435 1728 1697 1787 requiratur.

391 1804 495 1845 XII.
518 1803 657 1842 Lucas
684 1805 829 1840 autem
851 1795 1123 1854 praetermisit
1145 1796 1314 1855 quoties
1337 1797 1554 1840 oraverit²
1578 1816 1587 1841 ε
1613 1796 1721 1841 dixit

333 1885 434 1914 sane
464 1867 583 1928 quod
605 1866 671 1909 isti
691 1872 936 1917 tacuerunt,
957 1872 1000 1906 et
1021 1873 1215 1907 orantem
1231 1865 1285 1907 ab
1309 1865 1476 1922 Angelo
1497 1865 1720 1911 conforta—

333 1949 425 1984 tum
445 1973 455 1992 ‚
481 1947 523 1980 et
545 1934 750 1995 prolixius
770 1933 930 1977 orantis
951 1932 1154 1976 sudorem
1178 1932 1307 1976 fuisse
1330 1936 1616 1993 sanguineum
1634 1970 1646 1990 ,
1675 1945 1718 1980 et

334 2018 478 2069 guttas
504 2006 782 2050 decurrentes
804 2004 848 2047 in
870 2012 1042 2046 terram.
1069 2005 1181 2047 Cum
1205 2019 1305 2060 ergo
1327 2004 1433 2048 dicit
1458 2025 1466 2049 :
1491 2025 1510 2046 «
1536 2009 1592 2049 Et
1616 2021 1717 2050 cum

335 2098 355 2120 »
391 2076 639 2122 surrexisset
655 2074 710 2117 ab
733 2073 940 2125 oratione,
957 2081 1000 2115 et
1020 2072 1204 2115 venisset
1219 2072 1274 2116 ad
1288 2074 1526 2132 Discipulos
1543 2077 1712 2130 suos3,»

332 2165 419 2193 non
444 2145 648 2205 expressit
673 2152 807 2202 quota
831 2141 1026 2186 oratione
1052 2160 1060 2185 :
1097 2141 1233 2185 nihilo
1264 2151 1408 2186 tamen
1434 2143 1516 2187 illis
1541 2145 1716 2189 duobus

331 2220 560 2277 repugnat.
596 2217 784 2257 Joannes
818 2226 920 2254 vero
954 2219 1236 2269 posteaquam
1271 2212 1315 2254 in
1347 2213 1524 2256 hortum
1552 2209 1717 2272 ingres-

331 2302 426 2332 sum
450 2284 556 2329 dicit
576 2297 676 2326 eum
712 2278 939 2338 Discipulis
971 2279 1081 2322 suis⁴
1100 2313 1111 2334 ,
1148 2295 1237 2323 non
1263 2293 1574 2327 commemorat
1606 2283 1713 2343 quid

330 2357 416 2400 illic
438 2354 600 2413 egerit,
626 2351 768 2395 donec
785 2351 875 2409 ejus
898 2348 1080 2394 traditor
1097 2364 1197 2393 cum
1221 2352 1243 2393 J
1250 2350 1384 2395 udaeis
1405 2351 1460 2395 ad
1481 2367 1581 2397 eum
1598 2369 1712 2398 com-

329 2421 687 2485 prehendendum
703 2420 884 2464 veniret.

387 2496 512 2538 XIII.
539 2495 639 2535 Tres
656 2489 786 2548 igitur
813 2488 881 2531 isti
903 2486 1099 2530 eamdem
1122 2502 1212 2530 rem
1238 2488 1296 2532 ita
1319 2500 1626 2546 narraverunt,
1651 2493 1711 2536 si-

377 2585 384 2602 ι
409 2579 513 2609 Marc.
534 2585 594 2608 xiv.
619 2573 672 2616 4¹-
694 2590 734 2597 —
757 2579 769 2596 ²
788 2574 864 2605 Luc.
885 2581 962 2613 un,
981 2570 1034 2612 4¹.
1059 2587 1099 2594 -
1120 2568 1227 2603 ³1bid.
1248 2571 1302 2614 45.
1320 2588 1353 2596 -
1380 2571 1505 2607 4Joan.
1527 2584 1620 2617 xvut,
1643 2587 1670 2608 1.
