1819 3301
278 263 562 302 QUAEsTiONnM
594 263 915 302 SEPTEMDEOEM,
950 266 1074 291 mim
1106 267 1230 292 vivos.
1366 255 1449 294 379

77 347 96 370 n
132 330 359 373 excaecavit
388 329 536 373 oculos
559 344 732 385 eorum3
761 347 780 370 n
814 328 859 372 id
884 337 968 383 est,
1001 329 1102 388 quia
1127 327 1212 372 illae
1234 329 1449 387 parabolae

72 400 130 443 ita
148 400 427 453 dicebantur,
453 409 502 442 ut
522 400 575 442 ab
599 400 656 443 eis
674 415 762 443 non
783 407 958 458 possent
979 398 1176 457 intelligi.
1204 399 1315 442 Dicit
1336 401 1450 443 enim

72 468 252 529 aliquis,
282 469 324 513 Si
355 478 405 512 ut
433 469 720 526 intelligerent
747 469 921 513 credere
953 468 1195 524 debebant,
1230 469 1451 529 quomodo

73 550 301 599 propterea
333 555 422 583 non
444 548 644 598 poteraut
664 539 838 587 credere
855 575 865 595 ‚
891 540 992 600 quia
1014 556 1102 585 non
1122 539 1448 599 intelligebant,

72 612 156 655 hoc
178 620 242 655 est
265 630 274 655 :
300 630 318 652 «
344 611 450 664 Quia
474 611 701 655 excaecavit
723 611 871 655 oculos
893 613 1070 655 eorum?
1094 630 1113 652 »
1143 611 1226 655 Sed
1252 611 1371 670 quod
1395 611 1454 654 ait

75 684 204 724 Isai'as
223 700 233 725 ι
256 700 275 722 κ
300 681 389 725 Nisi
411 680 697 734 credideritis,
725 696 813 724 non
835 679 1083 738 intelligetis
1100 682 1110 709 2
1125 715 1134 733 ‚
1165 698 1183 720 υ
1206 679 1260 723 de
1281 679 1354 723 illa
1382 680 1453 723 in-

73 750 308 808 telligentia
330 750 495 795 dictum
521 761 585 794 est
600 786 610 806 ,
641 751 686 795 in
707 767 793 811 qua
816 767 984 810 semper
1008 751 1251 795 manebitur
1266 787 1276 805 ,
1309 766 1453 794 rerum

72 820 358 865 ineffabilium
376 841 384 865 :
401 837 501 865 cum
524 831 669 866 autem
686 821 844 867 dicitur
857 821 978 881 quod
1000 821 1216 875 credatur,
1237 821 1317 865 nisi
1334 820 1454 880 quod

74 890 526 949 dicitur=intclligatur
558 892 675 940 credi
706 907 795 936 non
829 901 985 951 potest.
1028 891 1316 950 Intelligenda
1353 899 1454 935 sunt

75 976 175 1018 ergo
198 960 313 1005 dicta
331 996 341 1015 ,
368 970 416 1004 ut
445 960 681 1013 credantur
713 977 813 1021 quae
847 961 932 1009 dici
955 970 1191 1020 potuerunt
1211 960 1455 1005 :credenda

76 1040 219 1074 autem
242 1047 342 1091 quae
365 1031 449 1075 dici
473 1041 737 1091 potuerunt,
757 1043 804 1075 ut
824 1031 1124 1090 intelligantur
1138 1047 1236 1091 quae
1259 1030 1344 1075 dici
1366 1046 1456 1075 non

76 1111 272 1161 possunt.

581 1251 817 1301 QUAESTIO
848 1253 916 1290 XV
924 1282 933 1290 .

138 1402 158 1426 «
174 1386 238 1427 ET
255 1383 344 1427 sine
359 1382 574 1442 parabolis
593 1399 681 1428 non
695 1383 958 1442 loquebatur
972 1382 1101 1425 eis2.»
1117 1384 1215 1427 Non
1228 1381 1329 1441 quia
1346 1380 1456 1425 nihil

75 1455 248 1514 proprie
267 1454 441 1498 locutus
465 1464 527 1498 est
542 1489 552 1508 ,
579 1453 652 1497 sed
676 1455 777 1513 quia
800 1454 971 1500 nullum
1005 1451 1094 1496 fere
1121 1467 1363 1496 sermonem
1386 1467 1457 1495 ex·-

73 1525 272 1585 plicavit,
316 1526 393 1568 ubi
436 1541 524 1568 non
563 1524 726 1584 aliquid
765 1540 840 1583 per
880 1522 1129 1583 parabolam
1176 1522 1453 1580 significavit,

74 1596 269 1656 quamvis
290 1596 335 1638 in
354 1611 404 1639 eo
425 1594 567 1654 aliqua
590 1605 633 1638 et
654 1597 826 1654 proprie
847 1594 1025 1638 dixerit:
1045 1594 1100 1636 ita
1128 1601 1178 1636 ut
1198 1608 1311 1650 saepe
1333 1592 1456 1635 inve-

74 1666 219 1709 niatur
239 1675 352 1709 totus
373 1680 512 1709 sermo
536 1666 627 1724 ejus
650 1663 864 1722 parabolis
887 1663 1121 1720 explicatus
1136 1696 1146 1716 ‚
1172 1670 1288 1704 totus
1311 1670 1456 1704 autem

74 1735 247 1793 proprie
269 1734 409 1778 dictus
432 1732 578 1777 nullus
595 1734 854 1777 inveniatur.
878 1731 1122 1790 Explicatos
1140 1740 1284 1774 autem
1301 1746 1456 1775 sermo-

75 1820 149 1848 nes
173 1804 292 1858 dico,
317 1803 494 1863 quando
518 1819 568 1846 ex
593 1803 736 1861 aliqua
760 1803 985 1845 occasione
1008 1816 1150 1844 rerum
1168 1800 1319 1859 incipit
1336 1800 1457 1860 loqui

74 1890 303 1935 quousque
337 1874 540 1918 terminet
564 1872 779 1932 quidquid
814 1873 867 1915 ad
900 1872 1033 1930 ipsam
1058 1886 1147 1914 rem
1172 1872 1380 1929 pertinet,
1415 1880 1458 1914 et

75 1954 263 1989 transeat
295 1944 349 1988 ad
380 1943 513 1987 aliud.
552 1946 877 2002 Nonnunquam
911 1957 1012 1985 sane
1040 1940 1147 1984 alius
1184 1939 1457 1998 Evangelista

75 2016 287 2070 contexit,
311 2016 431 2075 quod
458 2015 566 2058 alius
588 2014 765 2058 diversis
796 2013 1063 2072 temporibus
1088 2011 1254 2055 dictum
1276 2011 1452 2054 indicat.

74 2088 172 2130 Non
186 2084 300 2128 enim
320 2086 572 2129 omnimodo
589 2084 828 2131 secundum
844 2099 986 2126 rerum
1008 2092 1221 2141 gestarum
1239 2082 1453 2135 ordinem,

76 2155 152 2200 sed
168 2155 407 2199 secundum
428 2170 518 2199 suae
533 2156 716 2214 quisque
733 2153 1041 2199 recordationis
1064 2151 1315 2196 facultatem
1330 2186 1340 2206 ,
1361 2167 1458 2195 nar-

77 2225 289 2269 rationem
312 2239 443 2283 quam
465 2240 640 2268 exorsus
661 2233 725 2268 est
745 2224 976 2268 ordinavit.

127 2328 133 2343 ¹
156 2322 226 2352 lsai.
248 2332 306 2358 vn,
324 2331 358 2362 9,
373 2320 466 2361 juxta
486 2331 555 2355 Lxx.
579 2338 617 2343 ν-
638 2327 651 2343 2
669 2321 783 2353 Matth.
811 2332 880 2360 xm,
904 2319 956 2362 34.
