1819 3301
395 288 436 312 IN
472 285 645 313 JoAhh'lS
678 288 986 325 EVANGELIUM,
1022 288 1167 315 τῐιΑεΤ.
1206 291 1234 315 1.
1422 282 1505 320 389

131 354 342 404 Joannes,
383 350 437 393 de
471 351 631 410 quibus
666 350 795 409 paulo
829 361 929 395 ante
963 352 1230 396 cantavimus
1260 373 1268 398 :
1306 373 1325 395 «
1351 358 1507 400 Levavi

134 442 151 463 »
188 421 336 465 oculos
359 435 474 464 meos
496 421 541 464 in
562 430 753 474 monleS,
776 421 894 465 unde
913 422 1057 466 veniet
1077 423 1283 467 auxilium
1307 425 1459 470 mihi1.
1485 446 1505 469 »

129 494 244 549 Ergo
257 526 271 546 ,
295 490 445 534 fratres
462 491 546 533 mei
567 526 577 545 ,
603 492 635 535 si
653 491 783 536 vultis
800 492 1061 550 intelligere,
1085 493 1225 538 levate
1247 495 1395 540 oculos
1416 512 1508 541 ves-

128 570 217 605 tros
253 560 298 603 in
320 569 513 604 montem
536 560 665 604 istum
686 595 697 615 ,
723 560 768 605 id
790 570 853 605 est
869 596 879 616 ,
900 562 1049 621 erigite
1076 579 1153 608 vos
1183 563 1238 608 ad
1256 566 1512 624 Evangelis-

129 641 217 676 tam
231 666 242 687 ‚
280 632 430 690 erigite
465 647 539 676 vos
578 632 633 675 ad
654 633 744 691 ejus
784 647 972 676 sensum.
1001 633 1084 678 Sed
1107 635 1208 694 quia
1246 645 1413 681 montes
1444 638 1514 682 isti

129 716 281 761 pacem
314 701 584 760 suscipiunt3
618 717 707 746 non
738 711 879 761 potest
910 711 1054 746 autem
1084 718 1172 748 esse
1194 705 1239 748 in
1272 702 1400 764 paee,
1436 708 1512 767 qui

129 786 249 831 spem
274 771 397 830 ponit
433 771 478 814 in
502 772 704 829 homine,
729 771 864 816 nolite
883 773 943 816 sic
966 773 1126 831 erigere
1149 775 1296 820 oculos
1317 776 1363 819 in
1386 792 1514 822 mon-

130 853 217 887 tem
234 878 245 898 ,
270 852 319 886 ut
341 843 501 901 putetis
533 843 578 885 in
604 843 782 887 homine
810 858 930 902 spem
951 853 1135 888 vestram
1171 861 1260 890 esse
1291 847 1514 892 collocan-

129 911 252 970 dam3
279 921 321 956 et
342 913 401 956 sic
423 912 553 956 dicite
575 931 583 956 :
605 912 798 957 «Levavi
821 911 969 957 oculos
990 929 1108 959 meos
1125 916 1170 959 in
1193 926 1378 972 montes,
1396 919 1515 964 unde

132 1002 153 1025 »
187 984 334 1027 veniet
355 981 565 1026 auxilium
594 983 702 1026 mihi
730 1002 739 1028 :
762 1002 782 1024 »
805 992 854 1027 ut
876 984 1022 1028 statim
1054 985 1322 1045 subjungatis
1343 1007 1351 1033 :
1381 1007 1401 1030 «
1423 992 1516 1033 Au-

132 1072 152 1096 »
187 1054 337 1098 xilium
360 1069 507 1097 meum
529 1070 552 1097 a
570 1054 777 1109 Domino,
798 1055 874 1114 qui
897 1055 1000 1099 fecit
1021 1056 1184 1100 eoelum
1203 1067 1246 1102 et
1263 1062 1465 1103 terram2.
1490 1079 1511 1103 »

128 1127 245 1182 Ergo
267 1124 460 1168 levemus
489 1123 638 1168 oculos
675 1125 721 1167 in
755 1134 946 1179 montes,
987 1126 1106 1169 unde
1127 1128 1272 1172 veniet
1307 1129 1514 1174 auxilium

128 1195 254 1239 nobis
280 1215 288 1239 ;
317 1205 359 1239 et
388 1205 535 1239 tamen
563 1211 651 1239 non
684 1196 763 1254 ipsi
795 1204 964 1239 montes
996 1205 1118 1251 sunt,
1156 1198 1201 1240 in
1232 1199 1392 1258 quibus
1420 1216 1517 1259 spes

129 1274 272 1309 nostra
294 1265 497 1324 ponenda
520 1273 583 1308 est
607 1281 619 1308 .·
644 1264 864 1323 accipiunt
898 1265 1012 1308 enim
1035 1275 1205 1311 montes
1241 1269 1363 1328 quod
1390 1270 1516 1315 nobis

129 1335 374 1378 ministrent
400 1354 407 1379 :
434 1350 537 1393 ergo
560 1333 678 1378 unde
696 1343 740 1378 et
761 1343 929 1378 montes
951 1336 1192 1395 accipiunt,
1218 1338 1278 1381 ibi
1295 1354 1391 1398 spes
1414 1356 1515 1384 nos-

129 1416 194 1450 tra
212 1404 414 1464 ponenda
433 1414 510 1449 est.
537 1404 697 1449 Oculos
716 1414 885 1449 nostros
903 1421 1004 1449 cum
1025 1405 1219 1452 levamus
1245 1409 1299 1452 ad
1321 1411 1516 1470 Scriptu-

129 1492 195 1519 ras
214 1511 224 1530 ,
246 1477 348 1535 quia
371 1491 447 1534 per
469 1475 666 1518 homines
688 1474 940 1518 ministratae
966 1484 1069 1519 sunt
1101 1478 1333 1536 Scripturae
1350 1515 1361 1534 ,
1392 1480 1514 1526 leva-

128 1562 225 1590 mus
242 1545 390 1590 oeulos
403 1554 572 1588 nostros
588 1544 641 1588 ad
655 1554 820 1589 montes
837 1545 954 1590 unde
975 1546 1181 1591 auxilium
1199 1550 1344 1594 veniet
1359 1552 1484 1596 nobis
1502 1572 1512 1598 2

128 1617 203 1661 sed
223 1626 369 1660 tamen
386 1616 486 1675 quia
508 1616 587 1674 ipsi
612 1616 807 1659 homines
832 1619 976 1671 erant,
997 1618 1072 1677 qui
1092 1619 1356 1678 seripserunt
1377 1623 1514 1682 Serip-

129 1697 247 1731 turas
267 1722 277 1740 ,
305 1702 394 1730 non
412 1686 466 1730 de
489 1701 532 1729 se
554 1685 759 1730 lucebant
779 1708 789 1744 3
814 1687 889 1731 sed
909 1687 982 1731 ille
1008 1698 1098 1732 erat
1134 1689 1284 1734 lumen
1304 1707 1453 1736 verum
1468 1695 1483 1718 3
1500 1729 1512 1748 ‚

129 1758 204 1816 qui
226 1757 444 1800 illuminat
465 1771 639 1800 ornnem
661 1757 883 1800 hominem
911 1758 1156 1803 venientem
1178 1760 1223 1803 in
1245 1761 1363 1805 hunc
1381 1778 1514 1807 mun-

129 1828 251 1872 dum.
283 1830 409 1871 Mons
427 1836 516 1870 erat
539 1836 581 1870 et
600 1826 673 1869 ille
691 1829 878 1871 Joannes
900 1828 1088 1886 Baptista
1109 1829 1185 1888 qui
1217 1829 1322 1874 dixit
1344 1851 1352 1876 :
1378 1851 1398 1873 «
1418 1835 1515 1878 Non

132 1916 151 1939 »
188 1913 282 1941 sum
305 1912 385 1955 ego
422 1897 617 1941 Christus
635 1897 648 1921 ⁴
677 1916 684 1940 :
714 1915 733 1937 »
761 1911 816 1940 ne
838 1897 1068 1956 quisquam
1093 1914 1210 1957 spem
1245 1901 1289 1944 in
1320 1912 1513 1948 montem

129 1983 294 2027 ponens
312 2003 321 2021 ,
348 1967 521 2011 caderet
543 1967 597 2010 ab
621 1966 694 2010 illo
715 1969 790 2026 qui
812 1976 980 2010 montes
1002 1967 1205 2024 illustrat,
1228 1979 1271 2014 et
1292 1971 1383 2030 ipse
1404 1989 1512 2017 con-

130 2038 264 2082 fessus
282 2038 341 2081 ait
362 2057 369 2081 :
400 2056 418 2078 «
442 2037 653 2089 Quoniam
677 2035 731 2079 de
748 2035 1022 2095 plenitudine
1054 2040 1145 2098 ejus
1167 2055 1315 2084 omnes
1348 2044 1515 2102 accepi-

133 2126 153 2148 »
189 2123 285 2151 mus
302 2109 330 2149 ⁵.
354 2126 371 2147 η
390 2110 453 2150 Ita
475 2106 605 2149 debes
623 2105 765 2149 dicere
783 2125 791 2150 :
812 2124 831 2147 «
850 2107 1009 2150 Levavi
1021 2107 1168 2152 oculos
1190 2124 1307 2153 meos
1328 2110 1372 2154 in
1387 2128 1513 2156 mon-

133 2197 153 2220 »
190 2188 268 2232 tes,
294 2178 412 2220 unde
424 2177 569 2220 veniet
586 2176 797 2220 auxilium
810 2177 916 2220 mihi
937 2196 945 2221 :
965 2196 984 2218 »
1000 2193 1054 2220 ne
1072 2178 1278 2222 auxilium
1296 2181 1415 2240 quod
1434 2183 1514 2227 tibi

131 2249 270 2301 venit,
306 2247 528 2291 montibus
550 2248 738 2306 imputes
764 2266 772 2291 ε
799 2246 872 2291 sed
903 2248 1112 2306 sequariS‚
1138 2258 1180 2293 et
1203 2250 1343 2295 dicas:
1375 2271 1393 2294 «
1418 2256 1513 2296 Au·-

134 2335 154 2359 »
189 2317 339 2360 xilium
374 2332 521 2359 meum
544 2333 566 2360 a
591 2317 776 2361 Domino
795 2352 805 2371 ,
830 2317 905 2376 qui
926 2317 1027 2361 fecit
1049 2317 1210 2362 coelum
1232 2329 1275 2364 et
1296 2330 1467 2368 terram.
1489 2342 1510 2366 »

191 2390 290 2431 VII.
319 2390 434 2444 Ergo
450 2421 460 2441 ,
482 2386 631 2431 fratres
648 2422 658 2441 ,
680 2386 735 2430 ad
756 2388 839 2431 hoe
871 2387 948 2430 ista
970 2388 1238 2444 monuerim,
1266 2400 1315 2435 ut
1336 2395 1514 2452 quando

133 2457 319 2502 erexistis
356 2472 430 2500 cor
461 2456 516 2500 ad
553 2457 821 2516 Scripturas,
859 2472 959 2501 eum
993 2468 1165 2502 sonaret
1198 2461 1510 2521 Evangelium,

138 2547 158 2570 «
194 2531 244 2571 In
266 2527 478 2586 principio
494 2536 584 2571 erat
599 2528 813 2583 Verbum,
835 2536 877 2571 et
894 2527 1089 2572 Verbum
1109 2539 1199 2574 erat
1220 2532 1336 2590 apud
1355 2535 1512 2592 Deum,

182 2618 190 2634 ¹
218 2611 299 2644 Psal.
314 2622 386 2651 cxx,
407 2622 433 2644 ι,
459 2628 500 2634 -
521 2618 533 2634 ²
551 2611 631 2643 lbid.
655 2620 686 2643 0..
711 2628 749 2635 -
770 2609 783 2634 3
801 2614 892 2644 Joan.
915 2622 937 2653 1,
955 2622 989 2652 9.
1011 2628 1052 2636 --
1067 2610 1083 2642 4
1102 2613 1182 2647 lbid.
1199 2622 1254 2648 20.
1272 2632 1312 2638 —
1332 2605 1436 2652 6ΙΙΜᾘ,
1463 2619 1512 2651 16.
