1819 3301
323 269 401 309 138
742 283 773 310 s.
813 286 1041 313 Aucus-rim
1078 288 1256 314 umscor‘i

318 361 407 390 non
426 345 741 393 reluctantibus
757 385 766 403 ‚
788 367 812 410 q
822 366 886 393 uae
910 360 1009 393 sunt
1027 350 1150 395 nobis
1170 350 1401 410 bestiisque
1422 353 1670 397 communia
1689 375 1700 411 3

319 426 451 477 atque
479 418 665 477 idipsum
690 419 809 479 quod
833 419 1003 463 excellit
1031 420 1075 464 in
1105 421 1282 464 homine
1299 457 1308 474 ‚
1343 421 1386 464 id
1407 430 1494 476 est,
1520 437 1640 466 mens
1662 433 1705 467 et

319 489 427 531 ratio
443 524 452 541 ,
479 489 731 548 subjiciatur
752 490 922 548 potiori,
944 490 1062 549 quod
1085 500 1147 534 est
1172 491 1261 549 ipsa
1279 490 1435 534 veritas
1458 492 1706 549 unigenitus

319 558 454 602 Filius
474 561 561 602 Dei.
590 562 739 619 Neque
762 561 875 603 enim
899 560 1110 620 imperare
1133 560 1410 605 inferioribus
1428 571 1570 620 potest
1588 598 1599 618 ,
1626 564 1705 607 nisi

318 629 525 687 superiori
549 645 592 672 se
622 630 712 688 ipse
735 629 950 690 subjiciat.
984 633 1037 675 Et
1061 630 1152 675 haec
1189 641 1252 675 est
1281 647 1364 690 pax
1389 647 1487 691 quae
1509 631 1639 676 datur
1660 633 1706 676 in

320 708 430 742 terra
455 700 706 744 hominibus
729 701 855 745 bonae
878 700 1141 746 voluntatis¹
1164 723 1174 759 3
1195 703 1289 746 haec
1307 704 1391 746 vita
1417 704 1704 748 consummati

318 769 586 830 perfectique
614 772 830 830 sapientis.
858 775 919 816 De
943 771 1191 832 hujusmodi
1216 785 1349 831 regno
1372 774 1644 838 pacatissimo
1664 783 1707 818 et

319 839 634 885 ordinatissimo
665 842 816 885 missus
840 850 902 885 est
929 840 1041 885 foras
1063 842 1264 901 princeps
1286 843 1417 902 hujus
1440 844 1608 898 saeculi,
1630 843 1707 904 qui

318 911 530 970 perversis
548 911 890 972 inordinatisque
913 911 1179 956 dominatur.
1212 915 1302 957 Hac
1321 928 1426 973 paee
1449 914 1707 959 intrinsecus

290 1028 295 1032 ,
318 982 552 1025 constituta
577 992 707 1042 atque
733 983 899 1027 firmata
920 1018 930 1037 ‚
963 999 1264 1043 quascumque
1292 985 1614 1043 persecutiones
1634 983 1708 1028 ille

318 1052 395 1111 qui
425 1052 536 1095 foras
571 1053 723 1096 missus
746 1064 834 1106 est,
863 1053 1101 1098 forinsecus
1125 1054 1435 1109 concitaverit,
1462 1065 1592 1114 auget
1614 1054 1708 1113 glo-

319 1121 423 1165 riam
438 1138 536 1182 quae
554 1124 795 1166 secundum
818 1126 953 1166 Deum
968 1133 1031 1167 est
1050 1145 1059 1180 3
1079 1140 1165 1167 non
1183 1123 1346 1184 aliquid
1367 1124 1413 1167 in
1430 1123 1505 1168 illo
1521 1124 1707 1168 aedificio

318 1192 607 1247 labefactans,
640 1193 714 1237 sed
748 1193 1053 1238 deficientibus
1089 1196 1298 1239 machinis
1328 1196 1414 1239 suis
1438 1195 1708 1239 innotescere

320 1262 480 1307 faciens
501 1274 663 1323 quanta
688 1265 867 1308 firmitas
900 1265 1016 1308 intus
1034 1275 1227 1309 extructa
1251 1266 1318 1308 sit.
1348 1265 1452 1308 Ideo
1474 1265 1670 1325 sequitur
1697 1284 1705 1309 :

324 1352 342 1374 «
379 1334 498 1376 Beati
535 1335 609 1394 qui
642 1335 985 1393 persecutionem
1018 1336 1243 1394 patiuntur
1270 1345 1448 1394 propter
1464 1336 1706 1395 justitiam3

323 1423 342 1444 »
379 1405 583 1464 quoniam
610 1406 801 1465 ipsorum
825 1416 888 1450 est
911 1422 1092 1465 regnum
1116 1405 1330 1451 coelorum
1347 1408 1379 1450 ².
1410 1425 1429 1447 »

322 1585 388 1598 νυνὶ
394 1585 459 1599 νυνὶ
466 1586 530 1600 vum
537 1586 601 1600 νυνὶ
606 1587 672 1600 &rm
679 1586 743 1601 νυνὶ
748 1587 814 1601 tm
820 1587 885 1601 tw
893 1587 957 1602 ἉΜ
965 1587 1028 1601 htv!
1035 1586 1456 1602 ἩἎΜΜΜΝΙΛΛΜΜἋΜΜΝἎ
1461 1585 1707 1601 ”mmmmm

847 1729 1064 1779 CAPUT
1103 1732 1197 1778 ΙΙΙ.

383 1900 438 1942 X.
486 1901 602 1942 SUNT
624 1908 768 1942 autem
788 1886 944 1943 *omnes
967 1899 1059 1942 istae
1081 1906 1180 1942 octo
1200 1897 1441 1941 sententiae.
1479 1899 1575 1940 Jam
1598 1896 1714 1948 enim

325 1978 479 2012 caetera
501 1969 766 2028 compellans
784 1969 981 2029 loquitur
1005 1968 1057 2011 ad
1082 1968 1177 2012 illos
1199 1968 1274 2027 qui
1297 1967 1477 2011 aderant
1495 2002 1505 2021 ‚
1531 1966 1680 2010 dicens
1701 1985 1709 2009 :

330 2058 348 2080 «
386 2041 504 2082 Beati
527 2041 641 2083 eritis
662 2076 671 2093 ‚
713 2056 812 2084 cum
851 2041 972 2083 vobis
1006 2039 1294 2092 maledicent,
1333 2047 1377 2081 et
1398 2045 1716 2096 persequentur

330 2128 349 2151 η
387 2126 476 2153 vos.
506 2129 524 2150 n
555 2112 803 2170 Superiores
827 2119 973 2154 autem
1003 2111 1235 2153 sententias
1271 2108 1527 2167 generaliter
1557 2108 1715 2164 dirige-

330 2181 404 2224 bat
431 2201 438 2224 :
465 2197 553 2225 non
571 2182 687 2224 enim
713 2182 819 2225 dixit
840 2201 848 2225 :
879 2199 897 2222 «
919 2181 1035 2223 Beati
1055 2194 1263 2238 pauperes
1285 2178 1453 2237 spiritu,
1470 2196 1489 2218 »
1508 2178 1715 2237 quoniam

327 2260 516 2294 vestrum
546 2260 609 2294 est
641 2267 823 2309 regnum
846 2249 1083 2305 ccelot'tin13
1108 2248 1181 2291 sed
1200 2283 1210 2300 ‚
1241 2267 1258 2288 «
1286 2247 1502 2300 Quoniam
1520 2247 1712 2307 ipsorum

330 2339 349 2361 »
386 2330 469 2373 est7
499 2322 643 2380 inquit
658 2356 668 2374 ,
692 2335 873 2379 regnum
892 2320 1102 2363 coelorum
1123 2338 1131 2362 ;
1150 2336 1169 2357 u
1196 2333 1339 2376 neque
1358 2336 1376 2358 «
1398 2317 1516 2360 Beati
1538 2317 1710 2370 mites,»

325 2392 530 2450 quoniam
569 2408 643 2435 vos
678 2391 950 2451 possidebitis
988 2399 1173 2444 terram3
1210 2389 1307 2443 sed,
1337 2408 1355 2429 «
1383 2388 1598 2440 Quoniam
1631 2388 1713 2446 ipsi

331 2481 349 2502 »
385 2463 666 2520 possidebunt
690 2472 861 2505 terram.
887 2481 904 2501 n
934 2464 988 2504 Et
1010 2462 1067 2504 ita
1085 2469 1259 2504 caeteras
1278 2474 1415 2519 usque
1437 2459 1491 2502 ad
1513 2468 1711 2502 octavam

324 2534 580 2576 sententiam
595 2569 605 2588 ‚
632 2534 709 2577 ubi
728 2534 812 2576 ait:
836 2551 856 2574 «
880 2533 996 2575 Beati
1020 2532 1096 2591 qui
1115 2531 1459 2590 persecutionem
1484 2530 1712 2588 patiuntur

347 2633 353 2638 “
375 2636 381 2651 ¹
405 2631 479 2660 Luc.
495 2641 530 2669 ιι,
550 2630 584 2670 ts}
623 2647 661 2652 -
682 2637 694 2651 ²
720 2629 841 2660 Matth.
860 2639 892 2669 v,
915 2639 964 2660 ιο.
