1819 3301
275 276 330 303 niz
360 273 570 303 consensu
601 273 1010 314 EVANGELISTARUM‚
1045 277 1127 303 Lm.
1164 278 1229 303 111.
1367 267 1447 305 103

70 349 235 400 septem
251 340 431 384 fuerunt
444 376 455 395 ,
472 350 514 384 et
527 341 738 399 piscantes
752 341 917 385 inventi
938 350 1038 384 sunt
1054 341 1064 365 ¹
1088 360 1096 384 :
1114 340 1189 384 sed
1208 341 1450 386 secundum

70 411 116 454 id
138 409 257 469 quod
286 411 388 454 dicit
410 411 642 454 Matthaeus
656 445 666 462 ‚
705 411 781 453 ubi
813 419 936 454 erant
959 411 1163 454 undecim
1184 411 1229 453 in
1269 420 1418 455 monte
1440 447 1451 463 ,

71 496 159 539 quo
173 495 244 524 eos
262 479 502 523 secundum
521 479 845 538 praedictionem
860 479 1012 537 Angeli
1024 483 1048 523 J
1052 496 1146 523 esus
1159 490 1449 538 praecesserat.

70 552 178 594 Nam
214 550 271 592 ita
306 564 477 592 narrare
512 558 690 607 apparet
715 583 725 602 ,
766 548 885 608 quod
918 550 1006 593 illic
1046 565 1147 593 eum
1183 551 1421 609 repererint
1439 585 1449 606 ,

32 667 35 670 ,
70 619 171 677 quia
190 619 342 677 utique
364 617 605 661 secundum
627 618 913 661 constitutum
936 628 1224 677 praecesserat.
1242 622 1338 664 Non
1350 635 1453 678 ergo

69 688 161 746 ipso
194 687 264 731 die
293 703 381 746 quo
405 688 661 741 resurrexit,
694 702 837 746 neque
865 688 911 730 in
944 689 1310 747 consequentibus
1353 697 1451 734 octo

69 757 239 810 diebus,
264 766 361 815 post
382 773 490 816 quos
504 756 608 800 dicit
632 759 819 799 Joannes
839 756 1067 816 Discipulis
1089 758 1334 816 apparuisse
1362 761 1451 802 Do-

69 828 260 881 minum,
287 827 361 870 ubi
377 841 476 870 eum
501 827 641 885 primo
667 825 775 870 vidit
799 827 983 870 Thomas
1001 862 1011 881 ,
1043 828 1116 887 qui
1154 832 1254 871 eum
1277 843 1366 871 non
1386 829 1453 872 vi-

69 897 190 940 derat
207 897 277 939 die
299 897 621 941 resurrectionis
642 898 749 956 ejus.
771 899 880 941 Nam
907 897 1062 956 utique
1085 897 1118 940 si
1138 897 1251 941 intra
1278 898 1453 942 eosdem

69 976 167 1011 octo
180 966 270 1010 dies
285 982 384 1010 eum
397 968 441 1010 in
458 966 806 1010 monteGalilaeae
821 967 912 1025 jam
938 966 1001 1010 illi
1016 966 1217 1011 undecim
1233 966 1448 1023 viderant,

68 1034 291 1095 quomodo
312 1045 407 1094 post
422 1045 521 1079 octo
541 1035 630 1079 dies
644 1050 742 1078 eum
759 1036 946 1094 primum
966 1036 1074 1080 vidit
1089 1037 1289 1091 Thomas,
1311 1038 1386 1096 qui
1407 1038 1451 1081 in

67 1105 149 1149 illis
164 1104 364 1149 undecim
386 1104 551 1149 fuerat?
567 1105 655 1150 Nisi
673 1106 768 1164 quis
783 1105 914 1159 dicat,
932 1121 1020 1149 non
1039 1106 1135 1149 illos
1154 1105 1359 1150 undecim
1375 1107 1451 1166 qui

62 1175 152 1234 jam
166 1184 271 1218 tunc
284 1174 479 1233 Apostoli
492 1175 777 1228 vocabantur,
808 1173 882 1218 sed
899 1173 1135 1233 Discipulos
1147 1174 1234 1219 illic
1248 1175 1453 1220 undecim

68 1244 213 1298 fuisse,
229 1260 280 1288 ex
300 1244 441 1288 multo
459 1261 640 1289 numero
655 1244 1002 1303 Discipulorum?
1019 1245 1106 1289 Soli
1124 1246 1287 1304 quippe
1309 1245 1451 1290 adhuc

67 1315 337 1359 vocabantur
348 1316 543 1374 Apostoli
561 1315 624 1358 illi
646 1315 870 1370 undecim,
887 1314 962 1358 sed
979 1331 1067 1359 non
1089 1315 1166 1359 soli
1181 1325 1303 1359 erant
1316 1317 1450 1360 Disci-

69 1385 176 1445 puli.
204 1389 349 1429 Potest
369 1401 470 1443 ergo
492 1386 584 1429 fieri
606 1394 655 1429 ut
676 1401 762 1429 non
781 1401 952 1437 omnes,
971 1386 1046 1428 sed
1069 1385 1200 1444 aliqui
1219 1401 1368 1429 eorum
1390 1387 1452 1430 ibi

68 1454 256 1511 fuerint3
281 1454 351 1498 alii
370 1471 472 1499 vero
495 1453 699 1513 Discipuli
718 1470 816 1498 cum
838 1455 897 1497 eis
912 1488 923 1506 ‚
943 1454 999 1496 ita
1025 1463 1074 1497 ut
1107 1454 1310 1498 undecim
1333 1470 1453 1498 com-

67 1523 292 1582 plerentur
316 1543 324 1568 ι
346 1540 394 1567 ac
417 1525 477 1568 sic
500 1540 589 1566 non
607 1524 667 1567 ibi
689 1522 820 1566 fuisse
845 1524 1077 1578 Thomam‚
1096 1524 1172 1582 qui
1194 1533 1336 1582 potest
1358 1524 1453 1569 illos

67 1593 155 1637 dies
188 1603 286 1637 octo
308 1595 449 1652 primo
472 1595 702 1637 Dominum
726 1592 850 1636 vidit.
876 1596 1048 1637 Marcus
1082 1593 1245 1652 quippe
1274 1593 1451 1652 quando

66 1662 162 1707 illos
185 1663 389 1707 undecim
412 1663 694 1716 memoravit,
726 1678 815 1706 non
837 1671 1076 1720 utcumque
1109 1662 1336 1717 undecim,
1376 1665 1451 1707 sed

71 1751 91 1774 α
125 1732 235 1787 Illis,
261 1734 404 1793 inquit
420 1769 431 1788 ‚
460 1732 663 1776 undecim
689 1732 904 1790 apparuit.
933 1749 953 1771 »
975 1735 1113 1775 Lucas
1136 1732 1287 1787 etiam,
1318 1752 1338 1774 «
1363 1736 1450 1776 Re-

21 1857 25 1860 *
70 1820 90 1842 »
126 1803 255 1860 gressi
276 1812 403 1855 sunt,
429 1803 571 1862 inquit
588 1837 598 1856 ‚
627 1801 862 1845 Jerusalem
880 1836 891 1854 ‚
916 1809 958 1844 et
980 1802 1451 1860 inveneruntcongre-

71 1889 90 1912 »
125 1881 244 1928 gatos
277 1871 478 1915 undecim
498 1906 508 1923 ‚
534 1881 578 1914 et
599 1886 669 1914 eos
691 1871 766 1929 qui
799 1885 898 1913 cum
921 1870 1022 1928 ipsis
1058 1872 1223 1914 erant2.
1248 1889 1267 1912 »
1295 1874 1352 1915 Et
1372 1872 1450 1916 iste.

67 1941 257 1985 ostendit
277 1941 373 1985 illos
406 1942 609 1984 undecim
628 1975 638 1995 ,
670 1942 753 1984 hoc
775 1950 864 1994 est,
906 1940 1135 1998 Apostolos
1172 1940 1315 1986 fuisse.
1342 1944 1450 1987 Nam

68 2026 168 2054 cum
188 2010 382 2070 adjunxit
409 2030 417 2054 ι
448 2030 467 2052 «
487 2013 542 2054 Et
564 2025 635 2054 eos
657 2010 733 2069 qui
762 2025 862 2052 cum
885 2009 984 2067 ipsis
1007 2019 1128 2053 erant
1155 2028 1163 2055 z
1189 2029 1207 2050 η
1240 2012 1338 2054 satis
1360 2012 1450 2056 uti-

66 2097 152 2140 que
185 2081 418 2125 declaravit
440 2081 700 2124 eminentius
722 2079 818 2124 illos
840 2081 1043 2123 undecim
1081 2080 1318 2139 appellatos
1350 2097 1449 2125 cum

67 2151 228 2211 quibus
245 2160 367 2194 erant
388 2151 531 2194 caeteri
559 2170 566 2193 :
593 2166 641 2194 ac
663 2166 739 2209 per
760 2151 843 2194 hoc
866 2150 928 2193 illi
946 2149 1251 2208 intelliguntur
1267 2151 1341 2210 qui
1357 2153 1447 2210 jam

65 2219 334 2265 vocabantur
355 2219 564 2278 Apostoli.
593 2223 685 2263 Hoc
709 2219 890 2278 proinde
914 2220 1003 2262 fieri
1030 2222 1171 2277 potuit
1187 2255 1197 2274 ‚
1227 2229 1275 2263 ut
1292 2236 1343 2263 ex
1368 2236 1449 2264 nu-

67 2305 186 2333 mero
219 2288 527 2348 Apostolorum
564 2298 607 2331 et
643 2288 827 2333 aliorum
866 2288 1204 2347 Discipulorum‚
1242 2290 1447 2334 undecim

68 2358 275 2416 Discipuli
294 2357 616 2416 complerentur
631 2391 642 2412 ‚
668 2358 744 2417 qui
766 2357 951 2401 viderint
967 2359 1080 2402 intra
1103 2358 1197 2402 illos
1222 2367 1320 2403 octo
1356 2358 1447 2403 dies

69 2427 115 2471 in
139 2426 328 2471 Galilaeae
349 2435 497 2471 monte
520 2429 543 2469 J
548 2441 683 2470 esum.

118 2530 128 2545 1
153 2524 246 2555 Joan.
269 2533 335 2563 xxi,
358 2534 384 2554 1.
409 2539 449 2545 —-
469 2529 481 2545 ²
503 2523 608 2554 Marc.
628 2532 695 2562 xvn,
719 2520 808 2562 dhet
825 2522 903 2553 Luc.
921 2531 1007 2562 xxiv,
1027 2522 1080 2554 33.
