1819 3301
391 314 447 352 60
791 324 823 351 S.
862 327 1090 353 aucus'rffli
1127 326 1305 354 Eptscom

392 390 562 435 tertiam
596 390 745 434 horam
768 390 1025 444 recoluerit,
1061 405 1246 449 eamque
1276 389 1460 434 maxime
1488 389 1543 433 ad
1571 388 1780 434 condem·
1818 395 1819 427 ἱ

392 461 614 505 nationem
641 464 662 505 J
673 461 899 505 udaeorum
925 462 968 505 in
998 461 1173 505 Domini
1206 461 1484 506 crucifixione
1513 475 1781 505 commemo-

392 548 485 576 rare
508 532 723 586 voluerit,
748 547 834 592 qua
856 531 1163 589 intelliguntur
1185 531 1372 575 clamare
1397 530 1586 590 potuisse
1609 539 1657 574 ut
1679 547 1781 575 cru-

392 603 640 661 eifigeretur
666 637 676 657 ,
721 610 772 646 ut
806 602 919 661 ipsos
966 603 1109 660 potius
1152 602 1408 646 crucifixisse
1455 601 1779 660 acciperemus,
1816 605 1819 624 ⁴

393 689 524 733 quam
548 689 619 717 eos
641 689 831 734 quorum
853 673 1053 717 manibus
1088 673 1132 716 in
1164 673 1283 731 ligno
1303 687 1535 732 suspensus
1556 681 1619 716 est
1637 694 1648 730 3
1673 673 1796 717 sicut·
1816 676 1819 731 1

394 743 465 787 ille
488 744 697 788 Centurio
720 744 854 802 magis
872 744 1047 788 accessit
1065 743 1119 787 ad
1137 743 1387 797 Dominum,
1413 758 1546 802 quarn
1569 742 1632 786 illi
1653 743 1780 787 amici
1816 733 1819 802 1

393 829 502 874 quos
530 814 699 871 misit¹;
743 813 893 873 procul
921 814 1057 857 dubio
1094 814 1277 873 quaestio
1310 813 1451 857 soluta
1479 822 1543 857 est
1584 812 1639 856 de
1677 813 1782 858 hora

396 884 628 929 dominicae
670 884 875 943 passionis
895 919 905 938 ‚
931 899 1029 943 quae
1061 884 1247 927 maxime
1284 883 1394 927 solet
1422 893 1465 927 et
1487 884 1784 928 contentioso-

394 970 491 998 rum
514 955 733 999 eoncitare
770 953 1086 1014 impudentiam
1108 989 1119 1009 ,
1151 963 1195 998 et
1222 954 1496 999 infirmorum
1522 954 1783 1013 imperitiam

396 1026 667 1086 perturbare.

402 1195 448 1210 u·
452 1195 787 1211 VWUWUUVVWW

1047 1193 1786 1210 smwmwmmmvmmwvw

816 1299 818 1302 ’
875 1315 1094 1363 CAPUT
1140 1316 1274 1363 xiv.

395 1457 472 1503 De
493 1456 676 1503 dnobus
691 1457 955 1503 latronibus
971 1474 1078 1502 cum
1102 1456 1182 1502 illo
1201 1457 1468 1518 crucifixis,
1487 1457 1535 1501 in
1558 1456 1649 1501 lzoc·
1671 1472 1777 1501 om·-

700 1544 784 1573 nes
805 1527 855 1574 E
859 1527 1135 1591 vangelista)
1157 1526 1469 1573 concordant.

456 1679 527 1720 LI.
557 1678 775 1729 SEQUITUR
798 1676 1046 1732 Matthaeus,
1068 1686 1110 1720 et
1128 1675 1233 1720 dicit
1255 1696 1264 1721 ε
1287 1695 1306 1718 «
1324 1680 1446 1721 Tunc
1467 1676 1662 1720 crucifixi
1685 1684 1787 1720 sunt

401 1768 417 1789 »
454 1763 555 1792 cum
586 1764 637 1792 eo
660 1747 748 1792 duo
772 1747 960 1792 latrones
978 1783 988 1802 ‚
1014 1764 1128 1792 unus
1151 1765 1173 1792 a
1203 1748 1385 1802 dextris,
1411 1757 1454 1792 et
1475 1763 1589 1791 unus
1618 1764 1640 1791 a
1663 1748 1788 1791 sinis-

398 1836 418 1858 »
455 1818 528 1862 tris
544 1820 575 1861 ².
606 1837 625 1858 »
651 1821 706 1861 Et
728 1822 898 1862 Marcus
921 1819 1117 1862 similiter
1135 1829 1177 1862 et
1196 1821 1374 1863 Lucasss.
1402 1821 1491 1863 Nee
1514 1821 1704 1862 Joannes
1716 1817 1787 1861 ali-

395 1903 524 1947 quam
547 1886 647 1931 facit
665 1888 948 1947 quaestionem
963 1924 972 1942 ‚
991 1889 1186 1947 quamvis
1205 1888 1394 1931 latrones
1413 1903 1484 1931 eos
1499 1903 1587 1931 non
1602 1887 1756 1931 dixerit
1775 1907 1784 1932 :

397 1959 455 2001 ait
476 1958 589 2001 enim
618 1978 626 2002 ι
648 1978 667 1999 «
699 1961 754 2002 Et
776 1974 874 2002 cum
895 1974 946 2001 eo
969 1958 1072 2001 alios
1094 1958 1225 2011 duos,
1251 1958 1353 2001 hine
1375 1967 1417 2001 et
1439 1958 1540 2002 hinc
1556 1994 1566 2012 ‚
1593 1957 1787 2002 medium

398 2047 419 2069 »
456 2037 599 2072 autem
622 2031 812 2072 Jesun14.
844 2047 863 2068 »
891 2031 1012 2072 Esset
1041 2037 1187 2072 autem
1219 2028 1509 2083 contrarium,
1541 2028 1575 2071 si
1598 2043 1699 2072 cum
1723 2027 1787 2072 illi

397 2098 602 2142 dixissent
624 2098 833 2152 latrones,
858 2098 936 2141 iste
956 2097 1400 2142 diceretinnocentes.

446 2212 453 2227 ¹
478 2205 552 2237 vide
565 2216 671 2247 supra,
686 2204 742 2235 lib.
774 2216 804 2236 n.
830 2208 906 2247 (lap.
928 2213 968 2236 20
986 2222 1026 2226 —
1047 2211 1059 2226 ²
1081 2205 1199 2236 Martii.
1221 2216 1301 2236 xvir.
1322 2204 1373 2236 38.
1401 2222 1442 2227 —-
1463 2203 1475 2226 3
1497 2206 1602 2237 Marc.
1627 2215 1676 2237 xv.
1701 2214 1740 2247 27
1756 2210 1787 2237 et

398 2263 487 2292 Luca·
508 2272 596 2292 xxm.
616 2262 666 2292 33.
689 2278 729 2283 —-
748 2260 762 2289 lo
782 2263 860 2291 Joan
883 2271 950 2301 xix,
982 2260 1029 2291 18.
