1819 3301
349 276 487 303 sEnMo
520 275 676 302 nomm
710 275 754 300 IN
787 274 961 310 MONTE,
997 274 1078 299 Lus.
1116 274 1146 298 1.
1357 263 1436 300 193

56 340 199 383 animo
227 347 271 383 et
299 355 385 398 qua
412 337 718 383 distributione
741 347 985 397 temporum
1009 335 1134 381 factae
1155 336 1241 380 sint
1262 337 1442 382 omnino

56 409 311 454 nescientes.

114 482 270 523 LXVI.
296 478 532 522 Tenebitur
554 492 656 535 ergo
673 478 719 521 in
742 478 826 522 hoc
843 478 1097 537 injuriarum
1115 491 1270 536 genere
1286 511 1297 531 ,
1322 476 1444 536 quod

55 565 132 610 per
156 549 390 595 vindictam
411 548 547 593 luitur
564 584 575 605 ,
594 549 674 593 iste
696 564 718 593 a
739 549 990 594 Christianis
1005 547 1177 603 modus,
1198 557 1249 592 ut
1269 556 1445 606 accepta

53 621 212 681 injuria
226 636 316 665 non
337 629 484 679 surgat
500 621 546 664 in
568 618 718 664 odium
736 653 746 670 ‚
772 618 848 663 sed
870 619 1130 663 infirmitatis
1151 618 1443 663 misericordia

55 701 230 751 paratus
251 691 305 735 sit
326 691 493 735 animus
515 690 641 750 plura
663 689 828 750 perpeti
847 710 857 746 3
874 704 952 733 nec
972 689 1282 733 correctionem
1306 686 1444 746 negli-

56 770 129 821 gat
144 797 155 817 ,
181 777 267 822 qua
289 760 357 805 vel
383 760 562 806 consilio
580 760 648 806 vel
671 760 926 804 auctoritate
948 758 1017 804 vel
1039 768 1252 818 potestate
1280 758 1344 803 uti
1365 773 1446 818 po-

55 842 152 878 test.
187 831 319 877 Aliud
346 832 603 892 injuriarum
627 846 760 890 genus
783 840 872 887 est,
897 830 1018 890 quod.
1038 831 1083 875 in
1105 830 1324 888 integrum
1351 842 1442 873 res-

56 903 154 948 titui
173 912 313 963 potest
339 923 346 947 :
369 904 492 963 cujus
515 902 614 947 duae
632 902 792 961 species
809 936 820 956 ,
847 916 935 944 una
957 899 1012 945 ad
1034 900 1286 960 pecuniam,
1312 899 1446 943 altera

56 973 112 1019 ad
133 988 307 1033 operam
330 974 531 1033 pertinet.
563 977 834 1032 Quapropter
859 970 975 1022 illius
999 970 1054 1015 de
1073 971 1217 1015 tunica
1249 979 1291 1014 et
1312 970 1443 1014 vesti-

56 1053 234 1098 mento,
259 1044 387 1103 hujus
409 1042 464 1087 de
487 1043 660 1102 angaria
678 1042 797 1086 mille
814 1056 1016 1101 passuum
1039 1049 1081 1084 et
1103 1039 1241 1085 duum
1258 1038 1445 1084 millium

57 1113 256 1174 exempla
269 1114 464 1174 subjecta
479 1122 579 1157 sunt
597 1132 606 1158 2
624 1113 725 1173 quia
747 1122 790 1157 ct
808 1111 930 1156 reddi
952 1111 1258 1157 vestimentum
1279 1119 1444 1170 potest,

57 1194 101 1230 et
129 1194 271 1246 quem'
289 1184 502 1245 adjuveris
535 1200 691 1244 opera,
726 1193 870 1244 potest
905 1192 947 1227 te
970 1183 1098 1227 etiam
1120 1182 1231 1241 ipse,
1269 1183 1302 1226 si
1338 1196 1447 1241 opus

55 1255 188 1301 fuerit
206 1291 217 1312 ,
241 1256 462 1317 adjuvare.
486 1256 575 1301 Nisi
596 1254 709 1300 forte
728 1255 787 1299 ita
807 1254 950 1313 potius
973 1252 1332 1312 distinguendum
1355 1261 1443 1307 est,

58 1336 108 1371 ut
133 1326 272 1386 prius,
312 1327 430 1387 quod
466 1327 655 1386 positum
687 1334 752 1370 est
773 1325 827 1369 de
849 1340 1048 1384 percussa
1070 1323 1270 1379 maxilla,
1302 1323 1448 1368 omnia

57 1397 268 1457 significet
291 1414 388 1458 quae
406 1398 464 1442 sic
480 1398 739 1457 ingeruntur
761 1397 814 1440 ab
836 1396 1044 1456 improbis
1062 1431 1072 1451 ,
1096 1404 1146 1439 ut
1168 1395 1334 1440 restitui
1357 1410 1446 1439 non

1 1479 3 1482 '
57 1467 221 1528 possint
245 1468 323 1512 nisi
347 1468 537 1512 vindicta
557 1488 565 1513 :
586 1467 827 1513 secundum
849 1466 970 1527 quod
988 1467 1176 1526 positum
1201 1475 1263 1511 est
1284 1465 1338 1510 de
1354 1480 1446 1509 ves-

58 1538 240 1583 timento
275 1538 419 1582 omnia
448 1538 660 1597 significet
693 1554 792 1598 quae
824 1547 1005 1597 possunt
1038 1537 1204 1581 restitui
1226 1537 1317 1580 sine
1347 1536 1445 1580 vin-

57 1608 172 1654 dicta
195 1631 205 1667 3
240 1618 282 1652 et
309 1608 406 1652 ideo
440 1608 552 1654 forte
588 1609 787 1654 additum
817 1618 880 1653 est
902 1628 910 1652 :
942 1627 960 1650 «
985 1609 1068 1661 Qui
1090 1607 1274 1653 voluerit
1299 1617 1444 1651 tecum

60 1698 80 1721 »
109 1678 298 1739 judiciov
323 1678 613 1734 contendere,
660 1698 680 1721 »
713 1680 815 1739 quia
850 1678 970 1739 quod
1004 1694 1079 1738 per
1110 1678 1323 1738 judicium
1365 1692 1444 1720 au-

58 1748 224 1805 fertur,
260 1766 349 1794 non
386 1766 434 1794 ea
472 1749 514 1793 vi
543 1759 724 1809 putatur
750 1749 931 1803 auferri,
964 1749 1033 1792 cui
1056 1748 1249 1792 vindicta
1280 1747 1443 1790 debea-

57 1829 130 1864 tur
157 1840 165 1864 :
191 1821 368 1864 tertium
399 1836 501 1865 vero
534 1836 583 1863 ex
606 1829 794 1880 utroque
824 1817 1075 1863 confectum
1113 1819 1191 1872 sit,
1216 1827 1265 1861 ut
1287 1826 1330 1860 et
1352 1817 1442 1861 sine

58 1889 248 1935 vindicta
272 1899 314 1934 et
336 1906 434 1934 cum
457 1890 647 1934 vindicta
677 1890 810 1950 possit
833 1889 1014 1932 restitui.
1037 1890 1145 1933 Nam
1169 1887 1244 1947 qui
1267 1902 1443 1946 operam

59 1960 298 2004 indebitam
316 1958 526 2004 violenter
543 1960 671 2018 exigit
692 1960 782 2003 sine
804 1958 895 2003 ullo
913 1957 1093 2018 judicio,
1114 1957 1224 2001 sicut
1246 1955 1348 2001 facit
1365 1956 1442 2016 qui

0 2080 1 2083 Ἴ
58 2031 251 2089 angariat
274 2030 494 2074 hominem
518 2030 742 2088 improbe,
778 2038 819 2073 et
848 2029 961 2086 cogit
994 2043 1037 2072 se
1066 2026 1214 2071 illicite
1250 2026 1443 2086 adjuvari

59 2101 114 2145 ab
137 2100 289 2155 invito,
311 2110 353 2144 et
375 2116 549 2160 poenam
572 2099 860 2160 improbitatis
883 2107 1025 2158 potest
1045 2098 1180 2153 lucre,
1202 2107 1245 2141 et
1267 2112 1442 2156 operam

61 2169 241 2215 reddere
256 2206 266 2225 ,
306 2172 420 2216 hanc
449 2171 521 2215 ille
539 2179 704 2230 repetat
725 2169 800 2230 qui
825 2169 1070 2228 improbum
1090 2168 1282 2226 pertulit.
1307 2170 1355 2210 In
1375 2167 1441 2210 his

61 2256 161 2299 ergo
183 2241 385 2285 omnibus
424 2241 653 2300 generibus
676 2240 932 2300 injuriarum
966 2238 1174 2282 Dominus
1211 2237 1338 2281 docet
1364 2252 1443 2295 pa-

62 2312 364 2356 tientissimum
400 2321 442 2356 et
472 2312 915 2356 misericordissimum
936 2345 946 2365 ,
980 2318 1023 2353 ct
1054 2308 1109 2352 ad
1140 2308 1264 2368 plura
1297 2307 1442 2367 perfe-

60 2380 194 2424 renda
217 2381 531 2439 paratissimum
554 2382 746 2425 animum
769 2379 998 2425 Christiani
1018 2394 1106 2422 esse
1131 2387 1344 2437 oportere.

119 2455 296 2495 LXVII.
321 2452 404 2497 Sed
422 2452 627 2512 quoniam
648 2467 801 2511 parum
819 2460 882 2495 est
903 2466 991 2494 non
1009 2464 1186 2503 nocere,
1208 2449 1288 2491 nisi
1310 2449 1439 2492 ctiam

60 2538 232 2581 praestes
255 2523 514 2566 beneficium
537 2531 750 2583 quantum
772 2531 893 2580 potes
909 2556 919 2575 ,
946 2528 1260 2578 consequenter
1282 2519 1441 2579 adjun-

63 2593 150 2652 git,
176 2602 217 2637 et
245 2593 350 2636 dicit
376 2612 384 2638 ι
414 2612 433 2635 «
459 2594 588 2638 Omni
610 2592 774 2653 petenti
794 2601 834 2636 te
855 2590 908 2635 da
928 2625 938 2645 ,
965 2600 1007 2634 et
1030 2591 1106 2649 qui
1135 2588 1318 2635 volucrit
1340 2606 1439 2634 mu-

249 2675 371 2706 exn.
1258 2662 1307 2701 13
