1819 3301
357 261 401 286 IN
435 257 609 288 JOANNIS
644 259 926 288 EVANGELIUM
947 280 957 299 ,
983 261 1129 289 TnAcT.
1166 264 1206 289 v.
1394 252 1469 291 461

93 332 256 368 catores
274 338 383 382 quos
400 332 543 366 tamen
567 324 802 382 praedicare
817 325 1030 384 permittit
1048 326 1293 384 Apostolus.
1316 329 1477 379 Quare?

92 395 195 454 quia
218 395 437 439 Christum
459 394 771 453 praedicabant.
811 397 892 448 Qui
914 405 1060 440 autem
1084 396 1272 450 invidet,
1291 396 1409 453 odit,
1435 407 1477 441 et

92 466 167 524 qui
201 463 313 519 odit,
339 462 446 523 quid
468 464 522 507 de
544 464 619 508 illo
641 464 824 508 dicitur?
846 466 960 509 Audi
975 465 1218 525 apostolum
1241 468 1475 510 Joannem:

96 554 116 576 «
133 534 213 587 Qui
229 533 320 578 odit
334 532 511 577 fratrem
533 549 677 588 suum,
705 535 921 578 homicida
945 538 1071 579 est'.»
1095 539 1205 580 Ecce
1228 545 1324 595 post
1344 539 1478 579 Joan-

92 620 192 649 nem
210 604 478 664 baptizatum
502 613 581 659 est,
605 614 704 664 post
723 604 986 649 homicidam
1004 621 1093 650 non
1110 606 1375 665 baptizatum
1398 615 1475 650 est:

92 676 192 736 quia
202 678 390 720 Joannes
405 675 526 719 dedit
542 676 808 735 baptismum
831 691 976 731 suum,
992 677 1209 720 homicida
1229 676 1350 720 dedit
1372 677 1480 736 bap-

92 746 268 790 tismum
290 746 464 790 Christi.
491 746 621 799 Quod
642 755 961 791 sacramentum
979 756 1068 791 tam
1087 756 1283 792 sanctum
1306 757 1396 802 est,
1431 756 1481 791 ut

93 832 172 861 nec
194 816 411 860 homicida
434 816 704 861 ministrante
725 815 960 876 polluatur.

150 890 249 931 XX.
274 890 371 932 Non
400 903 556 946 respuo
585 890 820 942 Joannem,
857 887 932 931 sed
963 887 1106 947 potius
1140 888 1270 932 credo
1304 888 1475 932 Joanni.

93 959 210 1012 Quid
231 958 361 1002 credo
399 958 589 1002 Joanni?
621 959 740 1018 quod
778 957 930 1002 didicit
962 974 1039 1017 per
1071 958 1334 1003 columbam.
1367 958 1481 1010 Quid

93 1028 244 1073 didicit
265 1044 343 1088 per
365 1028 645 1073 columbam?
673 1048 691 1070 «
720 1029 800 1072 Hic
832 1037 895 1072 est
929 1028 1005 1088 qui
1027 1029 1217 1087 baptizat
1250 1029 1294 1071 in
1319 1029 1479 1087 Spiritu

97 1118 116 1140 »
152 1109 315 1145 sancto.
352 1117 372 1141 »
398 1102 494 1144 Jam
517 1115 642 1157 ergo,
674 1099 828 1144 fratres
846 1135 856 1154 ,
891 1109 1034 1143 tenete
1066 1101 1176 1154 hoc,
1203 1109 1246 1143 et
1277 1099 1480 1143 cordibus

93 1171 242 1215 vestris
256 1171 436 1229 infigite.
457 1171 500 1216 Si
515 1172 633 1214 enim
650 1170 780 1215 hodie
793 1169 972 1215 voluero
986 1170 1156 1229 plenius
1171 1169 1331 1223 dicere,
1348 1184 1481 1228 quare

92 1257 170 1302 per
197 1241 446 1286 columbam
465 1277 475 1297 ,
505 1251 677 1301 tempus
701 1257 790 1285 non
824 1241 999 1284 suflicit.
1027 1240 1137 1292 Quia
1161 1241 1276 1283 enim
1310 1255 1375 1283 res
1398 1239 1484 1282 dis-

95 1313 233 1356 cenda
265 1313 482 1356 insinuata
517 1321 581 1355 est
609 1308 768 1355 Joanni
804 1326 881 1370 per
915 1310 1165 1354 columbam
1186 1345 1196 1364 ,
1233 1325 1363 1369 quam
1395 1325 1483 1352 non

95 1392 274 1428 noverat
291 1383 335 1426 in
354 1383 526 1427 Christo
540 1384 564 1426 J
569 1397 747 1436 oannes,
766 1381 963 1441 quamvis
977 1382 1066 1440 jam
1085 1390 1228 1424 nosset
1242 1380 1479 1434 Christum,

96 1453 275 1512 exposui
307 1461 522 1513 quantum
556 1452 741 1495 arbitror
767 1451 990 1495 Sanctitati
1013 1453 1207 1495 Vestrae:
1239 1449 1314 1493 sed
1350 1465 1483 1509 quare

96 1524 210 1568 hanc
232 1524 367 1583 ipsam
386 1538 477 1567 rem
497 1537 574 1582 per
607 1521 857 1566 columbam
880 1522 1072 1581 oportuit
1099 1520 1385 1564 demonstrari
1411 1555 1421 1574 ,
1450 1520 1483 1564 si

96 1596 287 1640 breviter
305 1594 389 1639 dici
411 1603 578 1654 posset,
604 1593 794 1637 dicerem
814 1611 822 1637 :
846 1592 920 1636 sed
938 1592 1039 1652 quia
1058 1591 1133 1635 diu
1150 1591 1383 1635 dicendum
1402 1600 1480 1644 est,

68 1707 73 1729 :
98 1676 140 1711 et
173 1681 353 1711 onerare
382 1681 458 1711 vos
482 1665 606 1720 nolo,
632 1663 853 1725 quomodo
888 1662 1060 1723 adjutus
1097 1678 1192 1706 sum
1216 1661 1484 1705 orationibus

97 1738 263 1793 vestris,
281 1747 331 1781 ut
347 1736 459 1781 illud
475 1736 595 1797 quod
617 1735 815 1795 promisi,
835 1733 1059 1793 implerem
1078 1755 1088 1791 3
1105 1733 1337 1793 adjuvante
1355 1730 1485 1776 etiam

99 1819 230 1870 atque
252 1810 379 1853 etiam
401 1810 471 1868 pia
491 1808 734 1852 intentione
770 1815 812 1850 et
835 1807 945 1850 votis
969 1805 1117 1859 bonis,
1153 1814 1196 1848 et
1220 1803 1326 1848 illud
1351 1819 1485 1863 appa-

99 1881 214 1924 rebit
234 1880 359 1925 vobis
375 1915 385 1933 ,
407 1894 540 1939 quare
562 1881 751 1923 Joannes
770 1877 890 1937 quod
913 1875 1064 1920 didicit
1086 1876 1131 1919 in
1148 1875 1332 1920 Domino
1346 1910 1356 1928 ,
1382 1875 1484 1934 quia

105 1970 124 1994 «
160 1955 257 2011 Ipse
274 1960 336 1994 est
355 1951 427 2011 qui
450 1950 641 2008 baptizat
662 1949 706 1992 in
732 1948 891 2007 Spiritu
910 1956 1059 1991 sancto
1076 1981 1087 2002 ,
1115 1963 1135 1987 »
1168 1955 1211 1990 et
1231 1945 1340 1989 nulli
1363 1960 1485 1989 servo

101 2039 179 2068 suo
205 2022 480 2080 translegavit
503 2029 760 2080 potestatem
789 2019 1062 2078 baptizandi,
1096 2033 1186 2063 non
1209 2016 1361 2061 debuit
1394 2015 1484 2060 dis-

103 2110 199 2139 cere
221 2093 302 2137 nisi
324 2108 401 2153 per
422 2092 688 2137 columbam.

153 2199 161 2214 ¹
186 2203 197 2223 1
225 2193 379 2231 Joan.1u‚
405 2189 454 2221 15.
