1819 3301
345 313 398 340 m:
429 310 638 340 consensu
670 311 1078 354 nuncians-rituum,
1116 317 1196 343 Lm.
1233 318 1280 343 11.
1473 307 1498 344 5

126 395 146 418 »
183 376 295 420 uhus
316 390 366 419 cx
381 376 501 420 vobis
524 375 663 420 tradet
681 392 765 419 me.
794 377 1081 436 Aspiciebant'
1096 393 1218 435 ergo,
1255 379 1365 423 sicut
1386 380 1501 424 idem

125 463 145 486 »
181 445 272 504 ipse
294 448 480 489 Joannes
502 445 743 499 subnectit,
768 445 821 489 ad
846 446 1026 490 invicem
1049 447 1274 506 Discipuli,
1300 449 1502 492 haesitan-

128 532 148 556 »
185 523 248 558 tes
286 514 340 558 de
373 530 460 574 quo
493 514 699 558 diceret1.
721 517 777 557 Et
814 516 1080 569 contristati,
1130 516 1240 560 sicut
1273 518 1505 560 Matthaeus

124 602 145 625 »
180 593 222 627 et
244 587 414 628 Marcus
432 582 598 638 dicunt,
616 593 843 642 coeperunt
859 586 894 627 ei
912 585 1158 642 singillatim
1183 585 1324 630 dicere
1340 606 1348 631 :
1364 590 1501 631 Num-

123 672 143 695 »
179 653 286 713 quid
325 669 405 712 ego
437 655 558 697 sum?
591 656 647 697 At
677 653 767 712 ipse
807 654 1071 712 respondens
1106 656 1192 711 ait,
1230 656 1342 701 sicut
1387 660 1502 701 Mat-

124 742 145 764 »
181 725 320 767 tlzaeus
342 725 561 783 sequitur,
589 725 670 777 Qui
687 725 860 781 intingit
881 740 1053 768 mecum
1075 739 1255 770 manum
1270 728 1314 770 in
1337 743 1500 786 parop-

124 812 144 833 »
179 794 269 836 side
288 828 298 847 ,
319 794 388 837 hic
412 808 479 836 mc
504 792 685 836 tradct‘2.
708 812 726 833 »
750 796 804 836 Et
825 794 1019 852 sequitur
1042 794 1155 837 idem
1179 797 1410 839 Matthaeus
1441 797 1501 840 ita

120 863 380 906 subnectens
408 882 416 907 z
447 883 464 903 «
492 862 626 905 Filius
649 862 825 921 quidem
848 863 1032 906 hominis
1058 864 1199 917 vadit,
1225 865 1334 908 sicut
1367 866 1503 923 scrip-

123 951 142 973 »
179 941 271 975 tum
295 941 358 975 est
379 932 432 975 de
452 932 526 975 illo
545 952 552 975 :
576 947 640 974 vac
659 941 804 974 autem
826 933 992 975 homiui
1012 932 1093 987 illi,
1120 949 1195 992 per
1212 949 1341 993 quem
1366 933 1502 977 Filius

123 1020 142 1042 »
177 1002 362 1045 hominis
387 1001 579 1044 tradetur
606 1021 613 1044 :
642 1001 807 1044 bonum
830 1010 919 1044 erat
953 1002 991 1044 ei
1020 1002 1053 1045 si
1082 1012 1206 1045 natus
1230 1019 1317 1046 non
1350 1002 1501 1046 fuisset

122 1089 141 1112 »
177 1072 307 1114 homo
326 1070 411 1114 ille.
439 1090 457 1110 »
482 1074 531 1114 In
550 1071 614 1113 his
637 1079 679 1113 et
700 1073 870 1114 Marcus
905 1071 988 1114 hoc
1010 1070 1136 1113 etiam
1166 1071 1317 1115 ordine
1344 1088 1501 1116 conso-

119 1149 208 1183 nat.
236 1139 398 1182 Dcindc
428 1140 661 1183 Matthaeus
687 1140 913 1198 subjungit
944 1155 952 1178 ε
995 1158 1013 1180 «
1041 1141 1325 1197 Respondens
1354 1150 1500 1184 autem

122 1228 141 1251 »
177 1209 335 1264 Judas,
375 1210 449 1269 qui
488 1208 666 1252 tradidit
695 1225 794 1252 eum
815 1244 825 1263 ,
863 1209 969 1252 dixit
997 1228 1004 1253 :
1032 1210 1256 1268 Numquid
1278 1226 1357 1268 ego
1380 1226 1499 1266 sum,

121 1299 140 1321 »
177 1281 352 1324 Rabbi‘?
374 1281 445 1323 Ait
463 1279 550 1334 illi,
575 1283 637 1323 Tu
660 1279 817 1323 dixisti.
844 1299 862 1320 »
887 1280 1025 1322 Etiam
1047 1280 1115 1323 hic
1139 1295 1227 1324 non
1251 1296 1500 1339 expressum

118 1360 205 1404 est,
232 1360 378 1393 utrum
402 1350 491 1408 ipse
514 1359 638 1393 essct.
678 1353 822 1392 Potest
845 1350 959 1392 enim
993 1349 1135 1393 adhuc
1164 1349 1347 1408 intelligi
1369 1385 1378 1405 ,
1404 1360 1502 1395 tan-

117 1435 270 1479 quam,
296 1422 391 1463 Non
419 1434 497 1475 ego
533 1418 618 1461 dixi
646 1438 653 1462 ;
686 1419 830 1477 potuit
862 1419 988 1461 etiam
1014 1419 1095 1462 hoc
1121 1419 1180 1463 sic
1204 1419 1289 1463 dici
1313 1436 1334 1464 a
1355 1421 1468 1464 Juda
1485 1455 1497 1473 ,

115 1499 158 1534 et
180 1507 201 1533 a
221 1489 405 1532 Domino
429 1487 676 1546 responderi
695 1523 705 1542 ,
732 1497 780 1531 ut
803 1504 891 1531 non
918 1504 1066 1532 omnes
1089 1489 1378 1534 adverterent.

175 1563 254 1603 111.
289 1558 451 1602 Deinde
487 1559 683 1617 sequitur
717 1560 948 1602 Matthaeus
992 1569 1035 1602 et
1065 1560 1214 1603 inserit
1244 1561 1501 1617 mysterium

115 1631 304 1689 corporis
339 1639 381 1673 et
414 1629 634 1687 sanguinis
655 1645 676 1672 a
696 1630 882 1672 Domino
920 1629 1150 1688 Discipulis
1182 1629 1333 1673 datum
1355 1665 1365 1684 ,
1392 1631 1503 1675 sicut

115 1710 158 1745 et
179 1704 349 1745 Marcus
370 1709 413 1742 et
436 1702 587 1741 Lucas.
614 1699 697 1743 Sed
721 1714 821 1742 cum
843 1698 1087 1742 tradidisset
1126 1699 1300 1742 calicem
1320 1735 1329 1753 ,
1356 1715 1503 1744 rursus

60 1776 63 1779 “
115 1771 170 1814 (16
193 1769 400 1814 traditore
435 1784 512 1812 suo
551 1767 720 1811 locutus
755 1777 848 1822 est,
885 1767 1004 1826 quod
1052 1771 1189 1811 Lucas
1227 1770 1504 1828 persequitur

115 1840 263 1885 dicens
290 1859 298 1884 ε
330 1859 348 1880 «
375 1841 685 1882 Verumtamen
703 1853 801 1880 ecce
827 1852 980 1880 manus
1007 1837 1215 1881 tradentis
1238 1854 1307 1881 me
1330 1854 1503 1882 mecum

119 1929 138 1951 »
174 1920 236 1953 est
257 1910 302 1952 in
316 1924 462 1952 mensa
481 1927 489 1952 :
509 1917 550 1951 et
571 1907 745 1967 quidem
764 1906 899 1950 Filius
922 1907 1107 1951 hominis
1122 1907 1361 1951 secundum
1381 1909 1503 1968 quod

120 1998 139 2020 »
174 1979 403 2023 definitum
426 1987 489 2021 est
524 1977 643 2020 vadit
664 1998 674 2033 3
697 1985 997 2020 verumtamen
1024 1992 1089 2020 vae
1119 1977 1286 2020 homini
1315 1977 1399 2032 illi,
1426 1993 1504 2036 per

120 2067 140 2090 »
175 2064 305 2108 quem
328 2047 524 2091 tradetur
545 2048 576 2089 3.
602 2064 621 2086 »
639 2046 719 2089 Hic
732 2051 820 2101 jam
840 2045 1173 2103 intelligendum
1196 2055 1259 2090 est
1272 2046 1382 2090 illud
1398 2062 1505 2090 con-

117 2119 260 2178 sequi,
283 2118 400 2177 quod
422 2120 609 2161 Joannes
632 2125 801 2170 narrat,
826 2116 893 2158 isti
925 2125 1070 2159 autem
1109 2116 1502 2174 praetermiserunt,

116 2189 226 2232 sicut
259 2191 446 2232 Joannes
477 2186 680 2246 quaedam
718 2185 1016 2244 praetermisit,
1054 2201 1153 2245 quae
1182 2184 1244 2228 illi
1280 2185 1502 2231 dixerunt.

118 2260 229 2302 Cum
252 2272 354 2315 ergo
375 2265 471 2314 post
489 2254 697 2299 traditum
715 2253 894 2298 calicem
913 2254 1087 2298 dixisset
1110 2255 1318 2298 Dominus
1334 2290 1344 2309 ,
1382 2256 1505 2315 quod

120 2344 144 2371 a
167 2331 281 2370 Luca
305 2326 493 2385 positum
517 2334 580 2368 est
596 2359 606 2379 ,
635 2343 653 2365 «
676 2326 986 2367 Verumtamen
1005 2339 1104 2368 ecce
1122 2340 1275 2367 manus
1297 2323 1506 2368 tradentis

124 2414 144 2436 »
181 2412 248 2439 mc
266 2411 437 2439 mecum
453 2404 515 2438 cst
533 2395 577 2437 in
595 2409 757 2447 mensa,
777 2411 797 2433 »
816 2402 898 2436 etc.
921 2394 1198 2453 conjungitur
1217 2390 1327 2436 illud
1348 2409 1505 2437 secun-

122 2466 227 2510 dum
246 2469 269 2509 J
274 2481 458 2510 oannem
477 2484 485 2509 :
515 2484 535 2506 ‹<
560 2467 664 2508 Erat
683 2479 784 2522 ergo
807 2464 1062 2507 recumbens
1078 2479 1190 2507 umis
1207 2479 1257 2506 ex
1278 2463 1506 2523 Discipulis

171 2569 180 2584 ¹
201 2565 294 2594 Joan.
315 2573 383 2602 xm,
406 2562 496 2594 2-32-
521 2577 562 2583 -—
589 2567 600 2583 ⁷
625 2560 742 2592 Matth.
776 2570 861 2599 xxvi,
885 2568 939 2599 22,
968 2565 1000 2591 ct
1022 2561 1127 2591 Marc.
1161 2571 1225 2601 xiv,
1259 2571 1310 2601 19.
1331 2577 1370 2583 —-
1395 2559 1407 2582 3
1426 2562 1503 2592 Luc.

124 2628 199 2658 xxn,
218 2626 273 2658 21,
293 2625 346 2648 2⁴2.
