1819 3301
375 257 456 293 158
823 266 855 292 s.
892 265 1120 294 AuGusTmi
1155 266 1334 293 Emscom

366 345 524 375 norum
554 331 864 390 praemiorum,
888 329 943 372 de
974 344 1062 389 quo
1086 328 1245 372 dicitur
1267 343 1390 373 servo
1424 329 1534 373 bene
1571 329 1751 385 merito,
1803 325 1806 331 ..

372 419 392 442 «
428 403 547 444 Intra
565 400 609 443 in
633 400 839 457 gaudium
857 398 1028 442 Domini
1050 398 1154 452 tui1,
1177 417 1196 439 »
1221 398 1596 457 quemadmodum
1625 400 1756 443 etiam

364 471 410 514 in
437 472 517 514 hac
536 470 808 514 ordinatione
832 468 1110 526 reipublicae,
1126 467 1196 513 vel
1218 469 1499 524 asecretario,
1524 468 1595 513 vel
1611 486 1634 513 a
1651 485 1758 529 praee

368 542 477 585 torio
489 540 647 600 judicis
667 549 783 583 extra
807 539 1017 593 mittitur,
1043 539 1120 599 qui
1148 539 1192 582 in
1215 553 1430 584 carcerem
1456 540 1664 583 truditur.

427 614 565 654 XXX.
588 614 649 654 De
671 610 879 654 solvendo
902 619 1046 653 autem
1071 611 1301 654 novissimo
1320 610 1587 670 quadrante,
1612 619 1757 669 potest

366 696 457 725 non
479 680 666 724 absurde
686 679 891 739 intelligi,
916 690 990 724 aut
1013 696 1092 739 pro
1121 695 1172 725 eo
1195 682 1386 739 positum
1403 680 1529 740 ¹quod
1558 681 1666 724 nihil
1687 695 1756 724 re-

366 751 580 809 linquitur
620 751 888 809 impunitum
908 770 916 794 :
954 752 1066 793 sicut
1107 749 1337 809 loquentes
1379 751 1508 794 etiam
1546 749 1752 805 dicimus,

370 822 513 880 Usque
545 821 600 864 ad
638 819 811 874 faecem,
840 835 941 864 cum
975 819 1178 864 volumus
1209 820 1450 878 exprimere
1487 820 1654 879 aliquid
1697 820 1756 864 ita

365 900 586 945 exactum,
613 901 661 935 ut
695 890 804 934 nihil
834 889 1151 949 relinqueretur
1177 909 1185 934 :
1218 890 1287 934 vel
1331 900 1380 933 ut
1412 890 1757 947 significarentur

366 962 542 1005 nomine
579 961 834 1021 quadrantis
882 961 1131 1014 novissimi,
1168 969 1337 1003 terrena
1371 969 1561 1018 peccata.
1591 963 1755 1013 Quarta

366 1032 480 1075 enirn
502 1048 598 1090 pars
629 1031 934 1075 distinctorum
960 1031 1408 1090 membrorumhujus
1439 1029 1616 1084 mundi,
1642 1040 1685 1074 et
1707 1046 1758 1075 ea

366 1103 621 1156 novissima,
648 1111 759 1145 terra
783 1101 1004 1145 invenitur
1020 1137 1029 1154 ,
1052 1110 1101 1143 ut
1123 1101 1301 1159 incipias
1327 1117 1349 1144 a
1364 1099 1492 1154 coelo,
1515 1099 1756 1144 secundum

366 1175 506 1214 aerem
527 1187 726 1214 numeres
745 1206 755 1223 ,
783 1186 937 1229 aquam
963 1170 1132 1213 tertiam
1150 1206 1160 1224 ,
1186 1180 1386 1229 quartam
1412 1180 1585 1213 terram.
1611 1173 1758 1214 Potest

366 1256 468 1306 ergo
492 1241 800 1284 convenienter
823 1240 959 1282 videri
980 1241 1145 1283 dictum
1175 1259 1182 1282 2
1210 1259 1226 1280 «
1251 1244 1395 1283 Donec
1416 1239 1554 1283 solvas
1576 1240 1756 1283 novissi-

368 1328 387 1350 »
423 1326 544 1353 mum
566 1309 881 1369 quadrantem,
909 1328 925 1349 »
949 1310 1088 1353 donec
1111 1310 1204 1352 luas
1227 1318 1398 1352 terrena
1431 1319 1608 1368 peccata
1640 1329 1650 1353 :
1672 1311 1755 1353 hoc

365 1381 480 1423 enim
500 1390 542 1424 et
561 1389 762 1438 peccator
786 1380 952 1423 audivit
974 1396 981 1420 :
1009 1400 1026 1420 «
1056 1383 1184 1423 Terra
1204 1396 1246 1422 es
1263 1415 1272 1433 ,
1299 1390 1341 1423 et
1370 1381 1414 1422 in
1442 1390 1600 1422 terram
1629 1380 1751 1423 ibis².

369 1468 387 1490 »
424 1454 571 1494 Donec
593 1451 730 1494 solvas
757 1470 775 1491 »
809 1460 953 1493 autem
978 1450 1097 1509 quod
1132 1450 1297 1493 dictum
1336 1459 1423 1504 est,
1456 1451 1589 1493 miror
1610 1450 1643 1493 si
1665 1465 1755 1494 non

365 1535 459 1562 eam
481 1520 691 1577 significat
713 1535 916 1578 poenam,
939 1536 1037 1578 quae
1067 1529 1248 1563 vocatur
1269 1529 1444 1563 aeterna.
1487 1518 1609 1562 Unde
1637 1519 1753 1562 enim

363 1591 545 1634 solvitur
563 1590 673 1633 illud
703 1591 898 1633 debitum
918 1625 928 1643 ,
952 1590 1027 1632 ubi
1055 1591 1144 1648 jam
1175 1606 1261 1633 non
1293 1589 1421 1632 datur
1445 1588 1689 1648 poenitendi
1711 1598 1755 1633 et

363 1660 597 1703 correctius
615 1652 789 1703 vivendi
823 1661 975 1702 locus?
1008 1663 1069 1702 lta
1104 1659 1218 1702 enim
1252 1658 1431 1702 fortasse
1460 1660 1531 1702 hic
1565 1659 1754 1717 positum

363 1738 453 1782 est,
483 1748 502 1770 «
526 1733 670 1772 Donec
693 1729 860 1781 solvas,
890 1747 910 1768 »
935 1728 1160 1788 quomodo
1188 1730 1233 1771 in
1264 1728 1340 1771 illo
1367 1729 1442 1771 ubi
1467 1727 1634 1771 dictum
1655 1738 1720 1771 est
1738 1762 1749 1782 ‚

367 1817 387 1840 «
425 1798 534 1843 Sede
556 1798 609 1841 ad
626 1798 845 1841 dexteram
868 1813 1009 1841 meam
1028 1832 1040 1853 ,
1058 1798 1198 1842 donec
1213 1813 1375 1857 ponam
1393 1813 1542 1841 omnes
1559 1798 1754 1842 inimicos

367 1885 385 1907 »
421 1877 518 1910 tuos
537 1868 619 1910 sub
641 1868 825 1925 pedibus
846 1868 981 1910 tuis³z
1004 1886 1025 1907 υ
1044 1883 1134 1910 non
1151 1868 1266 1910 enim
1289 1883 1387 1910 cum
1414 1866 1576 1910 fuerint
1590 1867 1754 1910 inimici

361 1937 442 1980 sub
463 1937 648 1995 pedibus
673 1938 824 1994 positi,
858 1937 1026 1980 desi-net
1047 1937 1121 1980 ille
1145 1937 1292 1981 sedere
1314 1936 1367 1980 ad
1400 1938 1637 1981 dexteram.
1665 1940 1754 1981 Aut

361 2006 472 2049 illud
487 2006 682 2065 Apostoli
702 2026 708 2049 :
728 2025 747 2047 >›
764 2008 949 2064 Oportet
970 2008 1084 2049 enim
1102 2007 1226 2050 illum
1242 2022 1441 2065 regnare,
1465 2007 1604 2051 donec
1619 2015 1753 2065 ponat

366 2093 386 2116 »
413 2077 886 2119 omnesinimicos-suos
907 2077 988 2119 sub
1012 2076 1200 2134 pedibus
1225 2077 1337 2120 suis4
1352 2096 1359 2120 :
1375 2095 1394 2117 n
1411 2088 1499 2119 non
1516 2077 1631 2119 enim
1651 2092 1751 2118 cum

355 2147 482 2203 positi
503 2145 680 2199 fuerint,
695 2146 857 2189 desinet
877 2161 1071 2203 regnare.
1084 2146 1463 2198 Quemadmodum
1480 2158 1584 2201 ergo
1604 2143 1666 2186 ibi
1689 2143 1753 2186 in-

354 2215 579 2274 telligitur,
598 2218 654 2260 de
669 2231 758 2275 quo
774 2215 942 2259 dictum
955 2225 1019 2259 est
1034 2236 1041 2260 2
1058 2218 1275 2270 «Oportet
1295 2225 1396 2255 eum
1418 2228 1598 2270 regnare
1611 2213 1751 2257 donec

355 2302 375 2325 ›²
411 2294 547 2342 ponat
565 2286 762 2328 inimicos
783 2285 865 2326 sub
884 2282 1068 2340 pedibus
1090 2282 1196 2334 suis,
1222 2300 1240 2320 »
1258 2293 1428 2339 semper
1446 2291 1746 2340 regnaturum,

351 2355 559 2411 quoniam
582 2367 750 2410 semper
760 2351 825 2394 illi
849 2360 978 2394 erunt
1000 2351 1080 2394 sub
1104 2350 1291 2409 pedibus
1312 2369 1319 2394 z
1340 2351 1398 2394 ita
1423 2351 1492 2394 hic
1515 2352 1654 2410 accipi
1675 2366 1748 2411 po-

351 2431 460 2476 test,
485 2422 644 2482 dequo
666 2422 831 2465 dictum
848 2431 918 2465 ‹est
934 2440 948 2465 1:
978 2437 998 2462 «
1022 2424 1119 2465 Non
1140 2421 1253 2464 exies
1287 2420 1413 2474 inde,
1432 2421 1580 2466 donec
1608 2421 1747 2466 solvas

351 2509 370 2531 »
406 2492 687 2536 novissimum
705 2491 1010 2551 quadrantem,
1035 2509 1052 2530 »
1080 2505 1248 2549 semper
1266 2505 1358 2534 non
1378 2491 1596 2534 exiturum
1630 2505 1743 2549 esse3

398 2579 405 2595 ¹
427 2574 548 2605 Matth.
570 2585 646 2615 xxv,
666 2574 766 2605 23.—
792 2579 804 2594 ²
823 2575 901 2605 Gen.
930 2584 977 2611 ιιι,
1001 2584 1049 2615 19.
1068 2590 1108 2595 —
1131 2571 1144 2595 3
1162 2573 1244 2604 Psal.
1267 2585 1330 2613 (ιιι,
1356 2584 1430 2605 1.-—
1448 2572 1463 2604 4
1480 2585 1493 2606 1
1520 2576 1594 2608 Gor.
1612 2585 1669 2615 xv,
1687 2573 1740 2610 25.
