1819 3301
327 296 410 336 <264
768 307 800 335 S.
840 307 1064 334 Aucuswm
1099 307 1277 332 Rev-com

326 376 508 434 rogavit,
536 373 820 433 respondeat:
846 374 878 416 si
898 381 1043 415 autem
1067 370 1209 415 dicere
1228 371 1431 427 noluerit,
1457 387 1546 417 non
1564 372 1712 417 videa-

325 456 396 491 tur
417 446 465 489 iis
488 446 564 505 qui
588 445 746 488 adsunt
767 444 1001 502 injustum,
1027 442 1060 486 si
1085 452 1128 486 et
1144 443 1234 502 ipse
1269 443 1389 504 quod
1412 443 1709 502 interrogavit,

324 533 414 562 non
434 516 595 560 audiat.
623 517 731 559 Nam
764 522 806 557 et
842 512 905 556 illi
940 512 1016 572 qui
1048 513 1427 571 interrogaverunt
1463 523 1679 558 tentantes
1699 549 1710 569 ‚

325 598 472 632 utrum
494 583 768 630 reddendum
787 592 895 628 esset
912 583 1151 639 tributum,
1177 585 1430 642 interrogati
1452 593 1554 629 sunt
1576 584 1711 640 aliud,

325 659 370 703 id
410 667 498 711 est,
539 657 662 715 cujus
690 654 872 698 haberet
907 669 1113 698 nummus
1152 654 1385 713 imaginem
1403 690 1413 710 ‚
1439 655 1515 715 qui
1537 655 1592 699 ab
1614 655 1714 715 ipsis

325 728 518 788 prolatus
541 735 603 770 est
628 745 636 771 :
663 735 706 769 et
728 726 829 786 quia
853 724 1056 768 dixerunt
1078 724 1198 784 quod
1216 725 1468 783 interrogati
1493 734 1641 781 erant,
1669 725 1716 770 id

326 808 417 854 est,
443 797 623 843 Caesaris
652 796 885 854 imaginem
916 795 1078 839 habere
1107 796 1364 851 nummumg
1396 796 1478 855 ipsi
1500 796 1579 840 sibi
1601 812 1715 857 quo-

325 868 425 914 dam
449 867 581 912 modo
604 865 923 926 responderunt
949 865 991 909 id
1022 867 1143 926 quod
1166 866 1400 910 Dominum
1418 866 1716 925 interrogave-

324 950 422 986 rant
450 960 459 985 :
490 940 637 1000 itaque
663 938 735 982 ille
771 953 823 981 ex
862 953 1014 982 eorum
1061 938 1340 997 responsione
1373 938 1433 982 ita
1465 938 1710 984 conclusit:

326 1032 344 1054 «
383 1010 572 1056 Reddite
595 1025 696 1068 ergo
718 1009 876 1054 Caesari
893 1008 1014 1069 quod
1031 1009 1209 1053 Caesaris
1231 1017 1309 1063 est,
1331 1017 1373 1052 et
1391 1011 1481 1053 Deo
1501 1008 1620 1069 quod
1640 1011 1714 1053 Dei

327 1102 347 1125 »
384 1087 491 1127 est¹.
524 1100 542 1123 »
579 1083 691 1126 Cum
729 1089 873 1124 autern
906 1080 1120 1139 principes
1150 1078 1425 1123 sacerdotum
1459 1089 1502 1124 et
1529 1080 1716 1124 seniores

324 1152 476 1213 populi
501 1153 838 1209 interrogassent
863 1150 909 1193 in
927 1166 1012 1209 qua
1036 1159 1248 1209 potestate
1275 1149 1348 1193 illa
1370 1149 1558 1205 faceret,
1579 1151 1716 1194 inter-

324 1224 492 1283 rogavit
506 1238 576 1266 eos
598 1221 652 1265 de
669 1221 927 1280 baptismate
946 1221 1149 1277 Joanni53
1170 1229 1213 1264 et
1234 1235 1334 1264 cum
1360 1219 1529 1264 nollent
1545 1221 1688 1265 (licere
1703 1256 1713 1276 ‚

326 1293 445 1355 qnod
469 1302 620 1338 contra
648 1307 691 1335 se
712 1290 921 1335 videbant
937 1290 1037 1346 dici,
1062 1290 1116 1334 de
1133 1293 1302 1334 ,Ioanne
1321 1300 1467 1334 autem
1485 1291 1595 1334 nihil
1614 1291 1717 1335 mali

325 1365 468 1409 dicere
489 1364 699 1407 auderent
722 1370 899 1420 propter
921 1361 1251 1404 circumstantes
1280 1380 1287 1405 ;
1325 1381 1344 1402 «
1374 1364 1462 1406 Nec
1491 1376 1571 1420 ego
1594 1361 1716 1405 vobis

328 1454 348 1478 »
385 1435 554 1490 dicam,
592 1432 762 1493 inquit,
795 1432 841 1475 in
865 1448 951 1491 qua
987 1440 1201 1491 potestate
1231 1432 1324 1475 haec
1349 1430 1521 1476 facio²z
1550 1450 1569 1472 »
1595 1430 1717 1492 quod

318 1506 605 1567 justissimum
629 1503 828 1563 apparuit
851 1502 1247 1546 circumstantibus.
1276 1505 1369 1546 Hoc
1391 1502 1507 1546 enim
1530 1517 1573 1546 se
1593 1502 1715 1546 dixe-

326 1587 430 1621 runt
452 1576 639 1630 nescire⁷
665 1573 786 1634 quod
817 1589 906 1617 non
929 1573 1204 1628 nesciebant,
1230 1572 1304 1616 sed
1323 1573 1466 1617 dicere
1488 1573 1712 1618 nolebant.

326 1651 382 1692 Et
416 1661 561 1691 revera
585 1647 752 1705 justum
786 1653 904 1699 erat,
936 1653 986 1687 ut
1016 1644 1094 1703 qui
1126 1644 1207 1687 sibi
1231 1642 1438 1688 volebant
1464 1645 1716 1704 responderi

323 1718 444 1779 quod
472 1718 870 1774 interrogaverant,
907 1715 1024 1774 prius
1057 1714 1136 1773 ipsi
1159 1713 1354 1758 facerent
1382 1714 1503 1774 quod
1540 1730 1638 1773 erga
1672 1730 1716 1759 se

325 1790 417 1834 fieri
436 1787 718 1848 postulabant
743 1806 751 1830 :
780 1785 900 1845 quod
931 1785 964 1828 si
988 1785 1210 1839 fecissent,
1234 1785 1314 1843 ipsi
1342 1785 1420 1828 sibi
1450 1786 1602 1845 utique
1624 1801 1714 1830 res-

324 1860 593 1918 pondissent.
632 1855 717 1914 Ipsi
750 1855 865 1897 enim
898 1854 1104 1898 miserant
1132 1855 1185 1898 ad
1224 1858 1438 1899 Joannem
1470 1866 1715 1916 quaerentes

325 1930 421 1989 quis
444 1936 578 1984 esset3
612 1925 680 1970 vel
703 1926 845 1985 potius
868 1926 947 1985 ipsi
969 1925 1083 1969 missi
1108 1934 1225 1969 erant
1253 1925 1497 1970 sacerdotes
1520 1937 1563 1971 et
1585 1927 1713 1972 Levi·

324 2009 380 2044 tm
400 2035 410 2055 ,
432 2007 634 2058 putantes
656 1997 775 2056 quod
793 1997 882 2055 ipse
905 2006 1014 2040 esset
1037 1996 1254 2052 Christus,
1287 1995 1408 2056 qnod
1426 1997 1498 2040 ille
1520 2013 1563 2041 se
1581 2013 1714 2056 nega-

322 2071 385 2115 vit
401 2085 512 2124 esse,
536 2077 578 2113 et
607 2068 661 2112 de
686 2067 869 2111 Domino
901 2067 1197 2113 testimonium
1229 2066 1483 2126 perhibuit3
1511 2087 1521 2113 ;
1547 2068 1602 2112 de
1624 2084 1712 2128 quo

326 2141 568 2186 testimonio
591 2140 624 2183 si
642 2139 837 2183 confiteri
860 2138 1039 2193 vellent,
1065 2138 1144 2198 ipsi
1166 2154 1209 2182 se
1228 2137 1436 2183 docerent
1463 2139 1508 2182 in
1530 2155 1615 2200 qua
1638 2155 1712 2199 po-

322 2221 473 2257 testate
501 2210 573 2255 illa
596 2209 757 2255 faceret
780 2210 975 2255 Christus
996 2229 1003 2253 ;
1038 2208 1159 2269 quod
1180 2209 1304 2268 quasi
1322 2209 1559 2254 nescientes
1576 2211 1710 2255 inter-

320 2290 598 2342 rogaverant,
619 2291 669 2326 ut
690 2280 986 2326 calumniandi
1008 2280 1175 2323 aditum
1198 2281 1453 2339 reperirent.

369 2385 377 2401 ¹
399 2379 518 2412 Martii.
539 2391 617 2421 xxn,
647 2378 762 2421 15-34.
783 2395 824 2401 —-
850 2385 862 2402 ²
885 2379 932 2411 Id·
952 2388 1021 2416 xxi,
1035 2377 1155 2418 523-27.
1181 2394 1220 2399 —
1242 2376 1254 2400 3
1272 2379 1363 2409 Joan.
1383 2389 1406 2420 i,
1429 2386 1536 2420 19-27.
