1819 3301
398 308 535 337 smuvio
568 310 726 338 nomm
758 311 803 336 nv
835 310 1011 348 MONTE,
1047 311 1129 337 Lm.
1166 311 1197 336 1.
1400 301 1481 340 183

103 374 317 420 desiderat
337 375 590 421 subveniri?
610 377 936 434 Consequenter
954 374 1100 434 itaque
1124 383 1339 433 praecepta
1356 375 1485 418 mise-

102 445 300 489 ricordiae
336 444 575 490 videamus.
600 446 716 489 Mitis
746 453 890 489 autem
913 454 956 488 et
986 432 1225 488 misericors
1248 459 1387 487 unum
1416 445 1484 488 vi-

37 557 42 560 .
102 514 262 560 dentur
288 534 296 560 :
322 515 394 559 sed
417 516 500 559 hoc
531 514 729 570 interest,
770 514 890 574 quod
912 515 1052 570 mitis,
1086 514 1140 558 de
1169 530 1256 575 quo
1288 515 1485 574 superius

101 593 332 629 tractatum
355 593 418 628 est
432 619 443 638 ‚
480 585 639 643 pietate
660 600 749 628 non
771 584 1028 629 contradicit
1055 584 1210 628 divinis
1233 585 1456 629 sententiis
1470 620 1482 640 ‚

102 672 201 716 quae
222 655 267 699 in
285 671 362 699 sua
383 664 559 714 peccata
581 655 862 714 proferuntur
877 690 887 709 ‚
913 671 1057 715 neque
1075 655 1158 698 illis
1174 655 1252 699 Dei
1272 656 1486 699 sermoni-

102 726 185 770 bus
207 741 314 785 quos
337 725 534 769 nondum
556 725 758 784 intelligit
774 746 785 783 3
804 724 878 769 sed
891 724 1060 769 nullum
1076 726 1336 769 beneficium
1354 741 1486 785 praes-

101 802 166 840 tat
189 796 250 851 ei,
275 796 345 840 cui
366 810 455 839 non
476 795 734 840 contradicit
755 811 835 839 nec
865 794 1018 839 resistit
1040 814 1048 840 :
1074 795 1311 840 misericors
1341 805 1486 842 autem

101 866 158 910 ita
181 881 270 910 non
294 866 474 921 resistit,
500 875 549 910 ut
581 874 757 925 propter
788 865 879 926 ejus
914 864 1225 910 correctionem
1255 865 1301 910 id
1329 865 1483 922 faciat,

101 951 233 996 quem
252 936 462 981 redderet
484 934 723 981 resistendo
744 936 951 996 pejorem.

102 1115 244 1132 mm
249 1116 456 1132 mmm
461 1115 1483 1134 mmmmmmmmmmmmmmffl

580 1257 795 1308 CAPUT
831 1259 966 1306 XIX.

162 1413 274 1455 LVI.
296 1413 514 1465 SEQU1TUR
527 1426 628 1469 ergo
643 1412 854 1456 Dominus
869 1448 880 1467 ,
906 1421 949 1457 et
962 1412 1065 1456 dicit
1087 1431 1096 1457 ε
1127 1432 1146 1454 «
1171 1412 1360 1457 Audistis
1384 1414 1485 1473 quia

105 1499 124 1523 »
158 1481 323 1525 dietum
348 1489 412 1525 est
438 1500 446 1526 ε
471 1481 658 1525 Oculum
681 1497 760 1541 pro
778 1482 906 1527 oculo
923 1518 933 1538 ‚
969 1491 1011 1526 et
1025 1484 1201 1527 dentem
1222 1499 1300 1542 pro
1336 1484 1482 1528 dente.

103 1571 123 1594 η
159 1556 253 1612 Ego
276 1562 421 1597 autem
444 1553 541 1596 dico
572 1553 694 1597 vobis
724 1569 813 1598 non
845 1555 1039 1598 resistere
1062 1554 1264 1599 adversus
1289 1554 1453 1599 malum
1474 1576 1483 1612 3

103 1640 124 1664 »
159 1624 233 1666 sed
255 1623 288 1666 si
311 1623 407 1682 quis
430 1630 472 1666 te
494 1623 750 1681 percusserit
770 1624 814 1667 in
837 1623 1057 1668 dexteram
1090 1623 1310 1668 maxillam
1346 1634 1482 1676 tuam3

103 1711 124 1735 »
160 1694 306 1753 praebe
326 1693 389 1736 illi
418 1703 460 1737 et
497 1692 672 1737 alteram
710 1713 718 1737 ε
755 1703 797 1737 et
819 1696 894 1753 qui
926 1695 1111 1738 voluerit
1134 1703 1281 1738 tecum
1319 1694 1484 1754 judicio

103 1781 124 1805 n
159 1763 423 1808 contendere
445 1773 488 1807 et
505 1763 699 1807 tunicam
722 1771 841 1807 tuam
865 1763 1038 1818 tollere⁷
1066 1765 1238 1808 remitte
1255 1763 1317 1807 illi
1335 1774 1377 1808 et
1390 1780 1487 1809 ves-

104 1851 123 1875 »
160 1833 391 1877 timentum
419 1841 492 1877 :et
519 1834 594 1893 qui
628 1840 670 1876 te
693 1834 981 1891 angariaverit
1010 1833 1129 1877 mille
1166 1849 1335 1893 passus,
1375 1833 1484 1878 vade

104 1921 124 1944 »
159 1917 259 1947 cum
279 1902 354 1946 illo
376 1902 457 1946 alia
479 1902 584 1946 duo.
611 1903 742 1945 Omni
771 1904 936 1961 petenti
955 1913 998 1947 te
1024 1903 1078 1947 da
1096 1939 1106 1958 ‚
1133 1912 1175 1947 et
1203 1904 1278 1964 qui
1300 1903 1487 1948 voluerit

104 1989 125 2014 »
160 1988 183 2016 a
205 1980 248 2016 te
272 1973 484 2027 mutuari,
510 1987 566 2015 ne
588 1981 806 2016 aversatus
828 1971 1003 2016 fueris¹.
1026 1992 1045 2014 »
1069 1973 1382 2017 Pharisaeorum
1398 1976 1487 2033 jus-

100 2043 194 2087 titia
211 2043 353 2086 minor
374 2050 459 2097 est,
485 2058 575 2087 non
597 2042 807 2086 excedere
823 2043 867 2085 in
888 2042 1080 2087 vindicta
1099 2042 1296 2098 modum,
1323 2059 1376 2086 ne
1389 2043 1486 2102 plus

100 2113 309 2173 rependat
344 2114 527 2173 quisque
561 2127 692 2172 quam
726 2113 892 2172 accepit
917 2131 926 2157 ε
953 2122 997 2157 et
1028 2128 1211 2172 magnus
1234 2113 1305 2157 hic
1328 2113 1484 2171 gradus

101 2193 178 2229 est.
204 2187 342 2230 Nemo
363 2184 478 2227 enim
500 2183 624 2228 facile
644 2184 865 2228 invenitur
886 2184 961 2244 qui
985 2199 1132 2243 pugno
1165 2193 1341 2243 accepto
1372 2199 1485 2243 pug-

101 2270 208 2298 num
242 2254 422 2298 reddere
449 2253 575 2311 velit3
601 2263 643 2298 et
674 2270 764 2298 uno
796 2269 818 2297 a
843 2254 1111 2298 conviciante
1143 2254 1275 2298 verbo
1309 2253 1483 2309 audito,

101 2339 239 2368 unum
268 2333 311 2368 et
327 2323 447 2384 quod
479 2325 751 2368 tantumdem
772 2324 914 2369 valeat
952 2323 1110 2368 referre
1142 2332 1373 2368 contentus
1396 2325 1449 2368 sit
1474 2342 1483 2368 :

102 2393 178 2438 sed
200 2396 286 2437 sive
307 2394 368 2437 ira
394 2395 670 2452 perturbatus
691 2395 1018 2439 immoderatius
1040 2395 1253 2451 vindicat·7
1278 2394 1365 2439 sive
1382 2395 1486 2454 quia

97 2466 265 2525 justum
288 2473 434 2523 putat,
461 2480 559 2508 eum
590 2466 665 2525 qui
702 2465 810 2509 laesit
837 2465 951 2524 prior
985 2466 1153 2524 gravius
1188 2463 1314 2519 laedi,
1353 2478 1484 2524 quam

101 2536 226 2579 laesus
248 2535 403 2594 estqui
426 2550 513 2579 non
536 2535 716 2583 laeserat.
736 2535 880 2578 Talem
907 2536 1099 2578 animum
1125 2550 1279 2591 magna
1297 2550 1347 2578 ex
1362 2545 1484 2594 parte

153 2635 160 2651 ¹
182 2628 291 2660 Matih.
317 2627 485 2669 v‚38-l1'2.
