1819 3301
398 238 480 277 116
819 249 852 278 s.
890 248 1120 280 Auous‘rlm
1152 252 1333 280 131³1scoi>1

393 437 532 453 mm
536 438 604 454 ΜΜ
609 438 816 455 mmmm
820 438 1774 457 mmmmmmmwmmmmmm

904 570 1121 621 CAPUT
1160 574 1245 620 VI.

396 723 543 788 Quod
560 726 609 768 in
639 725 891 769 occasione
919 725 1059 786 hujus
1085 727 1168 784 qui
1188 726 1237 768 in
1267 725 1460 769 nomine
1488 722 1670 769 Clzristz'
1694 725 1772 787 ejc'n

380 815 384 818 ¹
442 794 602 839 ciebat
623 794 862 840 dcemonicc
873 831 888 851 ,
915 797 1131 854 quamvis
1159 812 1268 839 cam
1289 794 1548 854 Discipulis
1571 812 1667 840 non
1693 811 1769 840 se-

445 876 681 924 queretur,
706 867 907 911 Marcus
931 865 1138 926 amplius
1161 883 1308 926 quam
1328 866 1486 910 Lucas
1509 865 1769 911 Dominum

443 936 622 981 dimisse
654 938 893 992 narravit,
919 935 1156 995 quomodo
1182 935 1467 998 ostendatur
1491 935 1563 980 ad
1580 934 1670 980 stoc
1699 937 1767 995 ip-

444 1023 547 1050 sam
566 1008 806 1066 pertinere
834 1006 964 1065 quod
986 1006 1119 1051 illum
1149 1008 1197 1052 ιή
1219 1009 1409 1052 nomine
1434 1022 1518 1052 suo
1547 1006 1765 1051 virtutem

426 1077 702 1140 facientem
724 1079 873 1122 vetuit
890 1076 1150 1138 prohiberi.

441 1225 538 1267 VII.
578 1225 797 1277 SEQUITUR
818 1227 1011 1279 Marcus,
1043 1233 1087 1268 et
1107 1222 1212 1267 dicit
1239 1242 1246 1268 :
1279 1242 1298 1265 «
1323 1223 1528 1283 Quisquis
1550 1224 1665 1267 enim
1687 1238 1767 1283 po-

384 1311 404 1335 »
441 1304 533 1338 tum
558 1294 726 1338 dederit
748 1295 867 1339 vobis
890 1294 1067 1339 calicem
1090 1310 1214 1354 aquae
1238 1294 1284 1337 in
1310 1294 1486 1338 nomine
1514 1309 1633 1349 meo,
1663 1295 1766 1354 quia

384 1383 404 1405 »
439 1366 599 1409 Christi
628 1367 752 1421 estis,
779 1381 905 1409 amen
928 1366 1025 1410 dico
1053 1364 1200 1420 vobis,
1232 1380 1320 1409 non
1343 1365 1495 1424 perdet
1522 1363 1765 1408 mercedem

383 1453 402 1475 »
439 1450 560 1480 suam
586 1455 594 1480 ε
621 1446 664 1480 et
680 1437 877 1496 quisquis
905 1435 1258 1480 scandalizaverit
1279 1451 1418 1479 unum
1442 1450 1492 1478 ex
1514 1435 1578 1478 his
1600 1433 1765 1494 pusillis

381 1523 401 1546 »
436 1506 713 1551 credentibus
733 1508 777 1550 in
798 1523 882 1562 me,
910 1508 1076 1551 bonum
1106 1515 1169 1550 est
1191 1506 1228 1549 ei
1251 1506 1386 1564 magis
1417 1506 1450 1549 si
1471 1504 1765 1550 circumdare-

380 1594 400 1616 »
439 1585 509 1619 tur
532 1576 646 1620 mola
669 1578 850 1621 asinaria
875 1576 987 1621 collo
1011 1578 1122 1636 ejus,
1148 1586 1190 1620 et
1212 1576 1256 1620 in
1278 1591 1396 1620 mare
1418 1576 1664 1620 mitteretur
1689 1595 1698 1619 :
1723 1584 1766 1619 et

380 1669 408 1692 »«
439 1649 473 1691 si
495 1646 847 1699 scandalizaverit
869 1656 911 1690 te
928 1662 1080 1690 manus
1103 1656 1177 1690 tua
1192 1681 1203 1701 ,
1229 1646 1402 1690 abscide
1419 1645 1538 1689 illam
1564 1665 1572 1689 :
1598 1646 1764 1689 bonum

380 1739 400 1762 »
427 1728 491 1763 est
524 1717 602 1762 tibi
634 1715 824 1760 debilem
852 1716 1031 1759 introire
1065 1717 1109 1759 in
1136 1717 1293 1771 vitam,
1320 1731 1451 1775 quam
1483 1716 1590 1759 duas
1611 1731 1764 1761 manus

381 1808 401 1832 »
436 1788 669 1832 habentem
694 1787 754 1829 ire
777 1785 823 1828 in
842 1786 1107 1844 gehennam,
1130 1786 1176 1829 in
1197 1786 1339 1843 ignem
1362 1784 1760 1843 inextinguibilem,

379 1878 399 1901 »
437 1859 510 1902 ubi
530 1857 686 1902 vermis
707 1871 858 1900 eorum
880 1871 970 1900 non
1001 1856 1184 1900 moritur
1199 1891 1210 1910 ,
1237 1865 1278 1899 ct
1301 1856 1411 1914 ignis
1434 1871 1522 1900 non
1545 1856 1762 1914 extingui-

380 1949 401 1971 »
438 1939 533 1983 tur,
558 1947 577 1968 »
605 1938 647 1972 et
669 1936 845 1981 caetera,
877 1942 1016 1986 usque
1039 1927 1094 1970 ad
1113 1926 1224 1970 illud
1251 1926 1325 1970 ubi
1349 1928 1406 1970 ait
1433 1946 1441 1971 :
1476 1946 1495 1968 «
1530 1927 1698 1971 Habete
1719 1926 1764 1969 in

382 2018 402 2041 »
438 1999 560 2043 vobis
581 1997 733 2051 salem,
759 2006 802 2040 et
824 2012 974 2055 pacem
995 1996 1154 2040 habete
1175 1997 1288 2039 inter
1309 2012 1384 2040 vos
1407 1998 1438 2039 1.
1465 2014 1484 2037 »
1515 1999 1618 2040 Haec
1644 1999 1762 2040 Mar-

378 2085 453 2113 cus
477 2068 708 2112 Dominum
732 2066 946 2120 locutum,
972 2075 1252 2125 posteaquam
1270 2064 1395 2109 illum
1417 2066 1491 2125 qui
1523 2067 1567 2109 in
1586 2066 1763 2109 nomine

377 2140 467 2199 ejus
481 2137 676 2197 ejiciebat
694 2136 925 2190 daemonia,
946 2145 989 2179 et
1010 2151 1110 2180 cum
1129 2134 1356 2194 Discipulis
1378 2151 1466 2179 non
1484 2151 1584 2178 eum
1605 2150 1761 2194 seque-

380 2209 509 2252 batur
527 2243 538 2262 ,
563 2206 702 2251 vetuit
731 2205 980 2264 prohiberi,
1004 2206 1240 2249 contextim
1262 2214 1597 2262 commemorat3
1618 2205 1763 2264 aliqua

380 2293 546 2338 ponens
574 2292 673 2336 quae
705 2275 850 2319 nullus
878 2275 986 2319 alius
1014 2274 1387 2333 Evangelistarum
1415 2275 1586 2333 posuit,
1619 2274 1763 2334 aliqua

381 2365 484 2393 vero
506 2364 604 2407 quae
626 2348 858 2391 Matthaeus
882 2362 1059 2406 quoque
1081 2346 1245 2404 posuit,
1266 2355 1309 2389 et
1331 2345 1473 2405 aliqua
1498 2345 1646 2389 itidem
1664 2360 1763 2404 quae

380 2428 423 2462 et
439 2419 669 2462 Matthaeus
689 2426 730 2460 et
755 2419 891 2460 Lucas
914 2436 922 2460 :
939 2416 1014 2460 sed
1036 2415 1096 2459 illi
1112 2432 1162 2459 ex
1179 2416 1270 2460 aliis
1286 2416 1597 2471 occasionibus,
1618 2425 1661 2460 et
1678 2415 1762 2460 alio

381 2503 523 2531 rerum
545 2487 697 2532 ordine
715 2521 725 2539 ‚
754 2501 842 2530 non
868 2487 953 2530 hoc
974 2485 1071 2531 loco
1094 2485 1168 2530 ubi
1198 2484 1253 2530 de
1283 2484 1358 2530 illo
1386 2495 1637 2545 suggestum
1668 2495 1757 2542 est,

404 2587 407 2591 ’
428 2588 438 2605 ¹
455 2584 557 2615 Marc.
578 2594 621 2623 ix,
640 2582 752 2623 [go-50.
