1819 3301
406 229 544 255 SERMo
576 228 734 256 nomm
766 227 813 255 ΙΝ
843 229 1018 267 MONTE,
1052 230 1134 256 LIB.
1171 232 1219 256 11.
1408 222 1491 260 207

85 346 88 349 Ι
113 308 134 332 »
168 290 317 345 nibus,
343 300 393 336 ut
410 291 586 337 videant
606 293 722 336 bona
744 291 859 337 facta
875 301 1059 337 vestra.»
1076 293 1159 337 Sed
1180 307 1266 337 non
1285 293 1343 338 ibi
1363 310 1491 340 cons-

107 359 227 405 tituit
263 362 395 406 finem
427 380 435 407 :
481 361 649 405 addidit
690 362 806 405 enim
844 382 853 407 ;
895 381 914 404 «
948 365 1004 407 Et
1048 362 1291 420 glorificent
1326 367 1498 409 Patrem

113 447 134 471 »
167 439 389 486 vestrum,
426 431 502 491 qui
539 431 585 474 in
608 430 728 475 coelis
762 441 825 475 est
844 433 874 474 1.
916 450 935 473 »
962 432 1043 476 Hic
1072 441 1215 476 autem
1235 467 1246 488 ‚
1278 433 1380 493 quia
1415 434 1499 478 hoc

112 501 415 559 reprehendit,
451 501 484 544 si
520 501 582 544 ibi
618 501 674 545 sit
707 501 804 545 finis
841 511 956 546 recte
990 500 1233 557 factorum,
1260 503 1306 546 id
1338 512 1429 559 est,
1465 504 1500 547 si

112 580 340 630 propterea
363 580 478 616 recte
499 570 708 616 faciamus
725 606 735 626 ‚
768 581 817 615 ut
840 581 1009 616 tantum
1032 572 1257 617 videamur
1278 573 1331 617 ab
1353 574 1498 618 homi-

113 641 242 685 nibus
264 662 274 698 3
299 651 581 702 posteaquam
611 642 718 686 dixit
740 661 748 686 ε
779 661 799 683 <c
823 644 982 686 Cavete
1014 642 1152 687 facere
1166 645 1378 704 justitiam
1402 660 1498 690 ves-

115 730 134 752 »
170 721 278 755 tram
316 727 461 756 coram
495 712 772 766 hominibus,
801 721 849 756 ut
883 713 1116 756 videamini
1148 715 1202 757 ab
1234 715 1317 769 eis,
1342 734 1360 756 »
1390 715 1499 759 nihil

111 779 291 825 addidit.
306 785 357 825 In
380 798 467 842 quo
486 792 678 841 apparet,
698 798 786 827 non
805 783 888 827 hoc
907 799 1004 826 eum
1025 785 1293 843 prohibuisse
1316 795 1362 829 ut
1381 796 1497 830 recte

109 851 185 895 fiat
207 867 352 896 coram
374 853 644 906 hominibus,
670 852 747 896 sed
764 868 818 895 ne
841 853 897 896 ob
921 852 964 896 id
983 852 1096 897 forte
1119 864 1233 898 recte
1256 855 1331 899 fiat
1349 871 1495 900 coram

110 921 386 977 hominibus,
415 932 464 966 ut
491 923 716 966 videamur
743 922 796 966 ab
827 922 911 976 eis,
945 922 990 966 id
1021 933 1105 979 est,
1142 934 1192 968 ut
1221 925 1303 969 hoc
1323 925 1499 973 intuea-

111 1006 236 1046 mur,
262 1002 304 1036 et
326 993 386 1036 ibi
404 994 533 1036 finem
559 992 693 1036 nostri
712 993 919 1052 propositi
944 993 1221 1039 collocemus.

172 1063 251 1104 111.
277 1063 385 1106 Nam
408 1071 450 1106 et
472 1062 704 1121 Apostolus
727 1062 856 1108 dicit:
871 1082 889 1104 «
905 1062 948 1107 Si
971 1062 1114 1107 adbuc
1135 1064 1385 1109 hominibus
1404 1065 1499 1125 pla-

99 1149 135 1186 .»
170 1146 311 1175 cerem
332 1167 342 1186 ‚
380 1133 541 1177 Christi
568 1148 715 1176 servus
744 1148 832 1176 non
870 1148 1001 1176 essem
1020 1136 1037 1158 ‘2
1071 1152 1080 1178 ;
1114 1152 1132 1173 »
1160 1150 1260 1177 cum
1289 1134 1371 1179 alio
1402 1136 1500 1180 loco

113 1201 228 1245 dicat
249 1221 257 1246 :
283 1221 301 1243 «
327 1201 501 1246 Placere
524 1202 727 1246 omnibus
752 1217 829 1261 per
851 1203 996 1246 omnia
1015 1238 1024 1256 ‚
1051 1203 1161 1246 sicut
1185 1213 1226 1247 et
1247 1219 1326 1262 ego
1356 1205 1499 1248 omni-

116 1289 136 1312 »
171 1271 253 1316 bus
282 1288 357 1331 per
385 1273 529 1316 omnia
562 1271 757 1331 placeo3.
787 1290 806 1313 »
839 1272 968 1325 Quod
996 1272 1071 1332 qui
1101 1289 1189 1317 non
1212 1272 1496 1333 intelligunt,

113 1343 378 1385 contrarium
406 1351 562 1401 putant
582 1363 593 1400 3
619 1357 720 1386 cum
739 1341 812 1385 ille
829 1358 873 1385 se
891 1343 1045 1386 dixerit
1068 1360 1155 1387 non
1175 1343 1343 1402 placere
1362 1346 1501 1389 homi—

113 1411 256 1466 nibus,
275 1412 375 1471 quia
390 1428 478 1455 non
495 1411 592 1456 ideo
611 1421 725 1456 recte
750 1410 937 1455 faciebat
956 1422 1004 1456 ut
1021 1412 1210 1471 placeret
1229 1414 1496 1470 hominibus,

113 1483 188 1526 sed
221 1492 268 1526 ut
306 1486 421 1537 Deo,
453 1482 508 1527 ad
542 1484 663 1543 cujus
692 1499 882 1527 amorem
905 1483 1035 1527 corda
1070 1485 1298 1529 hominum
1326 1485 1502 1530 volebat

112 1563 389 1608 convertere,
425 1569 476 1598 eo
506 1553 599 1613 ipso
632 1570 720 1613 quo
755 1554 956 1613 placebat
987 1556 1254 1600 hominibus.
1284 1559 1436 1615 Itaque
1458 1566 1501 1600 et

113 1639 203 1668 non
234 1639 277 1667 se
298 1623 467 1683 placere
491 1624 743 1668 hominibus
766 1633 881 1668 recte
911 1624 1110 1680 dicebat,
1142 1627 1245 1686 quia
1266 1627 1312 1669 in
1333 1642 1384 1671 eo
1408 1628 1501 1686 ipso

113 1702 163 1737 ut
186 1696 274 1737 Deo
296 1693 487 1752 placeret
506 1693 789 1738 intuebatur:
816 1703 859 1737 et
887 1692 1146 1752 placendum
1182 1711 1271 1739 esse
1308 1697 1500 1740 homini-

114 1765 195 1809 bus
219 1775 332 1809 recte
355 1766 634 1825 praecipiebat
649 1801 660 1821 ,
688 1782 775 1810 non
798 1775 847 1809 ut
871 1767 955 1810 hoc
987 1777 1264 1826 appeteretur
1292 1778 1500 1829 tanquam

114 1849 276 1879 merces
293 1845 406 1879 recte
423 1835 636 1879 sactorum
657 1856 668 1893 3
692 1837 767 1879 sed
789 1836 891 1895 quia
916 1839 1005 1880 Deo
1028 1837 1198 1896 placere
1217 1854 1304 1881 non
1329 1848 1497 1897 posset,

113 1905 189 1965 qui
207 1921 295 1949 non
312 1921 356 1949 se
369 1906 418 1949 iis
435 1921 544 1966 quos
561 1904 698 1949 salvos
722 1906 813 1948 fieri
827 1905 958 1949 vellet
978 1907 1189 1964 praeberet
1212 1907 1467 1952 imitandum
1489 1928 1498 1954 :

112 1975 271 2019 imitari
302 1986 446 2021 autem
474 1975 598 2019 illum
631 1976 708 2036 qui
735 1976 816 2019 sibi
845 1991 935 2019 non
957 1976 1194 2035 placuerit,
1227 1978 1350 2022 nullo
1375 1989 1501 2038 pacto

112 2045 343 2106 quisquam
365 2055 521 2105 potest.
547 2046 665 2090 Sicut
687 2061 789 2104 ergo
812 2061 902 2090 non
921 2046 1109 2090 absurde
1128 2047 1397 2107 loqueretur,
1424 2049 1500 2108 qui

113 2115 307 2160 diceret:
336 2119 387 2160 ln
416 2117 498 2160 hac
531 2132 660 2175 opera
699 2132 784 2175 qua
819 2131 971 2160 navem
1007 2132 1182 2175 quaero,
1224 2133 1311 2161 non
1347 2134 1501 2163 navem

113 2203 284 2247 quaero,
305 2188 381 2231 sed
403 2188 584 2247 patriam
614 2207 622 2231 :
648 2187 706 2231 sic
729 2197 772 2231 et
795 2187 1028 2246 Apostolus
1053 2188 1361 2232 convenienter
1383 2188 1501 2234 dice-

114 2268 178 2302 ret
205 2278 213 2303 ;
236 2262 286 2303 In
308 2260 389 2303 hac
417 2275 574 2318 opera,
612 2276 698 2319 qua
721 2259 972 2303 hominibus
1002 2259 1151 2318 placeo
1166 2294 1176 2313 ‚
1200 2275 1288 2304 non
1310 2260 1502 2304 homini-

114 2330 194 2373 bus
212 2365 222 2384 ‚
254 2330 330 2374 sed
358 2333 447 2374 Deo
485 2331 665 2389 placeo3
696 2331 797 2390 quia
830 2346 918 2374 non
956 2331 1040 2374 hoc
1067 2339 1247 2390 appeto,
1272 2330 1346 2374 sed
1368 2332 1422 2375 ad
1455 2329 1502 2376 id

114 2399 252 2444 refero
275 2410 324 2445 ut
342 2416 410 2444 me
432 2401 684 2461 imitentur,
710 2417 818 2462 quos
840 2401 978 2446 salvos
1004 2401 1097 2444 fieri
1121 2401 1234 2445 volo.
1259 2402 1379 2446 Sicut
1396 2402 1502 2447 dicit

115 2470 169 2514 de
197 2469 416 2516 oblatione
440 2487 540 2532 quae
562 2472 611 2516 fit
638 2472 684 2517 in
705 2481 876 2517 sanctos
902 2490 911 2516 ε
949 2490 969 2513 «
991 2474 1089 2518 Non
1122 2471 1225 2532 quia
1245 2488 1401 2532 quaero„
1422 2472 1503 2518 da-

164 2562 171 2577 ¹
200 2556 319 2587 Matth.
337 2566 370 2596 v,
395 2555 503 2597 14-16.
527 2573 567 2578 -—
590 2563 600 2578 ²
620 2556 687 2589 Gal.
710 2567 732 2598 ι,
757 2566 803 2588 10.
833 2573 873 2578 -—
894 2554 906 2578 3
931 2558 1031 2588 1C0r.
1054 2566 1084 2596 x,
1108 2554 1159 2586 33.
