1819 3301
329 262 412 303 384
762 272 795 301 s.
832 273 1062 302 AUGUSTINI
1095 275 1276 302 nmscom

327 340 439 385 vidit
461 338 605 399 aliqua
629 347 844 398 gestarum
868 354 1012 382 rerum
1032 339 1241 394 historiae,
1270 348 1314 383 et
1344 354 1392 383 ea
1413 339 1598 384 maxime
1620 356 1718 401 quae

328 410 538 454 Dominus
563 410 687 468 gessit
709 409 848 468 primo
870 408 1187 468 praedicationis
1204 424 1293 453 suae
1310 418 1506 470 tempore
1520 445 1530 464 ‚
1555 409 1719 455 scilicet

328 489 561 540 antequam
588 482 776 523 Joannes
810 479 1002 538 Baptista
1023 478 1300 523 clauderetur
1320 479 1366 523 in
1400 495 1586 524 carcere.
1613 483 1718 525 Haec

329 567 432 610 crgo
448 551 571 611 quasi
589 549 762 593 dimissa
779 550 833 593 ab
850 548 932 593 illis
948 549 1098 594 scribit
1114 552 1139 594 J
1143 565 1320 604 oannes,
1337 566 1436 610 quae
1464 548 1566 595 fecit
1594 553 1618 594 J
1622 565 1717 595 esus

326 632 561 682 antequam
593 623 782 665 Joannes
810 619 1087 665 clauderetur
1109 621 1213 666 :sed
1240 620 1427 665 maxime
1444 620 1718 665 divinitatem

323 693 482 738 Christi
503 702 546 736 et
568 691 787 735 Trinitatis
808 692 1064 749 mysterium
1086 691 1393 736 commendare
1414 693 1595 736 curavit.
1616 694 1717 735 Tres

323 762 536 823 siquidem
553 762 624 806 alii
640 761 927 820 Evangelistae
941 762 1057 806 dicta
1070 772 1111 806 et
1125 761 1240 806 facta
1252 761 1420 806 Domini
1441 761 1713 821 temporalia,

323 850 420 894 quae
443 832 498 877 ad
516 831 814 877 informandos
835 848 977 877 mores
997 833 1098 876 vitae
1115 832 1339 892 praesentis
1354 833 1537 875 maxime
1552 831 1714 887 valent,

322 904 537 964 copiosius
559 904 775 963 prosecuti
794 939 805 958 ‚
830 905 943 948 circa
966 904 1151 948 activam
1173 903 1305 947 vitam
1327 911 1430 947 sunt
1451 903 1608 947 versati
1633 923 1641 947 ¹.
1670 904 1717 946 in

323 991 408 1035 qua
427 975 652 1018 laboratur
672 984 721 1018 ut
742 990 816 1018 cor
832 973 1069 1018 mundetur
1083 973 1137 1017 ad
1151 973 1389 1018 videndum
1405 977 1560 1018 Deum.
1583 977 1717 1018 Joan-

321 1061 396 1089 nes
409 1062 512 1090 vcro
531 1061 667 1104 pauca
687 1045 858 1089 Domini
877 1045 989 1089 facta
1008 1045 1113 1089 dicit
1132 1064 1141 1090 ε
1159 1045 1291 1088 verba
1309 1060 1412 1088 vero
1427 1045 1598 1089 Domini
1617 1060 1717 1104 quae

325 1117 545 1160 Trinitatis
568 1117 779 1160 unitatem
807 1125 850 1159 et
868 1116 969 1159 vitae
988 1125 1162 1159 aeternae
1187 1114 1439 1159 felicitatem
1462 1115 1685 1158 insinuant
1702 1149 1713 1169 ‚

322 1186 572 1246 diligentius
596 1186 851 1244 conscribit3
871 1196 913 1230 et
927 1186 986 1230 sic
1000 1187 1044 1230 in
1061 1184 1398 1244 contemplativa
1417 1185 1576 1229 virtute
1593 1200 1716 1229 com-

320 1257 568 1301 mendanda
585 1293 594 1311 ‚
629 1257 916 1301 intentionem
949 1272 1070 1300 suam
1094 1266 1136 1300 et
1158 1256 1513 1315 praedicationem
1540 1255 1683 1299 tenuit
1704 1273 1713 1299 :

320 1328 365 1371 in
388 1344 474 1387 qua
508 1327 847 1387 contemplativa
880 1336 1059 1372 vacatur
1091 1336 1141 1371 ut
1169 1330 1283 1370 Deus
1311 1326 1525 1370 videatur.
1565 1328 1649 1369 Iste
1681 1325 1716 1369 si

320 1398 498 1458 quidem
529 1408 590 1443 est
617 1401 828 1452 Joannes‚
865 1413 999 1458 quem
1029 1397 1239 1441 Dominus
1264 1397 1318 1440 de
1343 1396 1577 1454 fluctivaga
1600 1411 1716 1455 nup-

319 1469 477 1513 tiarum
505 1479 758 1530 tempestate
779 1470 976 1525 vocavit,
1000 1479 1044 1514 et
1065 1469 1137 1514 cui
1158 1471 1344 1514 Matrem
1375 1467 1589 1526 virginem
1622 1467 1714 1512 vir-

320 1540 408 1599 gini
429 1540 766 1586 commendavit.

886 2105 1153 2117 l
