1819 3301
385 250 430 276 lN
462 246 636 277 JOANNIS
666 247 975 288 EVANGELlUM‚
1010 249 1156 277 TnAeT.
1193 253 1250 279 v1.
1429 240 1507 280 479

133 326 302 365 aream,
327 326 417 355 non
449 327 525 370 per
552 321 595 356 te
627 314 768 372 ipsum
787 349 797 362 ,
824 313 1028 359 columba
1048 324 1091 358 te
1119 324 1304 360 revocat.
1339 317 1508 361 Gemite

132 380 235 426 foris
251 417 261 436 ,
286 390 336 425 ut
356 381 452 426 illos
473 383 588 427 intro
611 385 833 428 revocetis.

190 453 289 495 XX.
310 452 484 495 Etenim
507 451 674 497 fructus
691 454 769 497 iste
786 453 910 498 olivae
925 489 935 508 ,
961 455 995 498 si
1017 454 1294 509 discutiatur,
1318 455 1510 499 invenies

133 522 240 581 quid
269 530 374 565 erat.
399 521 536 566 Olivae
558 521 725 567 fructus
759 524 1010 567 charitatem
1034 524 1259 582 significat.
1287 524 1411 569 Unde
1430 526 1513 569 1100
1565 550 1569 570 ,-

134 592 403 651 probamus?
426 593 655 645 Quomodo
678 594 791 637 enim
810 593 955 637 oleum
977 610 998 637 a
1018 594 1140 637 nullo
1160 604 1338 639 humore
1360 595 1514 654 premi-

135 671 222 717 tur,
239 661 314 706 sed
329 662 534 721 disruptis
547 664 751 707 omnihus
764 664 880 707 exilit
901 665 1260 723 etsupereminet:
1277 667 1336 710 sic
1354 676 1396 710 et
1417 667 1514 710 cha-
1565 659 1572 712 ³,

135 733 235 776 ritas
253 748 341 776 non
364 741 505 791 potest
528 734 663 791 premi
682 734 728 777 in
749 734 833 777 ima
854 755 865 791 3
884 749 1055 778 necesse
1077 744 1163 789 est,
1185 745 1235 779 ut
1254 736 1307 778 ad
1330 751 1514 794 superna

135 803 335 846 emineat.
362 806 593 861 Propterea
615 802 669 846 de
702 802 776 848 illa
798 803 903 848 dicit
925 804 1156 863 Apostolus
1174 840 1184 860 ,
1215 824 1233 846 «
1255 804 1410 849 Adhuc
1439 821 1514 850 su-

138 891 158 913 »
193 873 602 932 pereminentiorem
625 874 735 917 viam
758 875 879 918 vobis
902 874 1192 919 demonstrol.
1225 894 1244 916 »
1269 876 1380 928 Quia
1401 876 1515 920 dixi-

135 960 231 988 mus
249 944 304 989 de
320 943 438 999 oleo,
465 945 567 1004 quia
590 946 897 1004 supereminet,
919 962 974 989 ne
997 946 1108 990 forte
1126 963 1215 991 non
1233 946 1286 990 de
1308 948 1516 991 charitate

133 1014 288 1058 dixerit
309 1014 569 1074 Apostolus,
601 1035 620 1057 «
648 1016 1117 1075 Supereminentiorem
1138 1017 1251 1061 viam
1290 1018 1412 1061 vobis
1437 1016 1515 1061 de-

137 1102 157 1125 »
192 1095 403 1140 monstro,
433 1086 702 1130 »audiamus
733 1086 838 1146 quid
862 1087 1056 1146 sequitur
1082 1106 1092 1131 ι
1123 1107 1141 1129 «
1168 1088 1209 1132 Si
1242 1086 1402 1145 linguis
1433 1088 1515 1131 ho—

137 1173 157 1196 »
192 1156 360 1199 minum
387 1155 544 1216 loquar
572 1166 614 1200 et
644 1156 909 1214 Angelorum
931 1192 941 1211 ‚
970 1158 1221 1200 charitatem
1262 1167 1517 1201 autemnon

137 1243 157 1267 n
193 1227 398 1281 habeam,
420 1226 559 1271 faetus
581 1243 675 1270 sum
701 1236 907 1285 tanquam
931 1236 1213 1270 aeramentum
1236 1242 1393 1270 sonans
1412 1262 1422 1280 ,
1444 1236 1519 1271 aut

139 1315 156 1336 2>
192 1297 441 1353 cymbalum
455 1297 658 1341 tinniens.
684 1315 703 1337 »
730 1300 900 1351 Inunc,
929 1300 1110 1351 Donate,
1139 1307 1180 1341 et
1197 1297 1352 1352 clama,
1376 1298 1518 1341 Disera

134 1374 203 1410 tus
236 1381 346 1410 sum.
376 1370 395 1410 Ι
420 1382 536 1411 1111110
553 1402 564 1420 ,
590 1377 633 1410 et
659 1366 798 1411 clama
815 1402 826 1421 ,
860 1370 1021 1411 Doctus
1056 1383 1166 1411 sum.
1194 1370 1416 1420 Quantum
1451 1368 1518 1412 di-

135 1439 304 1480 sertus?
335 1447 552 1496 quantum
583 1438 772 1481 doctus?
809 1438 1025 1497 numquid
1060 1437 1214 1495 linguis
1250 1438 1518 1496 Angelorum

134 1507 306 1552 loeutus
335 1511 407 1552 es?
439 1511 496 1552 Et
531 1518 675 1552 tamen
709 1509 741 1552 si
776 1508 933 1567 linguis
957 1509 1221 1567 Angelorum
1253 1508 1514 1568 loquereris,

134 1578 386 1622 charitatem
410 1594 499 1622 non
522 1579 701 1633 habens,
721 1578 913 1622 audirem
935 1595 1020 1623 aera
1041 1580 1235 1624 sonantia
1254 1589 1296 1623 et
1317 1579 1518 1637 cymbala

134 1649 363 1693 tinnentia.
387 1648 653 1694 Soliditatem
686 1649 875 1709 aliquam
901 1666 1075 1710 quaero,
1102 1650 1295 1694 fructum
1329 1650 1374 1693 in
1402 1650 1517 1694 foliis

134 1722 354 1765 inveniam
375 1741 384 1766 :
408 1737 498 1766 non
521 1721 607 1766 sint
627 1722 714 1766 sola
730 1722 860 1766 verba
878 1757 888 1777 ,
912 1723 1100 1766 habeant
1127 1722 1285 1766 olivam
1304 1758 1315 1777 ,
1341 1721 1520 1767 redeant

135 1792 189 1836 ad
205 1808 362 1836 aream.

191 1865 313 1907 XXI.
342 1862 425 1907 Sed
440 1898 451 1917 ‚
477 1863 645 1922 inquies
662 1898 672 1916 ,
698 1862 839 1906 habeo
858 1872 1190 1906 sacramentum.
1208 1865 1370 1905 Verum
1383 1860 1489 1906 dieis
1507 1881 1517 1907 ς

135 1932 577 1977 sacramentumdivin
585 1948 656 1976 um
666 1942 728 1975 est
741 1952 749 1976 :
762 1933 892 1975 habes
906 1932 1134 1991 baptisma,
1146 1942 1278 1990 etego
1291 1934 1517 1977 confiteor.

138 2002 222 2047 Sed
248 2003 355 2062 quid
377 2003 482 2046 dicit
504 2002 618 2046 idem
648 2001 910 2061 Apostolus?
937 2021 956 2043 «
983 2003 1025 2047 Si
1050 2002 1184 2046 sciero
1208 2002 1353 2045 omnia
1377 2017 1520 2045 saera-

141 2091 160 2113 »
195 2074 341 2117 menta
358 2108 369 2128 ,
397 2082 439 2117 et
455 2073 650 2117 habuero
674 2074 943 2131 prophetiam
959 2082 1001 2116 et
1019 2088 1191 2117 omnem
1210 2073 1341 2116 fidem
1360 2107 1370 2126 ,
1396 2072 1455 2115 ita
1472 2081 1522 2115 ut

138 2160 158 2183 »
192 2152 360 2186 montes
378 2142 634 2187 transferam
661 2163 670 2188 ς
699 2162 718 2184 »
746 2158 800 2186 ne
820 2142 933 2187 forte
957 2153 999 2186 et
1018 2144 1100 2186 hoe
1121 2142 1301 2197 diceres,
1322 2140 1518 2196 Credidi,

137 2213 298 2257 suffieit
313 2213 433 2256 mihi.
461 2213 545 2258 Sed
562 2213 670 2274 quid
691 2212 797 2258 dicit
819 2214 1036 2257 Jacobus‘?
1062 2232 1081 2255 «
1108 2216 1164 2257 Et
1185 2212 1404 2256 daemones
1426 2227 1521 2256 ere-

141 2302 161 2325 »
197 2284 307 2327 dunt
329 2292 372 2327 et
405 2285 792 2328 contremiscunt2.
822 2286 1019 2341 »Magna
1048 2292 1112 2327 est
1142 2284 1280 2338 fides,
1306 2282 1381 2326 sed
1413 2282 1524 2326 nihil

138 2354 315 2415 prodest
348 2356 381 2399 si
412 2371 501 2400 non
537 2355 697 2399 habeat
718 2355 987 2400 charitatem.
1012 2354 1345 2399 Confitebantur
1369 2362 1413 2397 et
1435 2353 1524 2397 dae-

139 2441 290 2470 mones
312 2426 549 2471 Christum.
575 2427 691 2484 Ergo
712 2424 931 2470 eredendo
948 2459 958 2479 ,
992 2424 1067 2468 sed
1097 2440 1187 2468 non
1214 2422 1433 2481 diligendo
1458 2422 1525 2466 di-

139 2496 298 2541 cebant
315 2530 327 2552 ,
347 2515 368 2539 «
392 2495 510 2550 Quid
531 2495 658 2540 nobis
678 2505 721 2540 et
738 2495 882 2541 1111139
901 2513 920 2536 »
944 2494 1098 2538 Fidem
1114 2493 1334 2538 habebant
1351 2527 1363 2549 ‚
1385 2492 1524 2538 chari-

190 2586 198 2602 ¹
223 2592 236 2613 1
258 2583 330 2614 Cor.
345 2591 401 2622 xn,
423 2580 602 2622 31‚etx111,
629 2591 658 2611 1.
681 2596 719 2601 -—-
737 2586 748 2601 ²
771 2577 884 2611 Jacob,
906 2589 943 2618 11,
962 2589 1078 2620 19.,-
1098 2575 1232 2610 3Marc.
1251 2589 1275 2618 1,
1296 2575 1352 2618 24.
