1819 3301
1732 221 1743 239 ἱ

368 282 419 319 12
787 290 820 320 s.
857 291 1088 321 Aucus-rim
1121 292 1301 320 muscom

363 355 636 416 praedictum.
670 359 841 402 Marcus
870 372 972 416 ergo
1005 356 1058 400 de
1093 357 1284 416 ipsarum
1319 371 1476 401 vocum
1509 354 1746 400 intervallis

363 427 533 487 planius
556 427 752 471 elocutus
774 437 852 482 est,
870 428 945 487 qui
967 426 1074 471 dixit
1095 443 1145 470 ex
1168 443 1349 486 persona
1366 427 1536 471 Domini
1558 445 1566 470 ε
1589 426 1748 469 «Prius

367 515 387 538 »
423 512 554 556 quam
575 497 638 540 bis
656 497 791 555 gallus
813 512 963 541 vocem
986 496 1177 551 dederit,
1204 507 1268 541 ter
1287 512 1354 551 me
1376 512 1419 540 es
1437 497 1742 553 negaturus1.»

367 570 432 611 Ita
457 577 623 625 gestum
644 583 732 611 esse
762 568 1011 627 apparebit,
1037 583 1136 612 curn
1161 568 1215 611 ad
1243 566 1446 611 eumdem
1477 565 1624 610 locum
1647 581 1749 609 nar-

308 636 313 640 “
366 637 542 680 rationis
568 637 826 695 evangelicae
848 638 1093 682 venerimus
1109 672 1120 693 ,
1146 647 1195 682 ut
1221 637 1350 681 etiam
1383 635 1472 680 illic
1495 635 1750 681 ostendatur

367 707 641 765 Evangelista
663 708 743 751 sibi
765 724 1019 767 congruere.

427 780 548 821 VIII.
573 779 615 822 Si
633 787 777 834 autem
801 789 1060 840 quaeruntur
1080 780 1169 838 ipsa
1191 779 1368 822 omnino
1390 778 1542 832 verba,
1559 793 1659 837 quae
1672 780 1751 821 Pe-

368 857 436 892 tro
454 848 661 893 Dominus
679 849 858 905 dixerit,
883 865 1026 909 neque
1043 849 1225 893 inveniri
1247 857 1444 908 possunt,
1463 858 1506 892 et
1527 848 1750 907 superfluo

369 927 656 976 quaeruntur,
688 934 788 962 cum
822 919 1033 962 sententia
1065 919 1157 978 ejus
1176 953 1186 972 ,
1211 927 1388 977 propter
1410 933 1540 977 quam
1564 932 1750 975 cognos-

369 988 549 1031 cendam
581 988 711 1031 verba
734 987 1016 1047 proferuntur
1031 1023 1041 1042 ,
1067 988 1195 1032 etiam
1219 989 1264 1031 in
1298 988 1473 1032 diversis
1496 986 1751 1045 Evangelis-

371 1066 511 1100 tarum
533 1058 672 1101 verbis
695 1059 824 1116 possit
847 1074 936 1102 esse
958 1058 1193 1102 notissima.
1224 1058 1319 1101 Sive
1341 1073 1443 1116 ergo
1466 1056 1643 1100 diversis
1664 1072 1752 1099 ser-

369 1142 551 1171 monum
585 1128 758 1172 Domini
796 1127 900 1173 loeis
934 1137 1177 1173 commotus
1212 1131 1364 1172 Petrus
1400 1126 1648 1186 singillatim
1687 1136 1754 1170 ter

370 1197 658 1241 enuntiaverit
674 1199 1057 1257 praesumptionem
1073 1212 1209 1252 suam,
1223 1206 1265 1241 et
1277 1198 1392 1241 terei
1405 1198 1613 1241 Dominus
1632 1212 1751 1239 suam

370 1266 642 1323 negationem
669 1267 917 1326 praedixerit
936 1303 946 1322 ,
969 1268 1079 1311 sicut
1098 1266 1364 1326 probabilius
1387 1266 1619 1324 indagatur
1638 1287 1648 1320 ς
1666 1266 1753 1309 sive

371 1334 517 1395 aliquo
543 1336 745 1380 narrandi
778 1337 930 1381 ordine
966 1338 1129 1397 possint
1157 1337 1353 1381 omnium
1378 1335 1751 1395 Evangelistarum

371 1407 801 1450 commemorationes
828 1407 874 1450 in
904 1423 1040 1451 unum
1065 1407 1223 1466 redigi,
1250 1407 1408 1466 quibus
1432 1406 1754 1451 demonstretur
1817 1419 1819 1431 ·

370 1475 501 1518 semel
522 1476 753 1520 Dominum
777 1478 1021 1536 praedixisse
1043 1482 1170 1522 Petro
1193 1478 1471 1537 praesumenti
1509 1476 1628 1537 quod
1651 1491 1751 1519 eum

372 1554 605 1603 negaturus
636 1556 770 1603 esset,
805 1546 924 1591 nulla
957 1548 1026 1591 hie
1064 1547 1438 1605 Evangelistarum
1465 1545 1753 1606 repugnantia

373 1616 640 1675 deprehendi
662 1617 845 1676 poterit,
870 1617 980 1661 sicut
1000 1617 1120 1660 nulla
1140 1626 1216 1660 est.

373 1772 1504 1788 mmmmmxmoemxmwmmwmumwwmzmmmmmmm
1511 1771 1753 1786 {AMVQSKWVSUB

893 1891 1109 1939 CAPUT
1150 1894 1240 1938 Hi.

588 2036 709 2097 Quae
725 2044 835 2094 post
854 2050 1043 2078 coenam
1065 2032 1195 2078 dieta
1221 2035 1266 2078 in
1289 2031 1555 2078 coenaculo.

437 2171 512 2212 IX.
538 2171 659 2213 Nttivc
688 2182 788 2225 ergo
810 2176 1023 2227 quantum
1050 2182 1276 2225 possumus
1292 2202 1302 2221 ,
1322 2167 1464 2226 ipsum
1487 2182 1537 2210 ex
1555 2166 1758 2210 omnibus

376 2239 571 2284 ordinem
594 2240 683 2298 jam
707 2253 954 2297 sequamur.
981 2239 1091 2281 Cum
1108 2237 1255 2296 itaque
1277 2237 1516 2280 secundum
1543 2239 1758 2280 ,Ioannem
1817 2285 1818 2294 ἵ

375 2310 458 2353 hoc
496 2313 622 2352 Petro
660 2308 915 2366 praedictum
945 2316 1073 2360 esset,
1115 2308 1311 2365 sequitur
1343 2307 1456 2349 idem
1481 2309 1691 2359 Joannes,
1717 2313 1759 2348 et

378 2378 564 2423 conserit
588 2378 756 2421 Domini
775 2392 1038 2431 sermonem,
1066 2376 1269 2420 dicentis:
1296 2396 1314 2416 «
1340 2379 1435 2419 Non
1462 2376 1664 2418 turbetur
1687 2390 1761 2418 eor
1816 2387 1817 2391 ’

382 2468 401 2490 >›
436 2458 642 2493 vestrum.
669 2447 851 2493 Creditis
874 2448 917 2490 in
934 2451 1068 2490 Deum
1085 2483 1095 2501 ,
1121 2457 1164 2490 et
1187 2448 1229 2490 in
1254 2462 1322 2490 me
1346 2446 1507 2490 credite
1534 2466 1542 2490 :
1565 2446 1609 2489 in
1630 2445 1762 2490 domo
1797 2486 1801 2490 .

384 2538 404 2559 »
444 2519 576 2561 Patris
611 2519 694 2562 mei
730 2518 970 2561 mansiones
1011 2517 1159 2561 multae
1184 2520 1314 2560 sunt²
1335 2552 1345 2570 ,
1378 2525 1460 2560 etc.
1489 2535 1508 2557 »
1547 2515 1762 2560 Sermonis

430 2619 437 2635 ¹
457 2614 560 2644 Marc.
580 2622 643 2652 xiv,
667 2613 717 2644 30⁴
737 2612 778 2634 -‘
799 2619 810 2633 ²
825 2615 916 2643 Joan.
939 2622 1001 2651 xiv,
1022 2623 1048 2642 1.

1816 2570 1818 2628 l

1816 2798 1819 2839 ι
