1819 3301
284 313 337 337 ns
368 309 575 338 CONSENSU
611 307 1023 345 EVANGELISTARUM,
1060 308 1141 334 Lm.
1169 308 1234 333 111.
1401 297 1455 332 25

82 394 101 416 »
137 383 233 434 post
254 373 456 433 pusillum
481 382 752 418 accesserunt
774 373 848 432 qui
870 373 1067 426 stabant,
1089 380 1129 415 et
1153 370 1354 414 dixerunt
1377 374 1457 413 Pe-

81 463 100 487 »
135 454 201 489 tro
221 464 230 489 ;
257 448 366 489 Vere
388 453 429 487 ct
453 453 501 488 tu
524 460 574 487 ex
598 443 680 487 illis
698 459 741 487 es
756 478 767 498 ‚
793 458 893 490 113111
916 451 959 486 et
979 441 1151 501 loquela
1166 449 1239 484 tua
1255 440 1459 484 manifes-

79 533 98 556 »
133 524 227 559 tum
254 524 296 558 te
320 513 433 558 facit.
462 517 583 558 Tunc
605 514 740 573 coepit
763 512 964 556 detestari
986 513 1211 572 etjurare‚
1238 511 1341 570 quia
1364 526 1454 554 non

79 603 99 626 »
134 585 318 628 novisset
335 584 554 628 hominem
581 603 589 628 :
616 592 658 627 et
679 583 887 627 continuo
918 581 1054 641 gallus
1080 581 1269 625 cantavit
1291 600 1300 624 :
1324 600 1343 621 »
1362 581 1456 624 haee

75 655 181 699 dicit
230 656 477 699 Matthaeus.
520 654 782 711 Intelligitur
829 663 973 698 autem
1015 652 1134 713 quod
1175 661 1455 712 posteaquam

76 726 177 769 exiit
197 724 312 769 foras
327 760 337 777 ‚
365 740 463 768 cum
482 726 571 783 jam
591 724 722 767 semel
744 733 962 782 negasset,
1000 724 1134 781 gallus
1157 723 1348 767 cantavit
1369 723 1458 782 pri-

75 811 171 839 mus
189 830 199 850 ,
221 795 341 855 quod
358 795 590 839 Matthaeus
610 803 751 849 tacet,
777 804 819 838 et
841 798 1011 839 Marcus
1039 794 1158 837 dicit.

130 868 296 909 XXIII.
330 868 425 910 Non
443 875 589 909 autem
611 864 713 910 foris
731 875 831 909 ante
852 867 1029 925 januam
1065 865 1222 907 iterum
1256 864 1453 922 negavit,

73 936 148 981 sed
169 952 270 981 cum
292 936 483 980 rediisset
499 935 553 979 ad
576 935 722 981 focum
745 955 753 980 :
780 935 957 995 quando
976 944 1119 979 autem
1143 933 1340 988 redierit,
1367 949 1457 978 non

72 1023 179 1066 opus
201 1016 292 1051 erat
323 1022 680 1051 commemorare.
707 1010 878 1050 Marcus
902 1021 1004 1063 ergo
1037 1005 1096 1049 sic
1129 1004 1239 1048 illud
1276 1013 1452 1048 narrat:

77 1096 97 1119 «
131 1080 188 1121 Et
207 1077 307 1121 exiit
334 1077 448 1121 foras
470 1085 570 1120 31110
597 1076 754 1120 atrium
775 1111 784 1130 ‚
809 1085 852 1119 et
875 1074 1013 1133 gallus
1048 1075 1252 1119 cantavit.
1290 1077 1455 1117 Rursus

12 1152 23 1157 “
75 1165 95 1189 »
131 1156 275 1192 autem
295 1163 395 1192 cum
411 1146 603 1191 vidissset
622 1146 745 1190 illum
766 1145 935 1200 ancilla,
956 1146 1090 1204 coepit
1107 1145 1250 1188 dicere
1272 1145 1456 1188 circum-

74 1235 94 1259 »
128 1217 364 1271 stantibus,
389 1217 499 1270 Quia
522 1217 592 1260 hic
613 1232 662 1260 ex
678 1215 760 1259 illis
777 1225 854 1259 est.
877 1219 932 1259 At
952 1214 1024 1258 ille
1046 1215 1202 1258 iterum
1221 1214 1408 1271 negavit.
1432 1232 1451 1253 »

71 1290 174 1332 Haec
195 1303 297 1332 vero
316 1287 470 1332 ancilla
497 1303 585 1331 non
603 1286 769 1341 eadem,
787 1285 860 1330 sed
876 1285 955 1330 alia
979 1295 1057 1339 est,
1079 1285 1189 1329 sicut
1211 1284 1315 1328 dicit
1339 1287 1453 1328 Mat-

70 1359 224 1402 thaeus.
249 1360 359 1403 Sane
380 1359 464 1402 1100
486 1373 662 1417 quoque
684 1356 956 1415 intelligitur,
983 1355 1083 1415 quia
1105 1355 1149 1398 in
1172 1354 1361 1398 secunda
1375 1370 1450 1397 ne-

72 1430 244 1488 gatione
265 1445 289 1473 a
312 1429 485 1474 duobus
515 1428 799 1487 compellatus
816 1436 878 1471 est
895 1463 905 1481 ‚
931 1436 973 1470 et
996 1427 1051 1470 ab
1073 1425 1228 1470 ancilla
1252 1424 1415 1469 scilicet
1435 1461 1445 1480 ‚

70 1515 202 1560 quam
215 1509 559 1544 commemorant
576 1499 809 1543 Matthaeus
825 1507 867 1542 et
881 1501 1068 1551 Marcus,
1084 1497 1193 1540 0131)
1207 1496 1306 1551 alio,
1323 1511 1452 1556 quem

67 1581 378 1614 commemorat
401 1573 553 1613 Lucas.
583 1570 648 1613 Sic
667 1569 780 1612 enim
800 1569 883 1612 hoc
906 1577 1050 1611 narrat
1074 1570 1212 1610 Lucas
1231 1586 1238 1611 :
1260 1586 1279 1607 «
1301 1570 1453 1609 Petrus

71 1658 91 1680 »
125 1655 228 1684 vero
248 1639 510 1699 sequebatur
530 1656 551 1682 a
575 1639 719 1697 longe.
743 1642 935 1682 Accenso
959 1646 1103 1680 autem
1126 1637 1224 1693 igne
1240 1636 1286 1678 in
1308 1635 1452 1679 medio

72 1729 92 1752 »
128 1711 236 1754 atrio
256 1746 267 1765 ⁷
304 1720 348 1755 et
369 1709 787 1754 circumsedentibus
810 1708 891 1752 illis
908 1743 918 1762 ‚
954 1716 1044 1751 erat
1068 1711 1218 1751 Petrus
1240 1707 1284 1749 in
1308 1705 1451 1750 medio

68 1799 87 1822 »
123 1796 287 1825 eorum.
315 1783 452 1834 Quem
479 1796 578 1823 011111
609 1779 781 1823 vidisset
810 1777 964 1822 ancilla
986 1777 1187 1837 qusedam
1226 1775 1450 1819 sedentem

66 1870 87 1893 »
122 1851 177 1895 ad
198 1850 346 1895 lumen
364 1886 374 1905 ‚
400 1860 442 1894 et
479 1866 578 1893 eum
618 1848 764 1892 suisset
786 1849 940 1892 intuita
958 1883 968 1902 ‚
1001 1847 1107 1891 dixit
1136 1866 1143 1890 :
1167 1849 1220 1889 Et
1245 1847 1314 1890 hic
1350 1861 1449 1890 cum

66 1940 86 1964 »
120 1921 196 1965 illo
216 1931 321 1965 erat.
348 1924 403 1965 At
432 1920 505 1964 ille
528 1920 700 1978 negavit
722 1935 843 1973 eum,
860 1919 1008 1963 dicens
1027 1938 1034 1962 :
1054 1917 1224 1971 Mulier⁷
1247 1933 1334 1961 non
1351 1917 1449 1961 novi

66 2009 86 2032 »
121 1991 261 2035 illum.
287 1994 343 2034 Et
364 2000 461 2050 post
477 1989 683 2049 pusillum
706 1987 814 2032 alius
830 1988 981 2032 videns
1002 2004 1102 2031 eum
1121 2023 1131 2041 ,
1157 1987 1288 2031 dixit:
1318 1991 1373 2031 Et
1401 1996 1447 2030 tu

65 2080 85 2104 »
121 2063 176 2106 de
196 2061 278 2105 illis
300 2063 375 2105 es?
397 2079 415 2101 »
448 2063 540 2104 Hoc
562 2076 665 2118 ergo
687 2060 807 2119 quod
832 2063 968 2103 laicas
991 2060 1049 2102 ait
1074 2079 1081 2102 :
1113 2078 1130 2099 «
1159 2062 1214 2102 Et
1236 2068 1334 2117 post
1365 2074 1448 2117 pu-

64 2152 84 2175 »
119 2132 290 2188 sillum,
316 2133 443 2192 »jam
472 2147 662 2190 egressus
685 2139 776 2174 erat
800 2134 950 2174 Petrus
979 2132 1182 2189 januam,
1209 2139 1251 2172 ct
1280 2129 1445 2188 primus

61 2203 199 2262 gallus
231 2211 478 2247 cantaverat
505 2203 711 2261 :jamque
740 2201 949 2255 redierat,
987 2210 1036 2244 111
1071 2199 1445 2259 quemadmodum

60 2274 165 2319 dicit
185 2277 394 2328 Joannes,
424 2273 479 2316 ad
510 2272 654 2316 focmn
690 2282 805 2316 stans
834 2272 991 2315 iterum
1026 2280 1217 2330 negaret.
1256 2273 1445 2314 Joannes

60 2346 176 2390 enim
197 2345 241 2388 in
258 2345 396 2404 prima
422 2344 650 2401 negatione
669 2343 805 2398 Petri,
832 2359 920 2387 non
941 2342 1079 2386 solum
1115 2342 1169 2385 de
1187 2342 1325 2401 primo
1343 2340 1445 2398 galli

57 2424 190 2459 0311111
212 2423 349 2469 tacet,
375 2413 485 2458 sicut
506 2413 666 2467 caeteri,
693 2422 871 2472 excepto
892 2416 1060 2467 Marco3
1083 2412 1159 2455 sed
1179 2411 1307 2455 etiam
1324 2411 1443 2470 quod

58 2486 279 2530 sedentem
296 2484 350 2528 ad
376 2484 518 2542 ignem
542 2484 793 2541 cognoverit
816 2483 987 2537 ancilla,
1010 2499 1097 2526 non
1113 2491 1438 2525 commemorat.

58 2558 151 2600 Hoc
164 2555 279 2598 enim
302 2563 474 2598 tantum
496 2554 554 2598 ait
580 2573 588 2598 :
614 2568 630 2589 α
669 2554 780 2597 Dicit
796 2568 897 2611 ergo
921 2557 1050 2597 Petro
1068 2551 1224 2596 ancilla
1243 2551 1437 2606 ostiaria,

61 2643 81 2666 »
115 2624 339 2684 Numquid
360 2633 402 2668 et
424 2633 471 2668 tu
503 2624 571 2667 de,
591 2622 816 2682 Discipulis
844 2638 888 2667 es
925 2622 1110 2667 hominis
1147 2621 1293 2666 istius?
1329 2621 1441 2665 Dicit
