1819 3301
377 262 429 299 98
802 268 833 296 s.
873 268 1102 296 Aucusnffl
1136 267 1317 294 Emscom

377 337 458 396 ipsi
479 336 678 396 primitus
698 335 874 378 fuerant
894 332 1178 392 objurgandi,
1205 330 1325 391 quod
1352 340 1585 389 antequam
1610 328 1760 373 Domi-
1791 316 1797 324 i

374 422 482 451 num
510 406 744 459 vidissent,
784 420 871 449 non
895 402 1177 448 crediderunt
1210 402 1269 446 eis
1301 401 1461 460 quibus
1492 399 1609 458 prius
1628 413 1763 457 appa-

376 477 544 521 ruisset.

432 549 653 592 LXXVII.
686 548 809 590 Hanc
842 553 987 588 autem
1023 543 1298 588 novissimam
1327 542 1461 585 fuisse
1481 539 1763 599 corporaliter

372 619 418 662 in
439 627 554 662 terra
576 615 1003 674 repraesentationem
1039 613 1213 657 Domini
1236 611 1451 672 Apostolis
1466 646 1477 666 ,
1501 611 1631 654 etiam
1652 609 1764 653 illud

372 688 581 733 admonet
603 696 652 731 ut
679 685 934 740 credamus,
971 684 1091 745 quod
1112 685 1171 728 ita
1195 684 1392 743 seqnitur
1414 681 1531 726 idem
1559 684 1730 726 Marcus
1751 699 1760 724 :

379 778 400 801 «
436 759 566 816 Signa
582 766 727 801 autem
749 772 822 801 eos
838 755 914 815 qui
936 754 1201 799 crediderint
1220 755 1314 797 haec
1331 762 1590 813 sequentur:
1616 754 1668 795 In
1684 765 1765 795 no-

377 847 398 870 »
433 828 549 872 mine
570 842 667 872 meo
694 826 911 870 daemonia
933 825 1128 884 ejicient,
1162 823 1322 882 linguis
1354 823 1592 883 loquentur
1611 820 1734 866 novis
1751 839 1764 864 2

375 916 396 939 »
430 907 650 957 serpentes
673 895 825 940 tollent
841 930 856 950 ,
881 903 926 938 et
947 893 982 938 si
1004 893 1279 937 mortiferum
1303 892 1411 952 quid
1435 891 1649 946 biberint,
1675 905 1766 935 non

380 986 400 1009 »
435 968 494 1011 eis
515 967 691 1011 nocebit
718 984 727 1009 :
753 979 881 1023 super
907 972 1093 1022 aegrotos
1126 978 1283 1007 manus
1314 963 1563 1021 imponent,
1589 970 1632 1005 et
1654 960 1767 1004 bene

380 1031 400 1079 >5
435 1037 677 1082 habebunt.
706 1054 726 1076 »
748 1033 914 1078 Deinde
940 1033 1169 1094 subjungit
1194 1053 1203 1078 ε
1235 1053 1255 1075 α
1279 1036 1336 1077 Et
1356 1033 1565 1077 Dominus
1587 1030 1767 1091 quidem

383 1127 404 1150 »
436 1117 671 1168 postquam
694 1106 868 1150 locutus
889 1115 953 1149 est
969 1106 1050 1159 eis,
1083 1117 1323 1163 assumptus
1346 1113 1410 1148 est
1441 1104 1485 1147 in
1507 1102 1671 1148 coelum
1688 1136 1699 1157 ,
1725 1110 1768 1145 et

382 1197 404 1220 »
437 1178 549 1223 sedit
579 1194 602 1221 a
625 1177 785 1220 dextris
813 1176 902 1220 Dei.
928 1175 997 1219 Illi
1019 1184 1166 1218 autem
1192 1174 1397 1234 profecti,
1420 1173 1768 1233 praedicaverunt

382 1267 402 1290 »
438 1248 601 1307 ubique
622 1247 809 1290 Domino
838 1254 1123 1304 cooperante,
1149 1253 1192 1288 et
1217 1260 1462 1288 sermonem
1483 1244 1769 1288 confirmante

383 1336 402 1359 »
438 1316 720 1377 sequentibus
743 1316 874 1373 signis
890 1316 921 1357 1.
951 1332 970 1355 n
1002 1316 1115 1359 Cum
1135 1330 1238 1373 ergo
1260 1314 1366 1358 dicit
1393 1333 1402 1358 ι
1439 1332 1459 1356 (ι
1482 1316 1539 1357 Et
1560 1313 1770 1359 Dominus

384 1406 404 1428 »
439 1387 618 1447 quidem
640 1395 873 1446 postquam
895 1384 1064 1428 locutus
1086 1393 1149 1427 est
1170 1385 1229 1428 eis
1246 1419 1256 1438 ,
1283 1392 1526 1442 assumptus
1546 1392 1609 1427 est
1626 1383 1672 1426 in
1685 1396 1772 1426 coe·

383 1475 404 1498 »
439 1456 561 1512 lum,
590 1475 608 1497 »
635 1456 734 1499 satis
755 1455 929 1499 videtur
951 1454 1179 1498 ostendere
1202 1454 1483 1498 novissimum
1501 1468 1603 1497 cum
1623 1451 1706 1495 illis
1726 1451 1773 1494 in

384 1536 497 1570 terra
518 1527 636 1571 hunc
664 1541 764 1569 eum
786 1524 986 1568 habuisse
1008 1539 1251 1568 sermonem
1271 1544 1278 1567 :
1305 1523 1502 1583 quamvis
1520 1538 1609 1567 non
1632 1520 1774 1566 omni-

386 1596 518 1641 modo
542 1596 596 1640 ad
617 1595 662 1640 id
686 1604 904 1640 coarctare
926 1594 1138 1638 videatur.
1163 1597 1262 1639 Non
1284 1594 1400 1637 enim
1423 1594 1482 1638 ait
1506 1612 1514 1637 :
1540 1596 1772 1652 Postquam

389 1668 481 1711 haec
494 1666 667 1710 locutus
681 1674 744 1708 est
765 1665 824 1707 eis
840 1685 850 1721 3
868 1664 959 1718 sed,
976 1667 1242 1723 «Postquam
1257 1664 1430 1707 locutus
1451 1672 1515 1707 est
1531 1663 1610 1706 eis:
1626 1660 1776 1707 »unde

388 1737 600 1791 admittit,
626 1736 660 1779 si
682 1735 912 1779 necessitas
935 1744 1110 1792 cogeret
1126 1769 1137 1789 ,
1173 1750 1263 1779 non
1289 1735 1414 1778 istam
1445 1733 1573 1778 fuisse
1594 1732 1775 1777 novissi—

390 1824 505 1852 mam
521 1808 789 1852 locutionem
806 1842 816 1861 ,
838 1821 918 1850 nec
938 1807 1068 1850 istum
1090 1807 1219 1850 fuisse
1237 1806 1518 1850 novissimum
1543 1805 1675 1860 diem,
1689 1819 1778 1863 quo

390 1881 448 1924 eis
471 1881 516 1923 in
544 1889 657 1923 terra
685 1894 871 1937 praesens
894 1877 977 1921 fuit
995 1913 1005 1935 ,
1025 1877 1099 1922 sed
1122 1876 1176 1921 ad
1195 1878 1340 1921 omnia
1360 1891 1468 1936 quae·
1482 1892 1583 1921 cum
1603 1877 1662 1920 eis
1680 1891 1777 1920 om-

391 1951 520 1995 nibus
552 1949 636 1993 illis
669 1949 823 1993 diebus
846 1949 1018 1993 locutus
1041 1958 1125 2002 est,
1162 1964 1286 2007 posse
1305 1948 1521 2007 pertinere
1543 1947 1663 2007 quod
1687 1946 1780 1990 dic-
1818 1996 1819 2001 Ἰ

395 2030 490 2065 tum
512 2030 604 2064 est:
634 2039 653 2061 «
680 2023 915 2078 Postquam
948 2018 1120 2063 locutus
1152 2029 1216 2062 est
1251 2019 1310 2062 eis
1329 2053 1339 2073 ,
1375 2027 1619 2077 assumptus
1649 2016 1780 2061 estin
1818 2009 1819 2014 ¹

398 2109 418 2132 »
454 2091 629 2135 coelum.
656 2108 675 2130 »
711 2089 793 2134 Sed
812 2089 913 2149 quia
940 2105 989 2132 ea
1012 2105 1110 2149 quae
1127 2105 1256 2147 supra
1278 2089 1467 2132 diximus
1487 2123 1498 2142 ,
1523 2089 1659 2146 magis
1680 2102 1781 2131 sua-

395 2161 502 2205 dent
531 2162 650 2204 hunc
672 2160 954 2203 novissimum
979 2159 1094 2202 diem
1118 2159 1249 2203 fuisse
1266 2194 1276 2213 ‚
1300 2174 1432 2218 quam
1464 2167 1513 2202 ut
1533 2157 1780 2221 intelligan-

396 2239 468 2275 tur
491 2229 693 2275 undecim
717 2230 792 2288 qni
813 2230 978 2272 Thoma
995 2228 1172 2273 absente
1187 2227 1338 2272 decem
1360 2227 1670 2272 fueruntzideo
1688 2235 1785 2286 post

396 2301 508 2344 hanc
539 2299 806 2344 locutionem
838 2313 970 2358 quam
1000 2301 1170 2342 Marcus
1199 2306 1539 2352 commemorat,
1571 2296 1783 2357 adjunctis

396 2370 528 2415 etiam
555 2378 871 2427 consequenter
898 2368 981 2412 illis
1005 2368 1163 2421 verbis,
1190 2366 1260 2411 vel
1282 2367 1601 2426 Discipulorum
1622 2366 1691 2411 vel
1712 2367 1781 2426 ip-

397 2439 511 2493 sius,
547 2455 646 2498 quae
676 2446 1075 2482 commemorantur
1110 2437 1155 2481 in
1188 2436 1370 2481 Actibus
1407 2436 1780 2496 Apostolorum²‚

400 2508 667 2552 credendum
699 2517 761 2551 est
794 2517 1062 2567 assumptum
1096 2509 1330 2552 Dominum
1370 2507 1415 2552 in
1451 2506 1640 2562 coelum,
1676 2521 1785 2567 qua-

451 2593 457 2608 ¹
479 2594 573 2624 Marc.
596 2603 663 2631 xvi,
685 2600 801 2633 ις’-20.
823 2607 864 2614 -—
880 2598 892 2614 ²
908 2593 980 2625 Act.
1004 2603 1027 2633 ι,
1043 2590 1075 2633 4.
