1819 3301
320 302 374 327 nr:
407 302 617 328 consensu
650 299 1062 340 EVANGELISTARUM,
1100 304 1180 329 Lm.
1217 305 1282 331 111.
1410 297 1486 333 101

116 383 136 407 »
172 366 309 410 omnis
330 374 517 425 potestas
549 367 594 409 in
619 365 731 410 coelo
750 375 792 410 et
813 366 858 410 in
879 375 991 410 terra
1014 386 1024 411 :
1045 377 1197 412 euntes
1219 383 1322 427 ergo
1338 368 1491 415 docete

114 453 135 476 »
170 451 318 479 omnes
342 445 515 494 gentes,
543 437 808 495 baptizantes
829 452 899 481 eos
926 438 971 480 in
992 438 1168 482 nomine
1191 438 1328 482 Patris
1357 448 1400 483 et
1422 440 1492 483 Fi-

113 523 134 546 »
169 505 215 548 lii
242 515 284 549 et
309 506 488 565 Spiritus
509 507 673 563 sancti3
699 505 903 551 docentes
925 523 996 552 eos
1020 523 1188 558 servare
1209 509 1353 552 omnia
1370 525 1492 569 quae-

113 593 133 616 »
169 591 357 635 cumque
388 575 590 620 mandavi
623 575 745 620 vobis
774 596 782 620 :
819 579 875 620 Et
905 592 1005 622 ecce
1033 592 1111 635 ego
1135 577 1359 622 vobiscum
1395 594 1492 623 sum

112 665 132 688 >›
168 647 372 691 omnibns
394 648 546 691 diebus
567 662 705 706 usque
728 647 782 690 ad
799 649 1217 693 consummationem
1239 647 1410 694 saeculi¹
1431 669 1440 694 :
1467 668 1488 692 υ

48 744 51 748 -
109 717 168 761 ita
191 711 422 761 Matthaeus
444 717 597 761 clausit
619 716 903 774 Evangelium
922 733 1065 761 suum.

169 790 345 830 LXXX.
369 791 430 831 Ac
452 803 528 847 per
554 789 637 832 hoc
659 789 692 831 si
715 787 895 831 aliorum
917 787 1200 832 consideratae
1225 790 1491 835 narrationes

108 856 162 900 ad
195 856 510 914 diligentiorem
533 857 858 917 inquisitionem
887 873 975 901 non
1012 858 1344 917 compellerent,
1382 861 1492 904 nihil

107 925 225 970 aliud
261 927 570 970 arbitraremur
607 928 689 970 nisi
727 927 961 971 Dominum
1003 938 1101 986 post
1134 930 1492 975 resurrectionem

108 1011 321 1055 nusquam
346 1006 503 1055 praeter
524 997 570 1039 in
597 995 772 1040 Galilaea
795 997 983 1055 primum
1003 1012 1091 1041 esse
1119 1013 1141 1041 a
1173 998 1398 1058 Discipulis
1421 1000 1489 1045 vi-

108 1081 217 1109 sum.
244 1069 354 1109 Item
373 1101 383 1121 ,
419 1067 453 1110 si
475 1069 645 1110 Marcus
683 1066 738 1109 de
760 1065 832 1110 illa
854 1067 1219 1124 praenuntiatione
1238 1068 1395 1126 Angeli
1419 1079 1488 1113 ta·-

107 1136 278 1191 cuisset,
299 1145 440 1195 posset
459 1137 662 1196 cuiquam
684 1137 828 1195 putari
846 1138 1078 1181 Matthaeus
1099 1138 1199 1182 ideo
1221 1138 1372 1182 dixisse
1392 1141 1487 1184 Dis-

107 1206 272 1266 cipulos
286 1207 437 1250 abiisse
458 1208 500 1250 in
520 1206 738 1250 Galilaeam
759 1207 804 1249 in
822 1216 1031 1261 montem,
1054 1217 1185 1267 atque
1206 1208 1267 1251 ibi
1289 1210 1487 1256 adorasse

106 1277 338 1320 Dominum
357 1311 367 1329 ‚
395 1285 445 1320 ut
476 1276 702 1334 impletum
735 1276 953 1319 videretur
980 1277 1099 1336 quod
1126 1278 1216 1336 ipse
1245 1293 1321 1337 per
1344 1283 1490 1339 Ange-

104 1345 194 1389 lum
221 1345 473 1389 mandatum
511 1362 559 1389 ac
581 1346 921 1404 praenuntiatum
956 1362 1045 1390 esse
1075 1359 1334 1393 narraverat.
1362 1353 1489 1397 Nunc

106 1426 248 1459 autem
283 1425 325 1459 ct
357 1419 493 1459 Lucas
528 1425 569 1459 ct
601 1419 790 1460 ,Ioannes
824 1417 922 1459 satis
953 1416 1144 1461 dilucide
1166 1418 1489 1466 manifestantes

105 1486 197 1544 ipso
220 1486 289 1529 die
313 1485 633 1529 resurrectionis
655 1487 744 1545 ejus
766 1485 906 1529 visum
929 1502 1018 1530 esse
1041 1488 1274 1531 Dominum
1297 1490 1341 1533 in
1366 1494 1489 1535 Jeru-

104 1556 236 1599 salem
274 1573 297 1600 a
336 1555 563 1614 Discipulis
587 1556 672 1599 suis
688 1558 720 1609 ²,
747 1556 863 1599 unde
884 1557 942 1599 ita
978 1556 1107 1615 longe
1127 1567 1190 1600 est
1210 1559 1385 1603 Galilaea
1402 1596 1412 1616 ‚
1438 1572 1489 1606 ut

103 1642 193 1669 uno
218 1625 288 1669 die
310 1626 365 1669 ab
395 1626 453 1669 eis
472 1634 658 1684 utroque
673 1625 777 1669 'loco
791 1625 927 1670 videri
946 1642 1033 1670 non
1057 1636 1226 1685 posset3
1252 1637 1293 1671 et
1316 1632 1505 1675 Marcus*

103 1695 221 1739 illam
244 1695 423 1756 quidem
446 1695 771 1755 praedictionem
807 1696 959 1753 Angeli
996 1697 1192 1741 similiter
1213 1715 1414 1755 narrans,
1441 1702 1488 1745 in

104 1765 278 1809 Galilaea
312 1780 413 1809 vero
436 1766 574 1808 visum
599 1781 621 1807 a
646 1765 873 1822 Discipulis
892 1766 1126 1809 Dominum
1148 1776 1244 1825 post
1267 1784 1486 1814 resurrec-

105 1839 266 1882 tionem
284 1851 495 1896 nusquam
513 1850 875 1879 commemorans:
893 1837 1173 1880 vehementer
1187 1850 1351 1896 cogunt
1364 1857 1489 1899 quae-

103 1925 196 1952 rere
228 1908 600 1968 quemadmodum
625 1907 793 1951 dictum
814 1908 866 1951 sit
887 1927 894 1951 :
922 1927 940 1949 «
966 1911 1079 1952 Ecce
1102 1910 1309 1968 praecedit
1346 1928 1420 1956 vos
1442 1914 1488 1958 in

106 1997 126 2019 n
163 1978 400 2030 Galilaeam,
423 1978 600 2020 ibicum
624 1976 838 2020 videbitis.
867 1995 886 2017 »
906 1980 1015 2022 Nam
1038 1979 1187 2037 etipse
1204 1981 1436 2026 Matthaeus
1457 1984 1489 2026 si

103 2049 280 2093 omnino
302 2064 389 2091 non
413 2048 597 2101 (liceret,
633 2047 834 2090 undecim
860 2048 1101 2106 Discipulos
1119 2048 1271 2093 abiisse
1293 2051 1336 2094 in
1362 2068 1489 2097 mon-

102 2128 189 2162 tem
220 2119 263 2161 in
288 2117 509 2161 Galilaeam
528 2152 537 2170 ‚
569 2116 644 2159 uhi
668 2117 951 2159 constituerat
972 2117 1030 2160 eis
1052 2120 1196 2172 Jesus,
1222 2128 1264 2162 ct
1282 2119 1368 2164 illic
1387 2137 1487 2166 eum

101 2188 254 2233 vidisse
279 2197 409 2246 atque
432 2187 627 2230 adorasse
646 2221 656 2239 ,
682 2185 786 2229 nihil
819 2201 867 2229 ex
891 2187 972 2229 hac
990 2187 1271 2245 praedictione
1289 2191 1484 2249 comple-

101 2268 194 2304 tum
217 2258 272 2302 ad
300 2258 487 2301 litteram
509 2266 759 2316 putaremus
773 2291 783 2311 ‚
805 2256 879 2300 sed
901 2266 1042 2301 totum
1062 2258 1245 2316 figurata
1264 2260 1482 2318 significa-

99 2330 216 2374 tione
242 2328 499 2387 praedictum
527 2346 535 2370 ε
557 2327 667 2370 sicut
692 2325 804 2370 illud
840 2326 1082 2371 secundum
1105 2330 1266 2372 Lucam
1292 2349 1300 2373 ;
1328 2349 1347 2371 «
1367 2333 1481 2376 Ecce

100 2419 120 2441 »
154 2398 285 2443 hodie
307 2408 350 2442 et
381 2413 471 2442 cras
494 2397 616 2457 ejicio
647 2397 862 2441 daemonia
881 2432 891 2452 ,
921 2406 964 2441 et
982 2398 1184 2442 sanitates
1205 2400 1408 2457 perficio,
1433 2412 1478 2447 et

100 2487 120 2510 »
157 2469 282 2513 tertia
304 2469 610 2512 consummor3
630 2484 675 2524 3»
697 2466 818 2527 quod
839 2466 894 2511 ad
908 2466 1098 2512 litteram
1120 2477 1287 2513 certum
1308 2479 1371 2515 est
1385 2486 1476 2516 non

149 2570 158 2587 ¹
182 2563 296 2595 Matth.
317 2573 428 2603 xxviii,
451 2562 560 2594 16-20.
580 2579 622 2585 —-
649 2568 661 2585 ²
680 2564 758 2594 Luc.
790 2573 880 2603 xnv,
904 2563 958 2604 33,
981 2567 1014 2596 et
1040 2566 1133 2597 Joan.
1154 2574 1209 2606 xx,
1231 2575 1282 2606 ¹9·
1307 2581 1347 2590 ν·-
1368 2563 1382 2589 3
1402 2567 1481 2600 Luc.

101 2630 170 2661 xin,
189 2620 250 2657 323
268 2619 340 2652 vide
358 2629 453 2661 supra
469 2618 525 2652 lib.
551 2629 589 2660 n,
609 2628 680 2661 cap.
702 2628 797 2662 mxv,
815 2629 846 2652 n.
870 2617 943 2659 145.
