1819 3301
331 265 412 303 238
750 274 784 304 s.
821 274 1051 304 AUGUSTINI
1084 276 1265 303 Emscom

327 342 478 388 cedem
496 342 600 387 huic
629 342 789 387 saeculo
819 341 1145 387 conformemur
1160 376 1171 396 ‚
1196 350 1240 385 et
1259 341 1507 387 amittamus
1529 345 1716 403 promis-

328 417 492 458 sionem
522 422 644 458 tanto
673 412 883 457 solidioris
912 422 1042 472 atquc
1071 412 1293 468 firmioris,
1320 422 1486 473 quanto
1503 413 1716 460 interioris

326 483 623 538 beatitudinis,
649 499 735 543 qua
756 498 834 527 nos
856 474 986 540 elegit
1007 485 1120 528 Deus
1138 481 1384 528 conformes
1406 483 1500 528 fieri
1516 484 1716 545 imaginis

328 556 425 599 Filii
449 557 554 615 cjus.

385 629 501 670 XLI.
520 629 572 669 In
591 626 674 669 hoc
692 634 838 669 autem
859 624 1050 685 capitulo
1071 624 1256 669 maxime
1278 625 1717 673 animadvertendum

326 707 414 751 est,
440 712 529 740 non
551 696 596 739 in
618 694 710 740 solo
733 712 876 740 rerum
897 711 1204 756 corporearum
1225 697 1367 740 nitore
1389 706 1520 757 atque
1535 713 1712 758 pompa,

325 767 399 811 sed
420 767 550 811 etiam
568 767 611 811 in
625 767 724 826 ipsis
739 766 938 811 sordibus
953 766 1164 812 luctuosis
1182 782 1271 811 esse
1289 783 1412 827 posse
1430 769 1684 828 jactantiam
1701 790 1714 827 3

325 848 368 882 ct
389 854 439 883 co
462 837 836 898 periculosiorem,
862 854 950 898 quo
972 838 1054 882 sub
1078 838 1256 881 nomine
1289 839 1508 883 servitutis
1536 839 1613 883 Dei
1635 839 1715 883 de-

324 910 441 969 cipit.
474 909 559 963 Qui
589 925 692 968 ergo
716 908 1003 953 immoderato
1026 908 1150 953 cultu
1172 909 1364 968 corporis
1387 918 1518 970 atque
1534 910 1716 955 vestitus

323 980 391 1024 vel
413 989 667 1024 caeterarum
687 995 833 1023 rerum
851 979 991 1024 nitore
1013 978 1246 1038 praefulget
1265 1014 1276 1034 ‚
1293 978 1420 1024 facile
1441 980 1716 1025 convincitur

324 1053 452 1096 rebus
486 1052 587 1111 ipsis
604 1087 614 1107 ,
640 1066 901 1111 pomparum
924 1049 1069 1095 saeculi
1102 1065 1191 1094 esse
1213 1059 1424 1107 sectator,
1458 1067 1538 1096 nec
1559 1067 1716 1112 quem-

323 1137 455 1182 quam
479 1120 590 1165 sallit
611 1121 759 1166 dolosa
783 1121 967 1178 imagine
985 1120 1222 1164 sanctitatis
1243 1140 1253 1166 ι
1278 1121 1353 1181 qui
1375 1130 1522 1165 autem
1544 1123 1589 1166 in
1610 1137 1714 1181 pro-

324 1193 506 1236 fessione
528 1192 850 1235 christianitatis
880 1191 1086 1235 inusitato
1112 1189 1312 1250 squalore
1343 1207 1391 1235 ac
1414 1191 1614 1236 sordibus
1648 1193 1715 1237 in·-

327 1273 465 1308 tentos
499 1264 545 1306 in
574 1278 617 1306 se
650 1261 798 1306 oculos
837 1263 1067 1305 hominum
1100 1260 1232 1315 facit,
1270 1276 1371 1305 cum
1408 1261 1453 1305 id
1489 1260 1715 1307 voluntate

323 1333 451 1388 facit,
478 1349 567 1376 non
595 1332 846 1376 necessitate
870 1332 1034 1390 patitur
1054 1366 1065 1386 ,
1098 1332 1263 1375 caeteris
1284 1333 1376 1392 ejus
1398 1332 1602 1390 operibus
1633 1349 1714 1393 po-

324 1414 405 1448 test
435 1405 617 1464 conjici,
653 1413 802 1447 utrum
826 1403 910 1447 hoc
941 1412 1200 1461 contemptu
1221 1402 1432 1461 superflui
1452 1401 1596 1446 cultus
1614 1439 1624 1458 ‚
1659 1420 1715 1448 an

324 1477 557 1521 ambitione
580 1474 722 1534 aliqua
742 1474 872 1518 faciat
892 1495 902 1531 3
924 1474 1025 1534 quia
1048 1482 1091 1516 et
1109 1474 1190 1517 sub
1213 1475 1340 1517 ovina
1363 1473 1476 1532 pelle
1499 1475 1715 1519 cavendos

321 1548 446 1608 lupos
465 1548 676 1591 Dominus
705 1546 903 1605 praecipit
925 1565 934 1590 ε
965 1565 982 1586 «
1007 1544 1091 1589 Sed
1107 1561 1157 1588 cx
1180 1543 1395 1589 fructibus
1412 1580 1422 1599 ‚
1443 1545 1588 1605 inquit
1605 1581 1615 1601 7
1637 1561 1714 1590 eo-

324 1639 344 1662 »
381 1634 477 1663 rum
500 1619 768 1677 cognoscetis
799 1633 870 1661 eos
886 1619 916 1659 ¹.
948 1635 967 1657 »
987 1618 1098 1660 Cum
1118 1616 1234 1659 enim
1258 1616 1473 1676 coeperint
1495 1616 1714 1677 aliquibus

321 1689 637 1734 tentationibus
671 1704 719 1731 ea
748 1688 838 1746 ipsa
866 1685 950 1729 illis
982 1686 1180 1732 subtrahi
1214 1685 1283 1731 vel
1306 1687 1482 1745 negari,
1510 1703 1610 1747 quae
1632 1687 1714 1732 isto

320 1760 533 1805 velamine
555 1758 625 1803 vel
653 1757 876 1802 consecuti
898 1765 1027 1811 sunt,
1051 1756 1120 1802 vel
1148 1755 1355 1816 consequi
1381 1757 1581 1816 cupiunt,
1608 1767 1714 1803 tunc

320 1847 492 1876 necesse
514 1840 578 1874 est
606 1838 809 1889 appareat
836 1838 986 1872 utrum
1016 1827 1147 1887 lupus
1168 1827 1215 1870 in
1249 1828 1374 1871 ovina
1397 1827 1509 1887 pelle
1532 1828 1617 1883 sit,
1655 1845 1713 1873 an

321 1904 411 1948 ovis
433 1903 477 1946 in
506 1918 596 1946 sua.
624 1904 721 1946 Non
749 1900 863 1943 enim
888 1907 1117 1958 propterea
1146 1907 1305 1942 ornatu
1327 1898 1550 1958 superfluo
1581 1898 1714 1945 dehet

321 1983 517 2033 aspectus
539 1972 768 2016 hominum
790 1960 982 2014 mulcere
1008 1969 1276 2013 Christianus
1292 2004 1303 2023 ,
1338 1969 1439 2029 quia
1466 1968 1591 2014 illum
1615 1985 1712 2029 par-

320 2059 421 2089 cum
451 2043 649 2088 habitum
679 2057 728 2085 ac
760 2039 1049 2084 necessarium
1085 2039 1215 2082 etiam
1244 2038 1516 2083 simulatores
1552 2040 1710 2100 saepius

320 2123 558 2174 usurpant,
593 2121 644 2156 ut
676 2112 873 2155 incautos
906 2108 1157 2168 decipiant:
1182 2109 1285 2169 quia
1313 2117 1356 2152 et
1388 2108 1475 2152 illae
1497 2125 1597 2154 oves
1619 2125 1710 2155 non

320 2187 480 2230 debent
497 2183 632 2244 pelles
653 2196 750 2226 suas
767 2180 985 2240 deponere
1001 2214 1012 2236 ‚
1037 2180 1071 2224 si
1093 2177 1329 2239 aliquando
1350 2179 1408 2224 eis
1429 2179 1524 2240 lupi
1542 2195 1586 2224 se
1608 2195 1708 2226 con-

320 2264 486 2314 tegunt.

376 2328 517 2370 XLII.
543 2323 689 2378 Quaeri
712 2336 814 2380 ergo
841 2320 950 2365 solet
973 2318 1081 2380 quid
1109 2319 1164 2363 sit
1191 2319 1308 2379 quod
1344 2319 1403 2364 ait
1433 2338 1442 2364 2
1467 2338 1488 2362 «
1511 2321 1598 2365 Vos
1626 2335 1706 2364 au-

322 2415 342 2438 »
378 2407 482 2451 tem⁷
519 2410 619 2440 cum
648 2392 852 2453 jejunatis
869 2427 880 2446 ,
917 2391 1067 2450 ungite
1095 2390 1236 2450 capita
1274 2400 1414 2434 vestra
1433 2426 1444 2445 ‚
1482 2399 1526 2435 et
1571 2390 1703 2436 facies

321 2486 341 2508 »
376 2477 536 2511 vestras
567 2465 733 2518 lavate,
767 2479 821 2506 ne
841 2461 1074 2506 videamini
1103 2462 1354 2505 hominibus
1380 2462 1642 2522 jejunantes.
1677 2480 1699 2504 »

322 2555 341 2578 n
375 2540 472 2582 Non
513 2537 634 2580 enim
670 2534 882 2594 quispiam
923 2540 1038 2576 recte
1074 2531 1328 2591 praeceperit
1348 2565 1359 2587 ,
1403 2532 1600 2592 quamvis
1634 2530 1701 2577 fa-

365 2626 374 2641 1
397 2620 516 2651 Matth.
537 2630 579 2660 vi,
605 2617 657 2651 16.
