1819 3301
338 214 425 253 416
762 227 794 256 s.
833 226 1063 258 Ausus-nm
1094 231 1276 263 1:121500121=

334 294 454 348 Non,
470 293 572 353 quia
599 311 617 335 «
644 294 799 338 Omnia
818 310 895 353 per
911 296 1055 354 ipsum
1077 294 1187 340 facta
1209 304 1336 351 sunt,
1359 305 1402 340 et
1418 297 1509 341 sine
1525 299 1617 357 ipso
1636 299 1724 343 fac-

336 380 356 404 »
393 372 486 407 tum
509 375 573 408 est
596 363 719 408 nihil.
745 384 763 405 η
782 364 1014 418 Quomodo
1035 381 1112 424 per
1131 366 1273 425 ipsum
1297 367 1440 410 omnia
1463 377 1564 411 sunt
1583 367 1723 412 facta?

332 434 443 487 Quia
470 454 489 476 «
514 434 640 488 Quod
665 434 827 479 factum
850 444 940 487 est,
958 436 1004 479 in
1025 436 1117 496 ipso
1134 437 1222 481 vita
1241 446 1336 481 erat
1357 456 1364 481 :
1384 455 1404 478 »
1427 447 1470 482 et
1485 448 1723 498 antequam

331 504 479 559 fieret,
506 505 592 548 vita
620 513 725 548 erat.
763 505 893 558 Quod
921 504 1087 550 factum
1109 516 1200 562 est,
1227 522 1317 551 non
1339 516 1402 551 est
1438 508 1525 551 vita
1551 527 1559 552 ε
1581 508 1657 552 sed
1678 509 1724 552 in

330 584 442 629 arte,
468 575 551 618 hoc
573 584 651 629 est,
671 575 716 619 in
737 576 955 635 Sapientia
979 577 1078 633 Dei,
1104 587 1338 637 antequam
1360 579 1484 622 fieret
1508 579 1594 622 vita
1612 589 1719 623 erat.

329 643 458 697 Quod
480 643 646 688 factum
667 654 752 701 est,
778 646 945 690 transiit
966 666 974 690 z
994 647 1115 706 quod
1130 656 1193 691 est
1210 648 1254 690 in
1274 648 1509 707 Sapientia,
1536 649 1722 693 transire

328 731 416 760 non
449 724 605 775 potest.
632 717 731 760 Vita
752 732 855 776 ergo
882 718 928 761 in
953 716 1029 762 illo
1066 728 1178 773 erat,
1204 718 1326 778 quod
1358 718 1523 763 factum
1557 729 1635 764 est.
1663 723 1720 764 Et

328 786 467 846 qualis
484 787 566 830 vita
579 787 717 839 PQuia
732 796 774 831 et
787 787 928 831 anima
943 788 1134 846 corporis
1148 788 1236 832 vita
1250 797 1313 832 est
1330 804 1508 848 :corpus
1524 798 1721 833 nostrum

326 857 461 901 habet
482 857 613 900 vitam
627 873 746 901 suam
761 879 771 915 3
789 873 919 918 quam
938 873 1038 902 cum
1057 858 1270 913 amiserit,
1287 874 1403 903 mors
1422 868 1485 903 est
1500 860 1690 918 corporis
1708 878 1717 903 ε

329 928 422 972 talis
447 943 548 986 ergo
579 938 670 973 erat
691 928 765 972 illa
786 929 909 972 vitai)
937 931 1034 974 Non
1062 949 1070 973 :
1106 929 1180 973 sed
1203 949 1222 971 «
1248 930 1346 973 Vita
1368 939 1459 974 erat
1481 929 1555 973 lux
1577 930 1722 974 homi-

329 1017 349 1039 »
387 1014 508 1042 num.
534 1017 553 1039 »
579 998 807 1059 Numquid
829 999 906 1043 lux
929 1002 1164 1059 pecorum?
1185 1003 1293 1044 Nam
1311 1001 1390 1044 ista
1419 1000 1493 1044 lux
1515 1010 1557 1044 ct
1575 1001 1720 1045 homi—

325 1085 431 1113 num
467 1079 509 1113 ct
533 1085 738 1129 pecorum
759 1079 837 1114 est.
863 1072 939 1114 Est
973 1070 1175 1129 quaedam
1204 1070 1280 1113 lux
1310 1071 1539 1114 hominum
1566 1090 1575 1115 ε
1601 1070 1720 1115 unde

326 1141 487 1184 distant
523 1141 719 1185 homines
744 1158 764 1184 a
790 1140 1285 1200 pecoribusvideamus‚
1311 1151 1354 1185 et
1376 1134 1480 1187 tunc
1500 1142 1720 1200 intellige-

325 1225 422 1254 mus
445 1210 551 1270 quid
569 1211 622 1254 sit
644 1210 717 1254 lux
739 1211 984 1254 hominum.
1012 1213 1108 1256 Non
1125 1211 1256 1255 distas
1280 1227 1302 1255 a
1326 1227 1509 1270 pecore3
1544 1212 1625 1255 nisi
1649 1216 1720 1255 in-

327 1280 503 1325 tellectu
531 1301 538 1325 z
575 1281 666 1325 noli
697 1281 873 1325 aliunde
905 1281 1092 1339 gloriari.
1126 1284 1187 1325 De
1229 1282 1392 1325 viribus
1424 1282 1673 1341 praesumis?
1695 1299 1719 1327 a

325 1353 470 1396 bestiis
489 1352 672 1396 vinceris
693 1368 700 1392 z
720 1352 774 1395 de
785 1352 1014 1396 velocitate
1030 1352 1288 1411 praesumis?
1302 1368 1323 1396 a
1337 1353 1494 1397 muscis
1506 1354 1689 1398 vinceris
1707 1372 1716 1398 ε

327 1423 381 1467 de
414 1421 745 1481 pulchritudine
777 1422 1036 1481 praesumis?
1070 1432 1233 1484 quanta
1262 1422 1547 1482 pulchritudo
1585 1432 1648 1468 est
1674 1424 1721 1467 in

324 1494 477 1552 pennis
512 1493 723 1552 pavonis?
744 1492 866 1536 Unde
908 1506 1009 1549 ergo
1040 1488 1196 1535 melior
1228 1494 1296 1535 es?
1330 1508 1379 1535 ex
1411 1493 1600 1551 imagine
1623 1493 1716 1537 Dei.

325 1563 408 1608 Ubi
432 1564 575 1621 imago
599 1562 705 1606 Dei?
728 1562 774 1605 in
800 1571 972 1616 mente,
992 1562 1037 1605 in
1061 1561 1300 1605 intellectu.
1326 1562 1367 1606 Si
1391 1577 1491 1620 ergo
1509 1562 1607 1606 ideo
1631 1578 1721 1606 me-

324 1633 406 1678 lior
428 1648 583 1692 pecore
601 1668 610 1686 ,
633 1632 731 1691 quia
756 1632 891 1682 habes
909 1640 1099 1674 mentem
1125 1647 1210 1690 qua
1224 1631 1462 1689 intelligas,
1489 1633 1610 1691 quod
1630 1648 1720 1676 non

323 1712 466 1764 potest
488 1718 620 1762 pecus
639 1701 905 1760 intelligere,
936 1701 1040 1744 inde
1077 1710 1223 1744 autem
1250 1702 1408 1755 homo,
1442 1702 1543 1761 quia
1567 1702 1721 1746 melior

325 1789 506 1835 pecore3
536 1773 610 1816 lux
639 1773 868 1817 hominum
911 1781 974 1814 cst
1008 1770 1083 1814 lux
1117 1773 1344 1814 mentium.
1376 1775 1471 1815 Lux
1505 1772 1719 1816 mentium

324 1861 454 1904 supra
478 1854 645 1888 mentes
670 1853 749 1897 cst,
776 1852 819 1886 et
842 1841 1009 1886 excedit
1029 1857 1182 1886 omnes
1205 1851 1387 1886 mentes.
1412 1845 1505 1886 Hoc
1524 1852 1615 1886 erat
1630 1843 1720 1887 vita

324 1916 397 1960 illa
418 1951 427 1969 ‚
445 1930 522 1975 per
544 1929 676 1974 quam
701 1912 813 1957 facta
835 1921 937 1955 sunt
959 1912 1119 1956 omnia.

385 1989 438 2030 V.
473 1984 555 2029 Ubi
583 1985 704 2027 erat?
727 1983 797 2026 hic
839 1990 931 2025 erat
955 2001 963 2025 :
996 1997 1051 2025 an
1081 1981 1198 2040 apud
1231 1985 1400 2025 Patrem
1439 1990 1557 2037 erat,
1582 1983 1718 2027 ethic

325 2072 415 2102 non
444 2058 559 2100 erat?
592 2070 646 2098 an
680 2051 800 2113 quod
827 2052 968 2095 verius
993 2060 1085 2106 est,
1117 2061 1161 2095 et
1183 2051 1300 2110 apud
1330 2056 1501 2095 Patrem
1535 2062 1654 2106 erat,
1675 2061 1719 2096 et

324 2128 396 2172 hic
415 2127 531 2170 erat?
565 2125 607 2170 Si
636 2139 739 2181 ergo
770 2121 841 2166 hic
874 2130 987 2176 erat,
1031 2136 1166 2180 quare
1198 2137 1288 2165 non
1317 2121 1577 2167 videbatur?
1606 2123 1718 2175 Quia

330 2218 351 2240 «
385 2200 481 2242 Lux
500 2197 545 2239 in
566 2193 757 2238 tenebris
776 2192 907 2246 lucet,
930 2200 973 2235 et
995 2191 1185 2234 tenebrae
1205 2206 1298 2234 eam
1315 2207 1404 2235 non
1426 2192 1716 2251 comprehen-

329 2289 347 2310 »
384 2267 560 2311 derunt.
583 2283 601 2305 »
618 2264 881 2316 Ohomines,
900 2260 1033 2304 nolite
1055 2276 1146 2304 esse
1169 2262 1382 2315 tenebrae,
1400 2260 1536 2305 nolite
1549 2277 1637 2305 esse
1652 2262 1716 2306 in-

324 2338 490 2390 fidelcs‚
508 2335 674 2396 injusti,
696 2333 852 2393 iniqui,
872 2347 1062 2391 rapace8,
1081 2331 1210 2385 avari,
1229 2341 1439 2375 amatores
1456 2331 1602 2376 saeeuli
1622 2333 1714 2376 :hae

324 2417 426 2453 sunt
448 2408 563 2451 enim
588 2405 792 2450 tenebrae.
812 2407 905 2446 Lux
923 2417 1011 2446 non
1033 2410 1096 2444 est
1114 2401 1264 2446 absens
1284 2422 1294 2457 3
1319 2400 1393 2445 sed
1420 2417 1491 2445 vos
1515 2402 1714 2445 absentes

323 2480 422 2524 estis
445 2496 466 2523 a
490 2481 599 2522 luce.
627 2479 778 2522 Caecus
805 2475 850 2518 in
884 2474 973 2518 sole
988 2481 1245 2531 praesentem
1268 2473 1402 2516 habet
1435 2472 1569 2517 solem
1590 2508 1600 2527 ‚
1636 2472 1713 2517 scd

324 2551 477 2596 absens
506 2557 569 2593 est
600 2548 691 2607 ipse
723 2544 816 2590 soli.
848 2543 991 2590 Nolite
1028 2558 1131 2602 crgo
1163 2557 1251 2587 esse
1281 2542 1488 2587 tenebrae.
1517 2546 1620 2588 Haec
1648 2551 1712 2587 est
