1819 3301
318 259 341 296 4
726 266 760 295 S.
797 266 1026 293 ,incusum
1061 264 1241 293 Emscom

316 334 569 386 testatione,
595 333 669 391 qui
691 347 741 375 ex
764 332 828 375 his
856 331 1060 375 omnibus
1091 329 1275 387 quisque
1302 324 1420 386 quod
1456 322 1600 382 potuit
1621 330 1697 365 aut

314 402 435 462 quod
465 402 604 446 voluit
631 400 985 446 commemoravit
1022 417 1030 442 :
1059 407 1108 441 ut
1137 407 1280 440 tamen
1298 396 1352 439 ab
1377 392 1583 438 omnibus
1604 391 1698 434 haec

314 473 459 517 omnia
489 471 735 515 dicerentur
754 505 764 526 ‚
786 485 884 529 quae
906 465 1295 512 demonstrandum
1318 473 1381 509 est
1404 464 1448 507 in
1468 460 1591 506 nullo
1613 458 1696 504 sibi

315 557 405 587 esse
427 541 656 586 contraria.

317 698 1482 733 mwwntmvwvwwwwtmtvmwmmvvwwwwmmm
1487 696 1697 714 WUWWVVW

856 821 1072 870 CAPUT
1118 823 1159 868 I.

484 965 638 1010 Coena
654 977 881 1023 suprema
904 971 950 1006 et
966 958 1229 1020 proditoris
1250 959 1537 1020 designatio.

375 1103 551 1146 ILHme
572 1100 704 1158 igitur
724 1098 981 1157 incipiamus
999 1095 1241 1141 secundum
1256 1095 1514 1139 Matthaeum
1536 1111 1546 1138 ε
1565 1110 1585 1133 «
1602 1093 1702 1136 Coe-

318 1191 338 1213 »
375 1170 580 1214 nantibus
616 1177 762 1212 autem
784 1167 842 1211 eis
861 1202 871 1222 ,
909 1166 1074 1225 accepit
1095 1168 1218 1209 Jesus
1241 1179 1398 1223 panem
1419 1198 1430 1218 3
1456 1172 1497 1206 et
1521 1160 1704 1205 benedi-

322 1262 340 1283 »
376 1242 462 1295 xit,
484 1255 532 1283 ac
548 1239 690 1297 fregit,
709 1237 915 1297 deditque
930 1236 1156 1295 Discipulis
1179 1236 1280 1289 suis,
1312 1243 1355 1278 et
1376 1234 1463 1277 ait:
1489 1231 1699 1290 Accipite,

320 1330 340 1353 »
376 1320 419 1355 et
449 1308 688 1364 comedite,
713 1309 796 1351 hoc
817 1316 881 1350 est
906 1322 1063 1365 corpus
1086 1321 1248 1349 meum.
1289 1323 1308 1345 »
1336 1306 1440 1347 Haec
1463 1312 1505 1346 et
1528 1305 1701 1346 Marcus

317 1384 544 1439 Lucasque
566 1378 943 1421 commeniorant1.
968 1374 1097 1427 Quod
1119 1375 1234 1418 enim
1259 1377 1395 1417 Lucas
1412 1372 1467 1416 de
1484 1372 1615 1416 calice
1637 1370 1704 1414 bis

317 1446 703 1499 commemoravit,
745 1445 861 1503 prius
893 1452 1126 1503 antequam
1159 1458 1317 1502 panem
1354 1442 1507 1492 daret,
1543 1439 1705 1484 deinde

315 1528 595 1578 posteaquam
631 1529 788 1573 panem
825 1512 946 1556 dedit
966 1536 977 1569 3
1025 1512 1137 1556 illud
1171 1511 1292 1572 quod
1328 1512 1524 1570 superius
1566 1509 1700 1564 dixit,

316 1585 637 1648 praeoeeupavit
660 1593 708 1626 ut
725 1583 833 1627 solet
850 1604 860 1639 3
880 1582 991 1626 illud
1007 1598 1110 1628 vero
1132 1582 1252 1642 quod
1269 1582 1420 1626 ordine
1437 1597 1517 1625 suo
1534 1581 1700 1639 posuit,

317 1673 405 1701 non
437 1661 850 1699 commemoraverat
887 1651 1085 1710 superius
1110 1671 1119 1696 ε
1152 1661 1391 1711 utrumque
1422 1660 1568 1695 autem
1595 1664 1704 1694 con·-

311 1727 515 1785 junctum
540 1724 652 1766 hanc
667 1721 925 1765 sententiam
948 1719 1073 1774 facit,
1095 1736 1194 1780 quae
1216 1730 1259 1764 et
1279 1719 1455 1764 illorum
1471 1728 1548 1763 est.
1570 1716 1706 1763 Joari-

318 1810 393 1837 nes
415 1803 558 1850 autem
579 1790 634 1835 de
656 1806 838 1849 corpore
861 1800 903 1834 et
922 1790 1133 1848 sanguine
1163 1790 1336 1834 Domini
1359 1791 1442 1834 hoc
1475 1789 1573 1834 loco
1596 1788 1706 1833 nihil

314 1863 444 1916 dixit,
470 1861 545 1904 sed
568 1859 694 1918 plane
710 1859 813 1902 alibi
838 1858 976 1902 multo
1002 1859 1176 1902 uberius
1196 1859 1298 1902 hine
1315 1860 1548 1903 Dominum
1578 1857 1705 1902 locu-

319 1940 414 1975 tum
451 1944 540 1973 esse
586 1931 810 1971 testam-².
837 1930 973 1987 Nune,
995 1943 1098 1971 vero
1138 1943 1237 1971 cum
1262 1927 1498 1971 Dominum
1525 1943 1548 1970 a
1579 1942 1706 1971 coena

318 1998 548 2044 surrexisse
570 2006 613 2040 et
635 1996 764 2055 pedes
789 1996 1103 2052 Discipulorum
1124 1995 1274 2039 lavisse
1296 2005 1675 2040 commemorasset
1690 2030 1702 2051 ,

318 2068 486 2112 reddita
508 2067 638 2110 etiam
662 2067 827 2127 ratione
854 2081 932 2109 cur
955 2066 1012 2108 eis
1039 2067 1123 2109 hoc
1155 2066 1328 2120 fecerit,
1353 2066 1397 2108 in
1442 2081 1529 2125 qua
1557 2066 1707 2110 Domi-

319 2154 401 2183 nus
425 2138 568 2181 adhuc
593 2136 737 2180 clause
773 2136 1088 2194 significaverat
1125 2151 1200 2194 per
1235 2135 1528 2179 testimonium
1559 2137 1706 2194 Serip-

319 2218 428 2252 turae
445 2242 455 2261 ,
481 2207 534 2249 ab
558 2220 608 2249 eo
630 2220 674 2248 se
698 2204 808 2248 tradi
831 2205 907 2263 qui
929 2203 1213 2248 manducaret
1235 2206 1325 2263 ejus
1361 2220 1517 2262 panem
1539 2225 1549 2261 3
1587 2205 1707 2249 venit

321 2278 374 2321 ad
389 2278 506 2319 hunc
521 2275 683 2327 locum,
700 2288 831 2332 quem
849 2282 930 2316 tres
949 2274 1093 2316 eaeteri
1109 2273 1269 2331 pariter
1282 2274 1505 2317 insinuant
1523 2292 1531 2317 :
1556 2276 1707 2318 «Cum

327 2365 346 2387 »
382 2348 475 2388 haec
493 2344 687 2397 dixisset,
709 2343 877 2401 inquit,
895 2346 1016 2386 Jesus
1039 2343 1238 2386 turbatus
1258 2352 1322 2387 est
1338 2344 1514 2401 spiritu,
1541 2353 1583 2387 et
1605 2359 1707 2402 pro-

328 2433 347 2455 »
384 2422 561 2457 testatus
589 2421 676 2465 est,
703 2421 745 2454 et
770 2411 879 2454 dixit
906 2430 913 2454 ε
952 2414 1119 2464 Amen,
1159 2425 1286 2453 amen
1318 2411 1415 2454 dico
1448 2411 1571 2455 vobis
1602 2412 1705 2471 quia

375 2507 522 2537 'Manu
547 2517 633 2545 nvn,
663 2506 784 2544 'zo-26,
817 2505 920 2536 Marc.
962 2514 1046 2545 xxiv,
1088 2512 1203 2545 17—22,
1227 2509 1260 2535 ct
1295 2505 1370 2535 Luc.
1397 2515 1485 2543 xxii,
1524 2504 1639 2545 15-23.
1668 2520 1705 2528 -·

327 2569 339 2585 ²
355 2564 445 2593 Joan.
468 2570 513 2598 vl,
540 2557 659 2600 32-64.·
