1819 3301
326 230 410 268 3256
768 238 801 265 s.
839 237 1069 265 AUGUSTIM
1100 235 1282 262 1-:1’1scoP1

324 323 344 346 υ
380 304 574 349 Verbum
598 311 690 347 erat
712 301 828 361 apud
853 304 990 345 Deum
1007 334 1018 354 ,
1043 308 1087 343 et
1108 302 1222 343 Deus
1238 305 1330 341 erat
1343 296 1565 340 Verbum1
1586 295 1719 339 :»hoe

322 375 439 418 enim
461 373 656 417 animalis
678 373 810 415 homo
834 385 923 414 non
946 369 1143 428 percipit.
1171 366 1288 421 Quid
1308 381 1427 425 ergo,
1453 365 1639 409 fratres?
1663 364 1720 409 si-

322 444 507 488 lebimus
529 444 660 487 hinc?
683 444 827 494 Quare
849 455 952 499 ergo
976 439 1148 496 legitur,
1180 438 1214 481 si
1235 436 1465 481 silebitur?
1488 445 1563 480 aut
1585 450 1720 495 quare

324 514 515 568 auditur,
549 513 583 556 si
605 527 695 555 non
718 510 986 570 exponitur?
1009 507 1085 552 sed
1107 517 1150 552 et
1171 506 1280 568 quid
1300 507 1549 567 exponitur,
1575 506 1608 549 si
1629 521 1720 550 non

322 584 607 642 intelligitur?
637 586 791 642 Itaque
812 581 1022 641 quoniam
1044 594 1218 624 rursum
1247 594 1337 623 esse
1367 594 1457 623 non
1490 577 1646 622 dubito
1673 577 1720 620 in

323 669 505 697 numero
522 660 666 697 vestro
688 650 926 713 quosdam,
945 667 968 695 a
981 650 1142 711 quibus
1163 649 1297 709 possit
1318 665 1408 693 non
1428 645 1568 693 Solum
1590 662 1721 706 expo-

321 726 452 768 situm
475 723 586 783 capi,
603 723 680 767 sed
697 731 740 766 et
757 731 992 782 antequam
1010 729 1252 781 exponatur
1266 718 1473 778 intelligi,
1492 734 1582 763 non
1600 716 1721 762 frau-

321 795 436 838 dabo
459 809 531 838 eos
553 793 630 854 qui
651 802 834 853 possunt
856 807 1010 852 capere
1025 827 1036 847 ,
1072 791 1179 835 dum
1200 791 1333 835 timeo
1355 790 1603 850 superfluus
1630 804 1720 833 esse

324 866 502 909 auribus
525 880 677 909 eorum
700 864 776 924 qui
799 878 888 908 non
910 870 1093 923 possunt
1120 877 1289 922 capere.
1327 865 1551 906 Postremo
1583 859 1722 904 aderit

323 936 613 981 misericordia
639 936 717 980 Dei
749 934 929 980 fortasse
957 944 1008 979 ut
1035 934 1240 979 omnibus
1269 933 1368 977 satis
1390 933 1465 976 fiat
1477 968 1492 988 ,
1516 941 1560 976 et
1581 931 1723 990 capiat

322 1008 506 1067 quisque
529 1007 651 1067 quod
673 1015 817 1065 potest
836 1025 844 1050 :
866 1005 968 1065 quia
985 1014 1028 1048 et
1051 1004 1127 1064 qui
1149 1004 1362 1064 loquitur,
1384 1003 1489 1047 dicit
1505 1000 1627 1062 quod
1643 1016 1723 1060 po-

323 1087 421 1121 test.
446 1080 555 1122 Nam
580 1077 725 1120 dicere
748 1086 799 1120 ut
829 1085 893 1119 est
908 1111 919 1131 ,
944 1076 1040 1136 quis
1062 1076 1234 1135 potest?
1256 1073 1411 1119 Audeo
1434 1072 1579 1117 dicere
1599 1107 1610 1127 ‚
1633 1070 1723 1115 fra-

324 1159 410 1193 tres
428 1148 531 1202 mei,
553 1148 735 1191 forsitan
763 1163 842 1191 nec
870 1147 961 1206 ipse
981 1150 1170 1191 Joannes
1188 1145 1295 1189 dixit
1312 1154 1361 1189 ut
1378 1154 1462 1200 est,
1483 1143 1559 1188 sed
1578 1143 1725 1202 etipse

321 1228 372 1263 ut
392 1220 564 1277 potuit,
590 1218 693 1277 quia
717 1217 772 1261 de
793 1221 882 1262 Deo
906 1219 1036 1262 homo
1058 1217 1165 1261 dixit
1185 1236 1194 1261 :
1223 1226 1267 1260 et
1287 1216 1468 1276 quidem
1491 1214 1725 1273 inspiratus

325 1305 348 1332 a
372 1292 462 1333 Deo
477 1324 487 1343 ,
525 1288 601 1332 sed
626 1298 770 1331 tamen
794 1289 942 1332 homo.
979 1287 1090 1340 Quia
1116 1287 1349 1345 inspiratus
1365 1321 1375 1341 ,
1401 1284 1509 1329 dixit
1530 1283 1722 1344 aliquid,

323 1359 357 1401 si
381 1374 469 1401 non
491 1358 724 1416 inspiratus
748 1368 880 1412 esset,
904 1357 1081 1401 dixisset
1103 1356 1212 1400 nihil
1231 1376 1239 1401 :
1258 1357 1359 1416 quia
1382 1371 1485 1400 vero
1506 1355 1639 1399 homo
1661 1354 1726 1397 in-

325 1429 508 1487 spiratus
522 1463 532 1483 ,
555 1443 645 1472 non
665 1436 808 1471 totum
824 1427 942 1487 quod
961 1436 1025 1471 est
1039 1426 1168 1485 dixit3
1187 1426 1263 1471 sed
1277 1426 1397 1486 quod
1413 1426 1556 1486 potuit
1572 1426 1722 1479 homo,

326 1499 450 1543 dixit.

384 1572 441 1612 II.
468 1571 572 1612 Erat
599 1568 716 1612 enim
739 1568 818 1611 iste
841 1569 1052 1621 Joannes,
1080 1563 1233 1610 fratres
1253 1565 1513 1619 charissimi,
1552 1563 1607 1609 de
1642 1563 1727 1608 illis

327 1639 556 1683 montibus
573 1675 583 1695 ,
621 1639 675 1682 de
703 1639 864 1698 quibus
892 1637 1103 1696 scriptum
1129 1646 1192 1680 est
1213 1655 1221 1680 :
1246 1655 1266 1677 «
1286 1635 1533 1694 Suscipiant
1555 1644 1725 1679 montes

335 1728 352 1749 n
389 1725 539 1768 pacem
563 1708 730 1768 populo
753 1718 853 1762 tuo,
886 1717 928 1751 et
950 1705 1080 1751 colles
1101 1706 1313 1766 justitiam
1328 1709 1360 1749 ¹2.
1376 1723 1396 1746 »
1422 1708 1619 1760 Montes,
1651 1720 1727 1748 ex-

330 1778 456 1823 celsae
479 1780 634 1822 animae
658 1788 760 1822 sunt
781 1798 789 1822 ε
810 1778 962 1832 colles,
991 1777 1184 1836 parvulae
1207 1776 1362 1820 animae
1385 1785 1500 1819 sunt.
1529 1774 1614 1820 Sed
1630 1774 1729 1819 ideo

332 1859 500 1893 montes
524 1850 747 1908 excipiunt
769 1864 917 1907 pacem
934 1883 945 1903 ,
971 1858 1020 1892 ut
1041 1847 1172 1891 colles
1195 1847 1358 1906 possint
1379 1847 1577 1906 excipere
1593 1845 1728 1906 justi-

328 1919 448 1963 tiam.
468 1921 576 1971 Quae
599 1927 662 1962 cst
678 1918 842 1977 justitia
865 1933 996 1977 quani
1016 1917 1147 1961 colles
1170 1916 1416 1976 excipiunt?
1434 1916 1731 1970 Fides,«Quia

332 2008 351 2030 »
383 1990 525 2049 justus
548 2005 598 2031 ex
620 1988 706 2032 fide
737 1988 858 2031 vivit.
880 1989 921 2028 3»
956 1989 1055 2032 Non
1083 1996 1229 2031 autem
1263 1986 1509 2046 exciperent
1543 1986 1730 2030 minores

330 2061 485 2103 animae
508 2058 656 2113 fidem,
674 2058 755 2101 nisi
775 2059 956 2117 majores
974 2058 1146 2112 animae,
1164 2073 1262 2117 quae
1281 2065 1450 2100 montes
1468 2056 1597 2100 dictae
1610 2066 1727 2111 sunt,

334 2131 389 2174 ab
413 2130 501 2188 ipsa
526 2128 745 2188 Sapientia
767 2127 1104 2181 illustrarentur,
1130 2135 1179 2169 ut
1200 2126 1367 2185 possint
1389 2126 1579 2185 parvulis
1602 2126 1725 2186 traji—

334 2216 430 2244 cere
452 2199 572 2259 quod
593 2198 759 2258 possint
781 2195 950 2256 parvuli
974 2209 1150 2255 capere,
1176 2206 1219 2239 et
1236 2196 1380 2240 vivere
1403 2212 1454 2239 ex
1472 2196 1558 2240 fide
1580 2195 1727 2251 colles,

337 2271 438 2331 quia
456 2279 626 2314 montes
647 2283 797 2328 pacem
817 2266 1070 2326 suscipiunt.
1093 2266 1161 2310 Ab
1178 2267 1276 2325 ipsis
1297 2266 1542 2322 montibus,
1563 2265 1731 2310 dictum

341 2350 404 2384 est
425 2339 629 2384 Ecclesiae
651 2358 659 2383 :
686 2358 704 2379 «
726 2342 813 2382 Pax
841 2337 1066 2381 vobiscum
1087 2337 1101 2361 ⁴
1127 2356 1134 2381 :
1157 2355 1176 2377 »
1203 2345 1246 2380 et
1268 2337 1348 2396 ipsi
1380 2346 1549 2381 montes
1581 2351 1734 2396 pacem

338 2410 640 2454 annuntiando
663 2407 889 2463 Ecclesiae,
915 2423 1005 2452 non
1027 2406 1267 2451 diviserunt
1287 2422 1331 2451 se
1353 2406 1556 2450 adversus
1573 2422 1691 2462 eum,
1708 2422 1731 2450 a

392 2515 396 2528 ¹
431 2509 523 2538 Joan.
552 2519 578 2546 1,
614 2519 640 2538 ι.
666 2524 706 2528 -
732 2513 744 2527 ²
774 2504 841 2536 Psal
883 2515 964 2544 mxu,
991 2504 1022 2535 3.
1045 2519 1085 2525 ——
1107 2501 1120 2525 3
1142 2503 1250 2535 Habac
1289 2515 1321 2543 n,
1340 2503 1374 2544 4,
1394 2507 1427 2535 et
1457 2505 1546 2536 Rom.
1567 2514 1590 2544 i,
1613 2513 1661 2542 17-
1689 2518 1731 2524 —

343 2561 464 2594 liJoai.
489 2574 541 2604 xi,
564 2573 613 2605 ¹9·
