1819 3301
350 280 404 321 74
782 294 816 321 ο.
851 291 1080 321 ausuum*
1113 292 1292 321 znscon

349 462 1730 481 mmmfflwmmmmmmmmmmmmmm

356 993 375 1016 ))

814 607 1031 656 CAPUT
1068 608 1252 656 XXIV.

475 760 627 806 Gesta
647 761 781 808 circa
806 769 988 820 tempus
1020 759 1377 807 resurrectionis
1396 758 1611 805 Domini.

412 907 524 949 LXI.
551 907 771 958 SEQUITUR
787 904 1020 948 Matthaeus
1041 923 1050 949 ς
1070 905 1210 947 «Erat
1224 911 1370 946 autem
1381 902 1443 947 ibi
1456 901 1591 947 Maria
1607 903 1733 960 Mag·-

411 975 565 1018 dalene
593 984 636 1018 et
654 974 786 1019 altera
808 975 945 1020 Maria
976 972 1174 1018 sedentes
1208 981 1359 1016 contra
1392 970 1682 1031 sepulcrum¹.
1710 988 1731 1011 u

354 1044 481 1098 Quod
501 1047 672 1088 Marcus
695 1045 753 1088 ita
772 1044 877 1088 dicit
895 1063 904 1089 ς
933 1062 953 1086 «
976 1043 1112 1088 Maria
1133 1051 1279 1087 autem
1296 1041 1556 1100 Magdalene
1575 1049 1619 1084 et
1641 1043 1736 1087 Ma·-

356 1133 376 1158 ))

411 1115 472 1158 ria
499 1114 661 1173 Ioseph
683 1115 950 1173 aspiciebant
966 1113 1041 1157 ubi
1057 1122 1292 1172 poneretur
1305 1114 1337 1156 Ἰ.
1358 1130 1377 1154 »
1396 1111 1521 1157 Unde
1534 1110 1645 1156 nihil
1663 1125 1737 1156 eos

354 1199 404 1230 ex
422 1185 504 1228 hoc
526 1183 749 1228 dissentire
773 1183 1050 1229 manifestum
1075 1192 1153 1226 est.

358 1341 378 1364 ))

359 1412 378 1435 ))

359 1483 378 1508 ))

359 1553 380 1576 ))

360 1623 380 1647 ))

361 1693 381 1714 ))

363 1762 382 1785 ))

363 1831 383 1854 ))

365 1901 384 1923 ))

364 1970 384 1992 ))

414 1256 551 1298 LXII.
578 1253 741 1297 Deinde
771 1253 967 1313 sequitur
989 1253 1246 1302 Matthaeus:
1276 1270 1295 1293 «
1328 1250 1476 1295 Altera
1496 1259 1642 1295 autem
1667 1249 1739 1296 die

413 1339 512 1382 quae
531 1333 594 1367 est
616 1332 712 1382 post
741 1327 1003 1367 Parasceven
1016 1358 1027 1378 ‚
1058 1330 1358 1367 convenerunt
1370 1321 1585 1379 principes
1601 1335 1740 1366 sacer·

413 1393 566 1437 dotum
586 1403 629 1438 et
653 1394 854 1438 Pharisaei
876 1393 931 1437 ad
954 1393 1137 1438 Pilatum
1156 1428 1166 1446 ‚
1193 1391 1384 1436 dicentes
1407 1410 1415 1435 :
1441 1391 1648 1442 Domine,
1673 1404 1738 1435 re·

414 1465 580 1508 cordati
606 1480 755 1509 sumus
787 1465 889 1524 quia
917 1465 1119 1508 seductor
1146 1462 1217 1506 ille
1245 1461 1352 1505 dixit
1382 1459 1525 1504 adhuc
1556 1460 1737 1507 vivensz

416 1539 517 1579 Post
539 1545 622 1579 tres
641 1535 730 1580 dies
749 1550 967 1592 resurgam
987 1554 996 1579 2
1015 1535 1124 1593 jube
1141 1549 1244 1591 ergo
1261 1531 1470 1576 custodiri
1490 1530 1741 1590 sepulcrum

416 1620 553 1663 usque
566 1605 609 1647 in
625 1604 739 1647 diem
755 1605 931 1648 tertium
946 1625 957 1661 3
978 1619 1033 1648 ne
1049 1603 1161 1647 forte
1174 1602 1350 1646 veniant
1364 1600 1575 1659 Discipuli
1592 1601 1682 1660 ejus
1694 1608 1738 1643 et

419 1673 619 1717 furentur
636 1689 753 1727 eum,
775 1682 818 1716 et
831 1673 973 1716 dicant
987 1673 1122 1731 plebi:
1139 1671 1328 1716 Surrexit
1343 1687 1365 1714 a
1379 1670 1584 1726 mortuis3
1599 1678 1644 1713 et
1655 1669 1741 1715 erit

420 1744 675 1787 novissimus
698 1758 816 1786 error
838 1744 959 1801 pejor
981 1743 1137 1801 priore.
1157 1741 1229 1785 Ait
1244 1740 1327 1784 illis
1351 1739 1540 1784 Pilatus:
1560 1738 1742 1783 Habetis

418 1813 674 1865 custodiam,
693 1813 766 1866 ite,
787 1811 1000 1856 custodite
1019 1811 1130 1855 sicut
1144 1810 1270 1854 scitis.
1294 1809 1362 1852 Illi
1374 1818 1520 1853 autem
1534 1809 1744 1852 abeuntes

420 1882 675 1925 munierunt
701 1881 951 1939 sepulcrum
981 1882 1197 1936 signantes
1214 1878 1403 1936 lapidem
1423 1886 1525 1922 cum
1547 1875 1742 1923 eustodi-

421 1952 543 1993 busss.
574 1968 593 1990 »
616 1953 709 1993 Hoc
731 1950 846 1993 solus
862 1950 1093 1993 Matthaeus
1113 1957 1283 2002 narrat,
1306 1947 1427 1992 nullo
1446 1947 1629 1991 aliorum
1648 1962 1744 1992 nar-

362 2031 484 2064 rante
506 2019 670 2079 aliquid
692 2021 812 2079 quod
830 2021 931 2063 huic
953 2019 1151 2063 videatur
1183 2034 1272 2062 esse
1289 2017 1571 2062 contrarium.

367 2178 386 2200 ))

367 2248 387 2269 ))

368 2318 387 2340 ))

369 2387 388 2408 ))

370 2456 389 2477 ))

370 2524 390 2546 ))

423 2093 582 2133 LXIII.
608 2089 771 2132 Deinde
790 2089 1109 2148 sequituridem
1124 2088 1372 2142 Matthaeus,
1391 2097 1433 2131 et
1451 2086 1555 2131 dicit
1573 2105 1580 2131 :
1602 2105 1621 2128 «
1639 2088 1742 2129 Ves—

422 2174 523 2217 pere
537 2168 679 2201 autcm
695 2159 861 2201 sabbati
874 2174 971 2217 quac
984 2157 1158 2201 lucessit
1169 2156 1407 2215 imprimam
1423 2156 1607 2209 sabbati,
1623 2155 1743 2198 venit

423 2228 556 2271 Maria
574 2227 830 2286 Magdalene
848 2237 891 2270 et
915 2227 1047 2270 altera
1070 2226 1205 2270 Maria
1227 2225 1373 2269 videre
1399 2224 1664 2284 sepulcrum.
1686 2227 1743 2267 Et

425 2314 523 2342 ecce
558 2297 682 2342 terrae
719 2308 862 2341 motus
896 2297 1034 2341 factus
1072 2307 1135 2340 est
1169 2312 1366 2353 magnus.
1402 2295 1594 2353 Angelus
1627 2295 1743 2338 enim

425 2369 594 2412 Domini
620 2367 842 2411 descendit
874 2367 928 2410 dc
960 2366 1099 2420 coelo,
1125 2375 1168 2409 ct
1191 2364 1398 2408 accedens
1432 2365 1615 2409 revolvit
1636 2363 1744 2422 lapi-

424 2436 522 2480 dem
538 2472 549 2491 ,
582 2446 624 2480 et
645 2436 821 2480 sedebat
843 2452 970 2495 super
992 2451 1106 2479 eum.
1134 2438 1237 2478 Erat
1264 2443 1409 2477 autem
1436 2443 1632 2492 aspectus
1656 2434 1747 2491 ejus

425 2507 535 2550 sicut
571 2506 749 2565 fulgur,
787 2515 829 2549 et
865 2506 1118 2549 vestimenta
1154 2507 1245 2563 ejus
1285 2504 1397 2547 sicut
1428 2504 1512 2546 niX.
1556 2506 1650 2546 Prae
1687 2501 1747 2546 ti-

418 2609 425 2624 ¹
449 2601 559 2635 Matth.
580 2612 679 2642 xxvii,
697 2601 754 2633 61.
773 2617 811 2623 —
832 2607 844 2623 ²
859 2601 957 2632 Marc.
982 2610 1036 2639 xv,
1053 2598 1105 2638 47.
1125 2614 1165 2620 -
1187 2596 1199 2619 3
1218 2598 1333 2629 matth.
1353 2608 1453 2637 xxvxi,
1473 2596 1596 2629 62-66.
