<?xml version="1.0" encoding="UTF-8"?>
<!DOCTYPE html PUBLIC "-//W3C//DTD XHTML 1.0 Transitional//EN"
    "http://www.w3.org/TR/xhtml1/DTD/xhtml1-transitional.dtd">
<html xmlns="http://www.w3.org/1999/xhtml" xml:lang="en" lang="en">
 <head>
  <title>
</title>
<meta http-equiv="Content-Type" content="text/html;charset=utf-8" />
  <meta name='ocr-system' content='tesseract 3.04.00' />
  <meta name='ocr-capabilities' content='ocr_page ocr_carea ocr_par ocr_line ocrx_word'/>
</head>
<body>
  <div class='ocr_page' id='page_1' title='image "./operaomniaaccura14auguuoft_0449.png"; bbox 0 0 1819 3301; ppageno 0'>
   <div class='ocr_carea' id='block_1_1' title="bbox 358 214 1488 265">
    <p class='ocr_par' dir='ltr' id='par_1_1' title="bbox 358 214 1488 265">
     <span class='ocr_line' id='line_1_1' title="bbox 358 214 1488 265; baseline -0.004 -9"><span class='ocrx_word' id='word_1_1' title='bbox 358 230 403 256; x_wconf 78' lang='lat' dir='ltr'><strong>m</strong></span> <span class='ocrx_word' id='word_1_2' title='bbox 434 225 608 257; x_wconf 75' lang='lat' dir='ltr'><strong>JOANNIS</strong></span> <span class='ocrx_word' id='word_1_3' title='bbox 639 225 951 265; x_wconf 64' lang='lat' dir='ltr'><strong>numanum,</strong></span> <span class='ocrx_word' id='word_1_4' title='bbox 985 223 1131 253; x_wconf 77' lang='lat' dir='ltr'>TRACT.</span> <span class='ocrx_word' id='word_1_5' title='bbox 1168 227 1233 252; x_wconf 92' lang='lat'>111.</span> <span class='ocrx_word' id='word_1_6' title='bbox 1405 214 1488 253; x_wconf 76' lang='lat'><strong>415</strong></span> 
     </span>
    </p>
   </div>
   <div class='ocr_carea' id='block_1_2' title="bbox 111 290 1516 2576">
    <p class='ocr_par' dir='ltr' id='par_1_2' title="bbox 111 290 1503 1866">
     <span class='ocr_line' id='line_1_2' title="bbox 112 290 1490 351; baseline -0.003 -13"><span class='ocrx_word' id='word_1_7' title='bbox 112 294 321 338; x_wconf 86' lang='lat' dir='ltr'>Dominus</span> <span class='ocrx_word' id='word_1_8' title='bbox 342 302 488 338; x_wconf 87' lang='lat' dir='ltr'><strong>noster</strong></span> <span class='ocrx_word' id='word_1_9' title='bbox 505 296 628 337; x_wconf 85' lang='lat' dir='ltr'><strong>Jesus</strong></span> <span class='ocrx_word' id='word_1_10' title='bbox 650 291 971 337; x_wconf 66' lang='grc'>(111115111591116</span> <span class='ocrx_word' id='word_1_11' title='bbox 992 291 1068 351; x_wconf 89' lang='lat' dir='ltr'><strong>qui</strong></span> <span class='ocrx_word' id='word_1_12' title='bbox 1085 291 1200 335; x_wconf 87' lang='lat' dir='ltr'><strong>visus</strong></span> <span class='ocrx_word' id='word_1_13' title='bbox 1218 298 1281 333; x_wconf 89' lang='lat' dir='ltr'><strong>est</strong></span> <span class='ocrx_word' id='word_1_14' title='bbox 1298 299 1340 333; x_wconf 87' lang='lat' dir='ltr'><strong>et</strong></span> <span class='ocrx_word' id='word_1_15' title='bbox 1362 290 1414 333; x_wconf 89' lang='lat' dir='ltr'><strong>ab</strong></span> <span class='ocrx_word' id='word_1_16' title='bbox 1431 291 1490 334; x_wconf 90' lang='lat' dir='ltr'><strong>eis</strong></span> 
     </span>
     <span class='ocr_line' id='line_1_3' title="bbox 111 358 1487 420; baseline -0.004 -15"><span class='ocrx_word' id='word_1_17' title='bbox 111 378 135 406; x_wconf 91' lang='lat' dir='ltr'><strong>a</strong></span> <span class='ocrx_word' id='word_1_18' title='bbox 152 362 310 420; x_wconf 88' lang='lat' dir='ltr'><strong>quibus</strong></span> <span class='ocrx_word' id='word_1_19' title='bbox 321 362 549 405; x_wconf 73' lang='lat' dir='ltr'><strong>crucifixus</strong></span> <span class='ocrx_word' id='word_1_20' title='bbox 567 371 644 405; x_wconf 85' lang='lat' dir='ltr'><strong>est.</strong></span> <span class='ocrx_word' id='word_1_21' title='bbox 662 361 741 404; x_wconf 81' lang='lat' dir='ltr'><strong>Ille</strong></span> <span class='ocrx_word' id='word_1_22' title='bbox 755 361 830 420; x_wconf 86' lang='lat' dir='ltr'><strong>qui</strong></span> <span class='ocrx_word' id='word_1_23' title='bbox 848 360 1158 419; x_wconf 79' lang='lat' dir='ltr'><strong>apprehensus,</strong></span> <span class='ocrx_word' id='word_1_24' title='bbox 1179 358 1487 416; x_wconf 79' lang='lat' dir='ltr'>colaphizatus,</span> 
     </span>
     <span class='ocr_line' id='line_1_4' title="bbox 112 429 1492 490; baseline -0.004 -15"><span class='ocrx_word' id='word_1_25' title='bbox 112 431 353 490; x_wconf 81' lang='lat' dir='ltr'><strong>flagellatus</strong></span> <span class='ocrx_word' id='word_1_26' title='bbox 369 466 379 486; x_wconf 93' lang='lat'>‚</span> <span class='ocrx_word' id='word_1_27' title='bbox 405 432 541 490; x_wconf 89' lang='lat' dir='ltr'><strong>sputis</strong></span> <span class='ocrx_word' id='word_1_28' title='bbox 557 431 713 485; x_wconf 80' lang='lat' dir='ltr'><strong>illitus,</strong></span> <span class='ocrx_word' id='word_1_29' title='bbox 738 431 869 489; x_wconf 87' lang='lat' dir='ltr'><strong>spinis</strong></span> <span class='ocrx_word' id='word_1_30' title='bbox 898 439 1128 475; x_wconf 87' lang='lat' dir='ltr'><strong>coronatus</strong></span> <span class='ocrx_word' id='word_1_31' title='bbox 1148 464 1159 483; x_wconf 90' lang='lat'>,</span> <span class='ocrx_word' id='word_1_32' title='bbox 1183 429 1228 473; x_wconf 91' lang='lat' dir='ltr'><strong>in</strong></span> <span class='ocrx_word' id='word_1_33' title='bbox 1249 443 1375 471; x_wconf 91' lang='lat' dir='ltr'><strong>cruce</strong></span> <span class='ocrx_word' id='word_1_34' title='bbox 1398 443 1492 471; x_wconf 87' lang='lat' dir='ltr'><strong>sus-</strong></span> 
     </span>
     <span class='ocr_line' id='line_1_5' title="bbox 112 497 1490 559; baseline -0.004 -15"><span class='ocrx_word' id='word_1_35' title='bbox 112 516 291 559; x_wconf 77' lang='lat' dir='ltr'><strong>penSUS,</strong></span> <span class='ocrx_word' id='word_1_36' title='bbox 312 510 532 554; x_wconf 83' lang='lat' dir='ltr'><strong>mortuus,</strong></span> <span class='ocrx_word' id='word_1_37' title='bbox 556 500 705 544; x_wconf 87' lang='lat' dir='ltr'><strong>lancea</strong></span> <span class='ocrx_word' id='word_1_38' title='bbox 725 500 976 544; x_wconf 83' lang='lat' dir='ltr'><strong>vulneratus</strong></span> <span class='ocrx_word' id='word_1_39' title='bbox 997 534 1007 554; x_wconf 81' lang='grc'>,</span> <span class='ocrx_word' id='word_1_40' title='bbox 1034 499 1088 543; x_wconf 92' lang='lat' dir='ltr'><strong>de</strong></span> <span class='ocrx_word' id='word_1_41' title='bbox 1111 513 1238 542; x_wconf 88' lang='lat' dir='ltr'><strong>cruce</strong></span> <span class='ocrx_word' id='word_1_42' title='bbox 1256 497 1490 555; x_wconf 85' lang='lat' dir='ltr'><strong>depositus,</strong></span> 
     </span>
     <span class='ocr_line' id='line_1_6' title="bbox 113 566 1495 628; baseline -0.004 -15"><span class='ocrx_word' id='word_1_43' title='bbox 113 570 159 613; x_wconf 90' lang='lat' dir='ltr'><strong>in</strong></span> <span class='ocrx_word' id='word_1_44' title='bbox 179 569 378 628; x_wconf 89' lang='lat' dir='ltr'><strong>sepulcro</strong></span> <span class='ocrx_word' id='word_1_45' title='bbox 399 570 577 628; x_wconf 87' lang='lat' dir='ltr'><strong>positus.</strong></span> <span class='ocrx_word' id='word_1_46' title='bbox 597 568 676 612; x_wconf 84' lang='lat' dir='ltr'><strong>Ille</strong></span> <span class='ocrx_word' id='word_1_47' title='bbox 698 569 787 627; x_wconf 87' lang='lat' dir='ltr'><strong>ipse</strong></span> <span class='ocrx_word' id='word_1_48' title='bbox 808 569 1018 612; x_wconf 87' lang='lat' dir='ltr'>Dominus</span> <span class='ocrx_word' id='word_1_49' title='bbox 1040 577 1184 612; x_wconf 85' lang='lat' dir='ltr'><strong>noster</strong></span> <span class='ocrx_word' id='word_1_50' title='bbox 1207 570 1328 610; x_wconf 89' lang='lat' dir='ltr'><strong>Jesus</strong></span> <span class='ocrx_word' id='word_1_51' title='bbox 1348 566 1495 610; x_wconf 86' lang='lat' dir='ltr'><strong>Chris-</strong></span> 
     </span>
     <span class='ocr_line' id='line_1_7' title="bbox 114 636 1495 698; baseline -0.004 -15"><span class='ocrx_word' id='word_1_52' title='bbox 114 648 214 696; x_wconf 81' lang='lat' dir='ltr'><strong>tus3</strong></span> <span class='ocrx_word' id='word_1_53' title='bbox 239 638 312 683; x_wconf 91' lang='lat' dir='ltr'><strong>ille</strong></span> <span class='ocrx_word' id='word_1_54' title='bbox 343 639 432 698; x_wconf 89' lang='lat' dir='ltr'><strong>ipse</strong></span> <span class='ocrx_word' id='word_1_55' title='bbox 452 638 607 697; x_wconf 84' lang='lat' dir='ltr'><strong>plane,</strong></span> <span class='ocrx_word' id='word_1_56' title='bbox 633 648 676 682; x_wconf 91' lang='lat' dir='ltr'><strong>et</strong></span> <span class='ocrx_word' id='word_1_57' title='bbox 699 639 788 697; x_wconf 87' lang='lat' dir='ltr'><strong>ipsc</strong></span> <span class='ocrx_word' id='word_1_58' title='bbox 811 648 873 681; x_wconf 86' lang='lat' dir='ltr'><strong>est</strong></span> <span class='ocrx_word' id='word_1_59' title='bbox 896 648 1012 682; x_wconf 83' lang='lat' dir='ltr'><strong>totus</strong></span> <span class='ocrx_word' id='word_1_60' title='bbox 1046 637 1238 680; x_wconf 85' lang='lat' dir='ltr'><strong>medicus</strong></span> <span class='ocrx_word' id='word_1_61' title='bbox 1268 636 1495 680; x_wconf 87' lang='lat' dir='ltr'><strong>vulnerum</strong></span> 
     </span>
     <span class='ocr_line' id='line_1_8' title="bbox 112 706 1492 768; baseline -0.004 -15"><span class='ocrx_word' id='word_1_62' title='bbox 112 718 360 753; x_wconf 88' lang='lat' dir='ltr'><strong>nostrorum</strong></span> <span class='ocrx_word' id='word_1_63' title='bbox 378 744 389 763; x_wconf 85' lang='lat'>‚</span> <span class='ocrx_word' id='word_1_64' title='bbox 416 709 645 752; x_wconf 77' lang='lat' dir='ltr'><strong>crucifixus</strong></span> <span class='ocrx_word' id='word_1_65' title='bbox 667 706 740 768; x_wconf 88' lang='lat' dir='ltr'><strong>ille</strong></span> <span class='ocrx_word' id='word_1_66' title='bbox 763 707 833 751; x_wconf 90' lang='lat' dir='ltr'><strong>cui</strong></span> <span class='ocrx_word' id='word_1_67' title='bbox 866 707 1120 751; x_wconf 83' lang='lat' dir='ltr'><strong>insultatum</strong></span> <span class='ocrx_word' id='word_1_68' title='bbox 1145 715 1236 760; x_wconf 87' lang='lat' dir='ltr'><strong>est,</strong></span> <span class='ocrx_word' id='word_1_69' title='bbox 1272 721 1359 764; x_wconf 87' lang='lat' dir='ltr'><strong>quo</strong></span> <span class='ocrx_word' id='word_1_70' title='bbox 1382 720 1492 764; x_wconf 91' lang='lat' dir='ltr'><strong>pen-</strong></span> 
     </span>
     <span class='ocr_line' id='line_1_9' title="bbox 114 774 1491 837; baseline -0.004 -16"><span class='ocrx_word' id='word_1_71' title='bbox 114 778 245 823; x_wconf 87' lang='lat' dir='ltr'>dente</span> <span class='ocrx_word' id='word_1_72' title='bbox 274 787 568 837; x_wconf 80' lang='lat' dir='ltr'><strong>persecutores</strong></span> <span class='ocrx_word' id='word_1_73' title='bbox 597 787 729 836; x_wconf 83' lang='lat' dir='ltr'><strong>caput</strong></span> <span class='ocrx_word' id='word_1_74' title='bbox 771 776 1016 835; x_wconf 81' lang='lat' dir='ltr'>agitabant,</span> <span class='ocrx_word' id='word_1_75' title='bbox 1047 785 1089 818; x_wconf 90' lang='lat' dir='ltr'><strong>et</strong></span> <span class='ocrx_word' id='word_1_76' title='bbox 1120 775 1323 819; x_wconf 86' lang='lat' dir='ltr'><strong>dicebant</strong></span> <span class='ocrx_word' id='word_1_77' title='bbox 1343 809 1353 822; x_wconf 76' lang='grc'>,</span> <span class='ocrx_word' id='word_1_78' title='bbox 1392 793 1410 815; x_wconf 76' lang='grc'><strong>1(</strong></span> <span class='ocrx_word' id='word_1_79' title='bbox 1449 774 1491 818; x_wconf 88' lang='lat' dir='ltr'><strong>Si</strong></span> 
     </span>
     <span class='ocr_line' id='line_1_10' title="bbox 118 845 1495 903; baseline -0.004 -12"><span class='ocrx_word' id='word_1_80' title='bbox 118 866 137 888; x_wconf 86' lang='lat'>»</span> <span class='ocrx_word' id='word_1_81' title='bbox 169 847 304 891; x_wconf 89' lang='lat' dir='ltr'><strong>Filius</strong></span> <span class='ocrx_word' id='word_1_82' title='bbox 326 848 404 892; x_wconf 82' lang='lat' dir='ltr'><strong>Dei</strong></span> <span class='ocrx_word' id='word_1_83' title='bbox 418 857 498 902; x_wconf 82' lang='lat' dir='ltr'><strong>est,</strong></span> <span class='ocrx_word' id='word_1_84' title='bbox 517 845 753 892; x_wconf 84' lang='lat' dir='ltr'><strong>descendat</strong></span> <span class='ocrx_word' id='word_1_85' title='bbox 771 845 825 890; x_wconf 84' lang='lat' dir='ltr'><strong>de</strong></span> <span class='ocrx_word' id='word_1_86' title='bbox 843 848 997 890; x_wconf 87' lang='lat' dir='ltr'><strong>cruce1</strong></span> <span class='ocrx_word' id='word_1_87' title='bbox 1019 864 1028 889; x_wconf 79' lang='lat' dir='ltr'><em>z</em></span> <span class='ocrx_word' id='word_1_88' title='bbox 1050 863 1068 885; x_wconf 84' lang='lat'>»</span> <span class='ocrx_word' id='word_1_89' title='bbox 1087 845 1177 903; x_wconf 87' lang='lat' dir='ltr'><strong>ipse</strong></span> <span class='ocrx_word' id='word_1_90' title='bbox 1190 853 1251 887; x_wconf 87' lang='lat' dir='ltr'><strong>est</strong></span> <span class='ocrx_word' id='word_1_91' title='bbox 1264 853 1380 887; x_wconf 82' lang='lat' dir='ltr'><strong>totus</strong></span> <span class='ocrx_word' id='word_1_92' title='bbox 1400 858 1495 886; x_wconf 79' lang='lat' dir='ltr'><strong>me·-</strong></span> 
     </span>
     <span class='ocr_line' id='line_1_11' title="bbox 115 913 1495 976; baseline -0.004 -15"><span class='ocrx_word' id='word_1_93' title='bbox 115 916 236 961; x_wconf 91' lang='lat' dir='ltr'><strong>dicus</strong></span> <span class='ocrx_word' id='word_1_94' title='bbox 259 926 405 961; x_wconf 88' lang='lat' dir='ltr'><strong>noster</strong></span> <span class='ocrx_word' id='word_1_95' title='bbox 421 951 434 972; x_wconf 86' lang='lat'>‚</span> <span class='ocrx_word' id='word_1_96' title='bbox 461 917 551 976; x_wconf 88' lang='lat' dir='ltr'><strong>ipse</strong></span> <span class='ocrx_word' id='word_1_97' title='bbox 582 916 726 975; x_wconf 86' lang='lat' dir='ltr'><strong>plane.</strong></span> <span class='ocrx_word' id='word_1_98' title='bbox 753 918 895 968; x_wconf 84' lang='lat' dir='ltr'><strong>Quare</strong></span> <span class='ocrx_word' id='word_1_99' title='bbox 916 930 1019 973; x_wconf 80' lang='lat' dir='ltr'><strong>ergo</strong></span> <span class='ocrx_word' id='word_1_100' title='bbox 1039 930 1127 958; x_wconf 93' lang='lat' dir='ltr'><strong>non</strong></span> <span class='ocrx_word' id='word_1_101' title='bbox 1151 914 1338 958; x_wconf 81' lang='lat' dir='ltr'><strong>ostendit</strong></span> <span class='ocrx_word' id='word_1_102' title='bbox 1358 913 1495 956; x_wconf 85' lang='lat' dir='ltr'><strong>insul-</strong></span> 
     </span>
     <span class='ocr_line' id='line_1_12' title="bbox 118 982 1496 1045; baseline -0.003 -16"><span class='ocrx_word' id='word_1_103' title='bbox 118 986 330 1041; x_wconf 86' lang='lat' dir='ltr'><strong>tantibus,</strong></span> <span class='ocrx_word' id='word_1_104' title='bbox 362 987 464 1045; x_wconf 90' lang='lat' dir='ltr'><strong>quia</strong></span> <span class='ocrx_word' id='word_1_105' title='bbox 499 988 589 1045; x_wconf 89' lang='lat' dir='ltr'><strong>ipse</strong></span> <span class='ocrx_word' id='word_1_106' title='bbox 623 996 716 1029; x_wconf 82' lang='lat' dir='ltr'><strong>erat</strong></span> <span class='ocrx_word' id='word_1_107' title='bbox 739 984 873 1028; x_wconf 85' lang='lat' dir='ltr'><strong>Filius</strong></span> <span class='ocrx_word' id='word_1_108' title='bbox 894 985 995 1039; x_wconf 84' lang='lat' dir='ltr'><strong>Dei,</strong></span> <span class='ocrx_word' id='word_1_109' title='bbox 1029 994 1079 1027; x_wconf 88' lang='lat' dir='ltr'><strong>ut</strong></span> <span class='ocrx_word' id='word_1_110' title='bbox 1103 984 1136 1026; x_wconf 88' lang='lat' dir='ltr'><strong>si</strong></span> <span class='ocrx_word' id='word_1_111' title='bbox 1171 999 1215 1026; x_wconf 89' lang='lat' dir='ltr'><strong>se</strong></span> <span class='ocrx_word' id='word_1_112' title='bbox 1238 982 1429 1041; x_wconf 81' lang='lat' dir='ltr'><strong>permisit</strong></span> <span class='ocrx_word' id='word_1_113' title='bbox 1451 985 1496 1025; x_wconf 92' lang='lat' dir='ltr'><strong>in</strong></span> 
     </span>
     <span class='ocr_line' id='line_1_13' title="bbox 115 1052 1497 1110; baseline -0.004 -9"><span class='ocrx_word' id='word_1_114' title='bbox 115 1071 290 1101; x_wconf 87' lang='lat' dir='ltr'><strong>crucem</strong></span> <span class='ocrx_word' id='word_1_115' title='bbox 320 1056 486 1110; x_wconf 84' lang='lat' dir='ltr'><strong>levari,</strong></span> <span class='ocrx_word' id='word_1_116' title='bbox 521 1056 672 1100; x_wconf 83' lang='lat' dir='ltr'><strong>saltem</strong></span> <span class='ocrx_word' id='word_1_117' title='bbox 694 1070 793 1098; x_wconf 88' lang='lat' dir='ltr'><strong>cum</strong></span> <span class='ocrx_word' id='word_1_118' title='bbox 816 1054 879 1098; x_wconf 84' lang='lat' dir='ltr'><strong>illi</strong></span> <span class='ocrx_word' id='word_1_119' title='bbox 905 1054 1097 1097; x_wconf 83' lang='lat' dir='ltr'><strong>dicerent</strong></span> <span class='ocrx_word' id='word_1_120' title='bbox 1124 1073 1132 1097; x_wconf 87' lang='lat'>:</span> <span class='ocrx_word' id='word_1_121' title='bbox 1165 1073 1182 1094; x_wconf 60' lang='grc'><strong>(1-</strong></span> <span class='ocrx_word' id='word_1_122' title='bbox 1209 1054 1250 1097; x_wconf 88' lang='lat' dir='ltr'><strong>Si</strong></span> <span class='ocrx_word' id='word_1_123' title='bbox 1266 1052 1399 1096; x_wconf 81' lang='lat' dir='ltr'><strong>Filius</strong></span> <span class='ocrx_word' id='word_1_124' title='bbox 1422 1052 1497 1095; x_wconf 86' lang='lat' dir='ltr'><strong>Dei</strong></span> 
     </span>
     <span class='ocr_line' id='line_1_14' title="bbox 119 1123 1498 1180; baseline -0.003 -12"><span class='ocrx_word' id='word_1_125' title='bbox 119 1144 139 1167; x_wconf 86' lang='lat'>»</span> <span class='ocrx_word' id='word_1_126' title='bbox 174 1136 259 1180; x_wconf 86' lang='lat' dir='ltr'><strong>est,</strong></span> <span class='ocrx_word' id='word_1_127' title='bbox 285 1126 519 1170; x_wconf 87' lang='lat' dir='ltr'><strong>descendat</strong></span> <span class='ocrx_word' id='word_1_128' title='bbox 539 1125 594 1169; x_wconf 90' lang='lat' dir='ltr'><strong>de</strong></span> <span class='ocrx_word' id='word_1_129' title='bbox 615 1141 741 1169; x_wconf 88' lang='lat' dir='ltr'><strong>cruce</strong></span> <span class='ocrx_word' id='word_1_130' title='bbox 760 1145 768 1169; x_wconf 89' lang='grc'>;</span> <span class='ocrx_word' id='word_1_131' title='bbox 792 1144 811 1165; x_wconf 88' lang='lat'>»</span> <span class='ocrx_word' id='word_1_132' title='bbox 834 1134 938 1168; x_wconf 87' lang='lat' dir='ltr'><strong>tunc</strong></span> <span class='ocrx_word' id='word_1_133' title='bbox 960 1123 1264 1175; x_wconf 75' lang='lat' dir='ltr'><strong>descenderet,</strong></span> <span class='ocrx_word' id='word_1_134' title='bbox 1290 1132 1333 1165; x_wconf 90' lang='lat' dir='ltr'><strong>et</strong></span> <span class='ocrx_word' id='word_1_135' title='bbox 1354 1132 1498 1166; x_wconf 86' lang='lat' dir='ltr'><strong>osten-</strong></span> 
     </span>
     <span class='ocr_line' id='line_1_15' title="bbox 116 1191 1494 1251; baseline -0.004 -12"><span class='ocrx_word' id='word_1_136' title='bbox 116 1194 238 1239; x_wconf 87' lang='lat' dir='ltr'><strong>deret</strong></span> <span class='ocrx_word' id='word_1_137' title='bbox 260 1196 319 1238; x_wconf 88' lang='lat' dir='ltr'><strong>eis</strong></span> <span class='ocrx_word' id='word_1_138' title='bbox 341 1210 490 1239; x_wconf 90' lang='lat' dir='ltr'><strong>verum</strong></span> <span class='ocrx_word' id='word_1_139' title='bbox 525 1210 568 1238; x_wconf 93' lang='lat' dir='ltr'><strong>se</strong></span> <span class='ocrx_word' id='word_1_140' title='bbox 590 1210 679 1238; x_wconf 89' lang='lat' dir='ltr'><strong>esse</strong></span> <span class='ocrx_word' id='word_1_141' title='bbox 708 1194 868 1237; x_wconf 85' lang='lat' dir='ltr'><strong>Filium</strong></span> <span class='ocrx_word' id='word_1_142' title='bbox 895 1194 996 1247; x_wconf 83' lang='lat' dir='ltr'><strong>Dei,</strong></span> <span class='ocrx_word' id='word_1_143' title='bbox 1021 1208 1150 1251; x_wconf 84' lang='lat' dir='ltr'><strong>quem</strong></span> <span class='ocrx_word' id='word_1_144' title='bbox 1182 1191 1245 1234; x_wconf 87' lang='lat' dir='ltr'><strong>illi</strong></span> <span class='ocrx_word' id='word_1_145' title='bbox 1283 1192 1372 1234; x_wconf 80' lang='lat' dir='ltr'><strong>ausi</strong></span> <span class='ocrx_word' id='word_1_146' title='bbox 1394 1191 1494 1234; x_wconf 86' lang='lat' dir='ltr'><strong>fue-</strong></span> 
     </span>
     <span class='ocr_line' id='line_1_16' title="bbox 118 1261 1498 1320; baseline -0.003 -13"><span class='ocrx_word' id='word_1_147' title='bbox 118 1274 215 1309; x_wconf 80' lang='lat' dir='ltr'><strong>rant</strong></span> <span class='ocrx_word' id='word_1_148' title='bbox 245 1265 450 1308; x_wconf 76' lang='lat' dir='ltr'><strong>irridere?</strong></span> <span class='ocrx_word' id='word_1_149' title='bbox 482 1264 639 1307; x_wconf 88' lang='lat' dir='ltr'><strong>noluit.</strong></span> <span class='ocrx_word' id='word_1_150' title='bbox 663 1266 807 1316; x_wconf 81' lang='lat' dir='ltr'><strong>Quare</strong></span> <span class='ocrx_word' id='word_1_151' title='bbox 830 1262 971 1306; x_wconf 80' lang='lat' dir='ltr'><strong>noluit</strong></span> <span class='ocrx_word' id='word_1_152' title='bbox 997 1282 1005 1306; x_wconf 89' lang='lat'><strong>·.</strong></span> <span class='ocrx_word' id='word_1_153' title='bbox 1032 1261 1248 1320; x_wconf 77' lang='lat' dir='ltr'><strong>numquid</strong></span> <span class='ocrx_word' id='word_1_154' title='bbox 1276 1261 1377 1320; x_wconf 82' lang='lat' dir='ltr'><strong>quia</strong></span> <span class='ocrx_word' id='word_1_155' title='bbox 1410 1276 1498 1304; x_wconf 90' lang='lat' dir='ltr'><strong>non</strong></span> 
     </span>
     <span class='ocr_line' id='line_1_17' title="bbox 117 1329 1500 1395; baseline -0.004 -17"><span class='ocrx_word' id='word_1_156' title='bbox 117 1334 294 1395; x_wconf 81' lang='lat' dir='ltr'><strong>potuit?</strong></span> <span class='ocrx_word' id='word_1_157' title='bbox 317 1334 458 1392; x_wconf 89' lang='lat' dir='ltr'><strong>potuit</strong></span> <span class='ocrx_word' id='word_1_158' title='bbox 489 1333 632 1392; x_wconf 85' lang='lat' dir='ltr'><strong>plane.</strong></span> <span class='ocrx_word' id='word_1_159' title='bbox 659 1332 771 1385; x_wconf 84' lang='lat' dir='ltr'><strong>Quid</strong></span> <span class='ocrx_word' id='word_1_160' title='bbox 810 1341 873 1375; x_wconf 85' lang='lat' dir='ltr'><strong>est</strong></span> <span class='ocrx_word' id='word_1_161' title='bbox 906 1332 1020 1374; x_wconf 90' lang='lat' dir='ltr'><strong>enim</strong></span> <span class='ocrx_word' id='word_1_162' title='bbox 1057 1330 1265 1388; x_wconf 80' lang='lat' dir='ltr'><strong>amplius,</strong></span> <span class='ocrx_word' id='word_1_163' title='bbox 1290 1329 1344 1372; x_wconf 92' lang='lat' dir='ltr'><strong>de</strong></span> <span class='ocrx_word' id='word_1_164' title='bbox 1372 1345 1500 1373; x_wconf 90' lang='lat' dir='ltr'><strong>cruce</strong></span> 
     </span>
     <span class='ocr_line' id='line_1_18' title="bbox 118 1399 1501 1461; baseline -0.004 -13"><span class='ocrx_word' id='word_1_165' title='bbox 118 1405 395 1459; x_wconf 83' lang='lat' dir='ltr'><strong>descendere,</strong></span> <span class='ocrx_word' id='word_1_166' title='bbox 420 1420 476 1447; x_wconf 89' lang='lat' dir='ltr'><strong>an</strong></span> <span class='ocrx_word' id='word_1_167' title='bbox 497 1403 551 1447; x_wconf 90' lang='lat' dir='ltr'><strong>de</strong></span> <span class='ocrx_word' id='word_1_168' title='bbox 574 1403 773 1461; x_wconf 89' lang='lat' dir='ltr'><strong>sepulcro</strong></span> <span class='ocrx_word' id='word_1_169' title='bbox 794 1404 1038 1458; x_wconf 75' lang='lat' dir='ltr'><strong>resurgere?</strong></span> <span class='ocrx_word' id='word_1_170' title='bbox 1064 1401 1147 1445; x_wconf 86' lang='lat' dir='ltr'><strong>Sed</strong></span> <span class='ocrx_word' id='word_1_171' title='bbox 1168 1399 1348 1458; x_wconf 84' lang='lat' dir='ltr'><strong>pertulit</strong></span> <span class='ocrx_word' id='word_1_172' title='bbox 1370 1399 1501 1443; x_wconf 84' lang='lat' dir='ltr'><strong>insul·</strong></span> 
     </span>
     <span class='ocr_line' id='line_1_19' title="bbox 121 1466 1501 1530; baseline -0.005 -12"><span class='ocrx_word' id='word_1_173' title='bbox 121 1483 258 1518; x_wconf 83' lang='lat' dir='ltr'><strong>tames</strong></span> <span class='ocrx_word' id='word_1_174' title='bbox 277 1494 284 1518; x_wconf 88' lang='grc'>;</span> <span class='ocrx_word' id='word_1_175' title='bbox 307 1488 408 1518; x_wconf 86' lang='lat' dir='ltr'><strong>nam</strong></span> <span class='ocrx_word' id='word_1_176' title='bbox 432 1489 537 1516; x_wconf 87' lang='lat' dir='ltr'><strong>crux</strong></span> <span class='ocrx_word' id='word_1_177' title='bbox 560 1488 649 1522; x_wconf 88' lang='lat' dir='ltr'><strong>non</strong></span> <span class='ocrx_word' id='word_1_178' title='bbox 671 1466 729 1514; x_wconf 72' lang='lat' dir='ltr'><strong>ad*</strong></span> <span class='ocrx_word' id='word_1_179' title='bbox 750 1472 954 1530; x_wconf 75' lang='lat' dir='ltr'><strong>potentiae</strong></span> <span class='ocrx_word' id='word_1_180' title='bbox 977 1470 1291 1513; x_wconf 89' lang='lat' dir='ltr'><strong>documentum</strong></span> <span class='ocrx_word' id='word_1_181' title='bbox 1312 1504 1322 1523; x_wconf 84' lang='lat'>‚</span> <span class='ocrx_word' id='word_1_182' title='bbox 1348 1469 1424 1512; x_wconf 85' lang='lat' dir='ltr'><strong>sed</strong></span> <span class='ocrx_word' id='word_1_183' title='bbox 1446 1469 1501 1512; x_wconf 89' lang='lat' dir='ltr'><strong>ad</strong></span> 
     </span>
     <span class='ocr_line' id='line_1_20' title="bbox 120 1538 1498 1602; baseline -0.004 -15"><span class='ocrx_word' id='word_1_184' title='bbox 120 1543 364 1602; x_wconf 82' lang='lat' dir='ltr'><strong>exemplum</strong></span> <span class='ocrx_word' id='word_1_185' title='bbox 382 1542 601 1602; x_wconf 60' lang='lat' dir='ltr'><strong>patientiae</strong></span> <span class='ocrx_word' id='word_1_186' title='bbox 624 1550 820 1600; x_wconf 82' lang='lat' dir='ltr'><strong>suscepta</strong></span> <span class='ocrx_word' id='word_1_187' title='bbox 842 1549 920 1583; x_wconf 85' lang='lat' dir='ltr'><strong>est.</strong></span> <span class='ocrx_word' id='word_1_188' title='bbox 939 1540 1006 1583; x_wconf 89' lang='lat' dir='ltr'><strong>Ibi</strong></span> <span class='ocrx_word' id='word_1_189' title='bbox 1022 1539 1202 1583; x_wconf 84' lang='lat' dir='ltr'><strong>vquera</strong></span> <span class='ocrx_word' id='word_1_190' title='bbox 1225 1548 1298 1582; x_wconf 88' lang='lat' dir='ltr'><strong>tua</strong></span> <span class='ocrx_word' id='word_1_191' title='bbox 1316 1538 1498 1594; x_wconf 86' lang='lat' dir='ltr'><strong>curavit,</strong></span> 
     </span>
     <span class='ocr_line' id='line_1_21' title="bbox 119 1608 1500 1670; baseline -0.004 -13"><span class='ocrx_word' id='word_1_192' title='bbox 119 1613 198 1657; x_wconf 92' lang='lat' dir='ltr'><strong>ubi</strong></span> <span class='ocrx_word' id='word_1_193' title='bbox 219 1629 295 1657; x_wconf 88' lang='lat' dir='ltr'><strong>sua</strong></span> <span class='ocrx_word' id='word_1_194' title='bbox 316 1613 394 1657; x_wconf 48' lang='lat' dir='ltr'><strong>&gt;diu</strong></span> <span class='ocrx_word' id='word_1_195' title='bbox 426 1613 605 1670; x_wconf 85' lang='lat' dir='ltr'><strong>pertulit</strong></span> <span class='ocrx_word' id='word_1_196' title='bbox 631 1631 639 1655; x_wconf 77' lang='lat'>2</span> <span class='ocrx_word' id='word_1_197' title='bbox 662 1611 722 1654; x_wconf 87' lang='lat' dir='ltr'><strong>ibi</strong></span> <span class='ocrx_word' id='word_1_198' title='bbox 745 1621 787 1655; x_wconf 87' lang='lat' dir='ltr'><strong>te</strong></span> <span class='ocrx_word' id='word_1_199' title='bbox 811 1626 834 1653; x_wconf 89' lang='lat' dir='ltr'>a</span> <span class='ocrx_word' id='word_1_200' title='bbox 857 1620 993 1654; x_wconf 90' lang='lat' dir='ltr'><strong>morte</strong></span> <span class='ocrx_word' id='word_1_201' title='bbox 1016 1610 1276 1668; x_wconf 85' lang='lat' dir='ltr'><strong>sempiterna</strong></span> <span class='ocrx_word' id='word_1_202' title='bbox 1308 1608 1500 1661; x_wconf 80' lang='lat' dir='ltr'><strong>sanavit,</strong></span> 
     </span>
     <span class='ocr_line' id='line_1_22' title="bbox 123 1680 1503 1741; baseline -0.004 -14"><span class='ocrx_word' id='word_1_203' title='bbox 123 1683 199 1727; x_wconf 90' lang='lat' dir='ltr'><strong>ubi</strong></span> <span class='ocrx_word' id='word_1_204' title='bbox 229 1681 522 1741; x_wconf 88' lang='lat' dir='ltr'><strong>temporaliter</strong></span> <span class='ocrx_word' id='word_1_205' title='bbox 554 1681 662 1724; x_wconf 84' lang='lat' dir='ltr'><strong>mori</strong></span> <span class='ocrx_word' id='word_1_206' title='bbox 697 1680 898 1738; x_wconf 84' lang='lat' dir='ltr'><strong>dignatus</strong></span> <span class='ocrx_word' id='word_1_207' title='bbox 921 1688 998 1722; x_wconf 86' lang='lat' dir='ltr'><strong>est.</strong></span> <span class='ocrx_word' id='word_1_208' title='bbox 1027 1682 1080 1722; x_wconf 82' lang='lat' dir='ltr'><strong>Et</strong></span> <span class='ocrx_word' id='word_1_209' title='bbox 1112 1688 1308 1723; x_wconf 90' lang='lat' dir='ltr'><strong>mortuus</strong></span> <span class='ocrx_word' id='word_1_210' title='bbox 1330 1688 1421 1731; x_wconf 84' lang='lat' dir='ltr'><strong>est,</strong></span> <span class='ocrx_word' id='word_1_211' title='bbox 1448 1694 1503 1721; x_wconf 90' lang='lat' dir='ltr'><strong>an</strong></span> 
     </span>
     <span class='ocr_line' id='line_1_23' title="bbox 122 1749 1502 1808; baseline -0.004 -12"><span class='ocrx_word' id='word_1_212' title='bbox 122 1752 167 1796; x_wconf 92' lang='lat' dir='ltr'><strong>in</strong></span> <span class='ocrx_word' id='word_1_213' title='bbox 190 1751 265 1796; x_wconf 92' lang='lat' dir='ltr'><strong>illo</strong></span> <span class='ocrx_word' id='word_1_214' title='bbox 285 1767 399 1796; x_wconf 88' lang='lat' dir='ltr'><strong>mors</strong></span> <span class='ocrx_word' id='word_1_215' title='bbox 426 1760 598 1800; x_wconf 86' lang='lat' dir='ltr'><strong>mortua</strong></span> <span class='ocrx_word' id='word_1_216' title='bbox 632 1751 724 1794; x_wconf 79' lang='lat' dir='ltr'><strong>est?</strong></span> <span class='ocrx_word' id='word_1_217' title='bbox 745 1749 892 1802; x_wconf 87' lang='lat' dir='ltr'><strong>Qualis</strong></span> <span class='ocrx_word' id='word_1_218' title='bbox 913 1764 1027 1793; x_wconf 90' lang='lat' dir='ltr'><strong>mors</strong></span> <span class='ocrx_word' id='word_1_219' title='bbox 1047 1783 1058 1804; x_wconf 62' lang='lat'>7</span> <span class='ocrx_word' id='word_1_220' title='bbox 1092 1765 1191 1808; x_wconf 84' lang='lat' dir='ltr'><strong>quae</strong></span> <span class='ocrx_word' id='word_1_221' title='bbox 1222 1757 1405 1792; x_wconf 84' lang='lat' dir='ltr'><strong>mortem</strong></span> <span class='ocrx_word' id='word_1_222' title='bbox 1427 1763 1502 1792; x_wconf 92' lang='lat' dir='ltr'><strong>oc-</strong></span> 
     </span>
     <span class='ocr_line' id='line_1_24' title="bbox 124 1822 902 1866; baseline -0.005 0"><span class='ocrx_word' id='word_1_223' title='bbox 124 1822 259 1866; x_wconf 76' lang='lat' dir='ltr'><strong>cidit?</strong></span> <span class='ocrx_word' id='word_1_224' title='bbox 898 1826 902 1828; x_wconf 72' lang='grc'><strong><em>’</em></strong></span> 
     </span>
    </p>

    <p class='ocr_par' dir='ltr' id='par_1_3' title="bbox 127 1888 1516 2509">
     <span class='ocr_line' id='line_1_25' title="bbox 186 1888 1502 1949; baseline -0.003 -15"><span class='ocrx_word' id='word_1_225' title='bbox 186 1893 261 1934; x_wconf 93' lang='lat' dir='ltr'><strong>IV.</strong></span> <span class='ocrx_word' id='word_1_226' title='bbox 284 1894 380 1949; x_wconf 90' lang='lat' dir='ltr'><strong>Ipse</strong></span> <span class='ocrx_word' id='word_1_227' title='bbox 397 1899 621 1934; x_wconf 86' lang='lat' dir='ltr'><strong>esttamen</strong></span> <span class='ocrx_word' id='word_1_228' title='bbox 636 1888 844 1932; x_wconf 87' lang='lat' dir='ltr'><strong>Dominus</strong></span> <span class='ocrx_word' id='word_1_229' title='bbox 867 1897 1010 1932; x_wconf 86' lang='lat' dir='ltr'><strong>noster</strong></span> <span class='ocrx_word' id='word_1_230' title='bbox 1028 1890 1151 1932; x_wconf 85' lang='lat' dir='ltr'><strong>Jesus</strong></span> <span class='ocrx_word' id='word_1_231' title='bbox 1162 1888 1357 1932; x_wconf 86' lang='lat' dir='ltr'><strong>Christus</strong></span> <span class='ocrx_word' id='word_1_232' title='bbox 1370 1896 1502 1944; x_wconf 83' lang='lat' dir='ltr'><strong>totus;</strong></span> 
     </span>
     <span class='ocr_line' id='line_1_26' title="bbox 127 1958 1506 2022; baseline -0.006 -15"><span class='ocrx_word' id='word_1_233' title='bbox 127 1963 202 2022; x_wconf 86' lang='lat' dir='ltr'><strong>qui</strong></span> <span class='ocrx_word' id='word_1_234' title='bbox 224 1960 472 2014; x_wconf 84' lang='lat' dir='ltr'><strong>videbatur,</strong></span> <span class='ocrx_word' id='word_1_235' title='bbox 498 1969 541 2003; x_wconf 90' lang='lat' dir='ltr'><strong>et</strong></span> <span class='ocrx_word' id='word_1_236' title='bbox 574 1959 825 2012; x_wconf 81' lang='lat' dir='ltr'><strong>tenebatur⁷</strong></span> <span class='ocrx_word' id='word_1_237' title='bbox 854 1967 897 2001; x_wconf 91' lang='lat' dir='ltr'><strong>et</strong></span> <span class='ocrx_word' id='word_1_238' title='bbox 913 1958 1278 2015; x_wconf 69' lang='lat' dir='ltr'><strong>crucifigebatur?</strong></span> <span class='ocrx_word' id='word_1_239' title='bbox 1296 1960 1409 2002; x_wconf 87' lang='lat' dir='ltr'><strong>Num</strong></span> <span class='ocrx_word' id='word_1_240' title='bbox 1433 1966 1506 2000; x_wconf 84' lang='lat' dir='ltr'><strong>to-</strong></span> 
     </span>
     <span class='ocr_line' id='line_1_27' title="bbox 127 2025 1509 2090; baseline -0.004 -15"><span class='ocrx_word' id='word_1_241' title='bbox 127 2041 197 2077; x_wconf 88' lang='lat' dir='ltr'><strong>tus</strong></span> <span class='ocrx_word' id='word_1_242' title='bbox 215 2031 305 2090; x_wconf 87' lang='lat' dir='ltr'><strong>ipse</strong></span> <span class='ocrx_word' id='word_1_243' title='bbox 332 2031 420 2073; x_wconf 79' lang='lat' dir='ltr'><strong>est?</strong></span> <span class='ocrx_word' id='word_1_244' title='bbox 450 2033 544 2087; x_wconf 81' lang='lat' dir='ltr'><strong>Ipse</strong></span> <span class='ocrx_word' id='word_1_245' title='bbox 574 2038 636 2071; x_wconf 85' lang='lat' dir='ltr'><strong>est</strong></span> <span class='ocrx_word' id='word_1_246' title='bbox 670 2027 845 2086; x_wconf 84' lang='lat' dir='ltr'><strong>quidem</strong></span> <span class='ocrx_word' id='word_1_247' title='bbox 868 2062 879 2081; x_wconf 85' lang='lat'><em>‚</em></span> <span class='ocrx_word' id='word_1_248' title='bbox 903 2025 978 2070; x_wconf 89' lang='lat' dir='ltr'><strong>sed</strong></span> <span class='ocrx_word' id='word_1_249' title='bbox 1001 2043 1089 2070; x_wconf 89' lang='lat' dir='ltr'><strong>non</strong></span> <span class='ocrx_word' id='word_1_250' title='bbox 1112 2036 1227 2070; x_wconf 84' lang='lat' dir='ltr'><strong>totus</strong></span> <span class='ocrx_word' id='word_1_251' title='bbox 1250 2026 1360 2069; x_wconf 84' lang='lat' dir='ltr'><strong>illud</strong></span> <span class='ocrx_word' id='word_1_252' title='bbox 1388 2025 1509 2085; x_wconf 85' lang='lat' dir='ltr'><strong>quod</strong></span> 
     </span>
     <span class='ocr_line' id='line_1_28' title="bbox 128 2096 1510 2155; baseline -0.006 -9"><span class='ocrx_word' id='word_1_253' title='bbox 128 2101 334 2146; x_wconf 87' lang='lat' dir='ltr'><strong>viderunt</strong></span> <span class='ocrx_word' id='word_1_254' title='bbox 354 2099 522 2154; x_wconf 84' lang='lat' dir='ltr'><strong>Judaei,</strong></span> <span class='ocrx_word' id='word_1_255' title='bbox 545 2114 635 2142; x_wconf 91' lang='lat' dir='ltr'><strong>non</strong></span> <span class='ocrx_word' id='word_1_256' title='bbox 656 2099 739 2141; x_wconf 86' lang='lat' dir='ltr'><strong>hoc</strong></span> <span class='ocrx_word' id='word_1_257' title='bbox 757 2106 820 2141; x_wconf 89' lang='lat' dir='ltr'><strong>est</strong></span> <span class='ocrx_word' id='word_1_258' title='bbox 842 2107 957 2141; x_wconf 85' lang='lat' dir='ltr'><strong>totus</strong></span> <span class='ocrx_word' id='word_1_259' title='bbox 979 2098 1189 2141; x_wconf 85' lang='lat' dir='ltr'><strong>Christus.</strong></span> <span class='ocrx_word' id='word_1_260' title='bbox 1217 2099 1272 2139; x_wconf 89' lang='lat' dir='ltr'><strong>Et</strong></span> <span class='ocrx_word' id='word_1_261' title='bbox 1293 2096 1400 2155; x_wconf 74' lang='lat' dir='ltr'><strong>quid</strong></span> <span class='ocrx_word' id='word_1_262' title='bbox 1423 2096 1510 2139; x_wconf 63' lang='lat' dir='ltr'><strong>ost?</strong></span> 
     </span>
     <span class='ocr_line' id='line_1_29' title="bbox 135 2167 1511 2231; baseline -0.006 -15"><span class='ocrx_word' id='word_1_263' title='bbox 135 2193 155 2216; x_wconf 74' lang='lat' dir='ltr'><strong>u</strong></span> <span class='ocrx_word' id='word_1_264' title='bbox 191 2176 242 2216; x_wconf 92' lang='lat' dir='ltr'><strong>In</strong></span> <span class='ocrx_word' id='word_1_265' title='bbox 259 2171 470 2231; x_wconf 86' lang='lat' dir='ltr'><strong>principio</strong></span> <span class='ocrx_word' id='word_1_266' title='bbox 483 2179 573 2213; x_wconf 83' lang='lat' dir='ltr'><strong>erat</strong></span> <span class='ocrx_word' id='word_1_267' title='bbox 587 2170 796 2213; x_wconf 84' lang='lat' dir='ltr'><strong>Verbum.</strong></span> <span class='ocrx_word' id='word_1_268' title='bbox 818 2188 837 2209; x_wconf 89' lang='lat'>»</span> <span class='ocrx_word' id='word_1_269' title='bbox 864 2171 914 2211; x_wconf 93' lang='lat' dir='ltr'><strong>In</strong></span> <span class='ocrx_word' id='word_1_270' title='bbox 928 2183 1015 2226; x_wconf 80' lang='lat' dir='ltr'><strong>quo</strong></span> <span class='ocrx_word' id='word_1_271' title='bbox 1034 2167 1273 2225; x_wconf 78' lang='lat' dir='ltr'><strong>principio?</strong></span> <span class='ocrx_word' id='word_1_272' title='bbox 1300 2186 1319 2208; x_wconf 90' lang='lat'>«</span> <span class='ocrx_word' id='word_1_273' title='bbox 1341 2170 1395 2210; x_wconf 85' lang='lat' dir='ltr'><strong>Et</strong></span> <span class='ocrx_word' id='word_1_274' title='bbox 1410 2169 1511 2209; x_wconf 91' lang='lat' dir='ltr'><strong>Ver-</strong></span> 
     </span>
     <span class='ocr_line' id='line_1_30' title="bbox 136 2237 1511 2299; baseline -0.004 -16"><span class='ocrx_word' id='word_1_275' title='bbox 136 2261 156 2284; x_wconf 81' lang='lat'>»</span> <span class='ocrx_word' id='word_1_276' title='bbox 190 2242 297 2285; x_wconf 86' lang='lat' dir='ltr'><strong>burn</strong></span> <span class='ocrx_word' id='word_1_277' title='bbox 319 2250 409 2284; x_wconf 88' lang='lat' dir='ltr'><strong>erat</strong></span> <span class='ocrx_word' id='word_1_278' title='bbox 430 2240 546 2299; x_wconf 89' lang='lat' dir='ltr'><strong>apud</strong></span> <span class='ocrx_word' id='word_1_279' title='bbox 568 2242 722 2282; x_wconf 89' lang='lat' dir='ltr'><strong>Deum.</strong></span> <span class='ocrx_word' id='word_1_280' title='bbox 747 2256 766 2278; x_wconf 85' lang='lat'>»</span> <span class='ocrx_word' id='word_1_281' title='bbox 792 2241 848 2281; x_wconf 87' lang='lat' dir='ltr'><strong>Et</strong></span> <span class='ocrx_word' id='word_1_282' title='bbox 877 2237 1004 2296; x_wconf 79' lang='lat' dir='ltr'><strong>quale</strong></span> <span class='ocrx_word' id='word_1_283' title='bbox 1023 2237 1249 2279; x_wconf 76' lang='lat' dir='ltr'><strong>Verbum?</strong></span> <span class='ocrx_word' id='word_1_284' title='bbox 1275 2255 1295 2276; x_wconf 91' lang='lat'>«</span> <span class='ocrx_word' id='word_1_285' title='bbox 1320 2238 1376 2279; x_wconf 89' lang='lat' dir='ltr'><strong>Et</strong></span> <span class='ocrx_word' id='word_1_286' title='bbox 1399 2238 1511 2278; x_wconf 88' lang='lat' dir='ltr'><strong>Deus</strong></span> 
     </span>
     <span class='ocr_line' id='line_1_31' title="bbox 137 2305 1513 2367; baseline -0.003 -15"><span class='ocrx_word' id='word_1_287' title='bbox 137 2330 156 2353; x_wconf 84' lang='lat'>»</span> <span class='ocrx_word' id='word_1_288' title='bbox 192 2320 283 2354; x_wconf 87' lang='lat' dir='ltr'><strong>erat</strong></span> <span class='ocrx_word' id='word_1_289' title='bbox 315 2310 524 2354; x_wconf 87' lang='lat' dir='ltr'><strong>Verbum.</strong></span> <span class='ocrx_word' id='word_1_290' title='bbox 564 2327 583 2349; x_wconf 87' lang='lat'>»</span> <span class='ocrx_word' id='word_1_291' title='bbox 610 2306 834 2367; x_wconf 86' lang='lat' dir='ltr'><strong>Numquid</strong></span> <span class='ocrx_word' id='word_1_292' title='bbox 866 2307 977 2350; x_wconf 84' lang='lat' dir='ltr'><strong>forte</strong></span> <span class='ocrx_word' id='word_1_293' title='bbox 996 2322 1019 2349; x_wconf 90' lang='lat' dir='ltr'><strong>a</strong></span> <span class='ocrx_word' id='word_1_294' title='bbox 1043 2309 1131 2349; x_wconf 87' lang='lat' dir='ltr'><strong>Deo</strong></span> <span class='ocrx_word' id='word_1_295' title='bbox 1153 2305 1316 2349; x_wconf 85' lang='lat' dir='ltr'><strong>factum</strong></span> <span class='ocrx_word' id='word_1_296' title='bbox 1336 2315 1399 2348; x_wconf 82' lang='lat' dir='ltr'><strong>est</strong></span> <span class='ocrx_word' id='word_1_297' title='bbox 1429 2306 1513 2348; x_wconf 92' lang='lat' dir='ltr'><strong>hoc</strong></span> 
     </span>
     <span class='ocr_line' id='line_1_32' title="bbox 136 2375 1511 2436; baseline -0.007 -10"><span class='ocrx_word' id='word_1_298' title='bbox 136 2382 355 2426; x_wconf 77' lang='lat' dir='ltr'><strong>Verbum?</strong></span> <span class='ocrx_word' id='word_1_299' title='bbox 376 2383 488 2426; x_wconf 90' lang='lat' dir='ltr'>Non.</span> <span class='ocrx_word' id='word_1_300' title='bbox 510 2398 528 2421; x_wconf 90' lang='lat'>«</span> <span class='ocrx_word' id='word_1_301' title='bbox 552 2382 645 2423; x_wconf 93' lang='lat' dir='ltr'><strong>Hoc</strong></span> <span class='ocrx_word' id='word_1_302' title='bbox 658 2380 774 2422; x_wconf 87' lang='lat' dir='ltr'><strong>enim</strong></span> <span class='ocrx_word' id='word_1_303' title='bbox 789 2378 931 2421; x_wconf 84' lang='lat' dir='ltr'><strong>cratin</strong></span> <span class='ocrx_word' id='word_1_304' title='bbox 952 2377 1162 2436; x_wconf 83' lang='lat' dir='ltr'><strong>principio</strong></span> <span class='ocrx_word' id='word_1_305' title='bbox 1181 2375 1298 2435; x_wconf 87' lang='lat' dir='ltr'><strong>apud</strong></span> <span class='ocrx_word' id='word_1_306' title='bbox 1318 2379 1470 2418; x_wconf 86' lang='lat' dir='ltr'><strong>Deum.</strong></span> <span class='ocrx_word' id='word_1_307' title='bbox 1492 2393 1511 2416; x_wconf 88' lang='lat'>»</span> 
     </span>
     <span class='ocr_line' id='line_1_33' title="bbox 137 2445 1516 2509; baseline -0.004 -14"><span class='ocrx_word' id='word_1_308' title='bbox 137 2451 252 2504; x_wconf 86' lang='lat' dir='ltr'><strong>Quid</strong></span> <span class='ocrx_word' id='word_1_309' title='bbox 275 2451 406 2509; x_wconf 77' lang='lat' dir='ltr'><strong>ergo?</strong></span> <span class='ocrx_word' id='word_1_310' title='bbox 428 2448 523 2493; x_wconf 86' lang='lat' dir='ltr'><strong>Alia</strong></span> <span class='ocrx_word' id='word_1_311' title='bbox 545 2465 644 2509; x_wconf 82' lang='lat' dir='ltr'><strong>quae</strong></span> <span class='ocrx_word' id='word_1_312' title='bbox 668 2447 768 2492; x_wconf 86' lang='lat' dir='ltr'><strong>fecit</strong></span> <span class='ocrx_word' id='word_1_313' title='bbox 791 2452 901 2492; x_wconf 83' lang='lat' dir='ltr'><strong>Deus</strong></span> <span class='ocrx_word' id='word_1_314' title='bbox 922 2462 1011 2491; x_wconf 92' lang='lat' dir='ltr'><strong>non</strong></span> <span class='ocrx_word' id='word_1_315' title='bbox 1043 2446 1196 2490; x_wconf 78' lang='lat' dir='ltr'><strong>similia</strong></span> <span class='ocrx_word' id='word_1_316' title='bbox 1216 2455 1318 2489; x_wconf 87' lang='lat' dir='ltr'><strong>sunt</strong></span> <span class='ocrx_word' id='word_1_317' title='bbox 1339 2445 1516 2490; x_wconf 72' lang='lat' dir='ltr'><strong>Verbo?</strong></span> 
     </span>
    </p>

    <p class='ocr_par' dir='ltr' id='par_1_4' title="bbox 187 2532 592 2576">
     <span class='ocr_line' id='line_1_34' title="bbox 187 2532 592 2576; baseline -0.002 -10"><span class='ocrx_word' id='word_1_318' title='bbox 187 2543 195 2559; x_wconf 88' lang='lat'>¹</span> <span class='ocrx_word' id='word_1_319' title='bbox 213 2535 334 2568; x_wconf 83' lang='lat' dir='ltr'><strong>Matth.</strong></span> <span class='ocrx_word' id='word_1_320' title='bbox 353 2545 450 2575; x_wconf 83' lang='lat' dir='ltr'>xxvn,</span> <span class='ocrx_word' id='word_1_321' title='bbox 469 2534 522 2576; x_wconf 83' lang='lat'><strong>39,</strong></span> <span class='ocrx_word' id='word_1_322' title='bbox 536 2532 592 2575; x_wconf 76' lang='grc' dir='ltr'><strong>4ο.</strong></span> 
     </span>
    </p>
   </div>
  </div>
 </body>
</html>
