1819 3301
387 277 526 302 senno
560 275 716 302 nomm
750 276 793 302 IN
826 275 997 313 MONTE,
1033 275 1115 301 Lm.
1152 276 1180 300 1.
1393 265 1472 303 153

95 355 337 399 pannosum
371 340 454 384 dici
497 360 515 381 «
542 340 708 394 Racha,
743 359 762 380 »
799 340 1004 400 quoniam
1035 353 1172 397 graece
1193 338 1360 397 pannus
1384 348 1473 391 goim:

95 409 275 463 dicitur:
301 426 323 453 a
345 410 505 469 quibus
528 418 669 452 tamen
691 425 789 453 cum
805 409 1014 468 quaeritur
1031 407 1137 468 quid
1154 407 1322 451 dicatur
1337 425 1474 466 graece

94 495 312 539 pannosus
327 514 337 533 ,
363 495 451 522 non
485 480 750 537 respondent
775 498 795 520 «
820 480 964 523 Racha
987 498 995 523 ε
1025 498 1042 518 n
1065 477 1222 522 deinde
1244 488 1388 537 posset
1409 478 1473 523 la—

94 551 210 594 tinus
233 551 442 608 interpres
459 550 533 593 ubi
557 549 722 608 posuit,
753 568 773 590 «
798 551 964 604 Racha,
989 565 1266 608 »pannosum
1294 565 1471 609 ponere,

93 634 172 663 nec
193 620 257 662 uti
288 619 421 664 verbo
443 618 563 679 quod
594 628 638 662 et
663 618 708 662 in
727 618 859 662 latina
887 618 1033 676 lingua
1054 618 1226 662 nullum
1251 619 1331 674 sit,
1357 629 1400 663 et
1431 620 1475 664 in

92 703 227 746 graeca
261 689 530 732 inusitatum.
574 687 846 732 Probabilius
867 698 930 732 est
960 703 1062 746 ergo
1082 724 1092 743 ‚
1125 689 1245 748 quod
1277 690 1423 733 audivi
1451 705 1474 734 a

91 759 281 818 quodam
306 760 487 803 Hebraeo
506 795 515 811 ‚
541 774 641 803 cum
664 759 710 802 id
731 759 1056 816 interrogassem
1087 779 1095 804 :
1122 761 1229 805 dixit
1251 761 1366 804 enim
1385 776 1474 805 esse

90 844 242 873 vocem
273 845 360 872 non
392 830 705 886 significantem
728 828 915 889 aliquid,
942 831 1015 873 sed
1052 829 1313 888 indignantis
1341 831 1474 874 animi

91 907 258 942 motum
281 898 610 957 exprimentem.
638 900 723 942 Has
748 899 1065 958 interjectiones
1103 900 1369 956 grammatici
1394 916 1472 944 vo-

91 977 191 1011 cant
207 968 437 1026 particulas
454 969 656 1012 orationis
673 969 960 1026 significantes
974 970 1180 1013 commoti
1195 969 1327 1013 animi
1340 970 1475 1014 affec-

90 1046 184 1081 tum
212 1057 220 1082 :
240 1037 360 1082 velut
377 1054 478 1081 cum
496 1037 655 1082 dicitur
669 1054 691 1081 a
709 1038 883 1082 dolente
899 1075 909 1093 ,
936 1043 1054 1095 Heu,
1074 1038 1141 1082 vel
1164 1039 1218 1082 ab
1242 1039 1469 1096 irascente,

92 1110 217 1150 Hem.
244 1111 347 1159 Quae
363 1123 489 1151 voces
502 1123 775 1167 quarumque
790 1108 1036 1166 linguarum
1056 1119 1157 1152 sunt
1173 1110 1375 1168 propriae,
1393 1125 1471 1155 nec

90 1177 135 1220 in
157 1176 284 1220 aliam
306 1176 499 1236 linguam
526 1176 650 1221 facile
672 1176 991 1221 transferuntur
1019 1198 1026 1222 :
1055 1195 1153 1238 quae
1175 1195 1300 1222 causa
1322 1180 1472 1239 utique

91 1246 234 1304 coegit
271 1256 360 1289 tam
403 1262 590 1304 graecum
615 1247 893 1305 interpretem
930 1264 1063 1307 quam
1104 1248 1288 1292 latinum
1322 1265 1471 1294 vocem

90 1317 222 1374 ipsam
257 1332 417 1375 ponere
438 1352 447 1370 ,
471 1332 569 1361 cum
602 1318 823 1377 quomodo
859 1333 953 1361 eam
990 1319 1348 1378 interpretaretur
1382 1336 1472 1365 non

91 1386 317 1429 inveniret.

143 1457 305 1498 XXIV.
322 1455 489 1499 Gradus
502 1456 649 1516 itaque
663 1466 762 1500 sunt
774 1458 818 1500 in
833 1449 919 1501 istis
932 1459 1133 1516 peccatis,
1146 1468 1195 1502 ut
1210 1460 1347 1518 primo
1359 1460 1471 1520 quis·

91 1540 176 1584 que
198 1525 405 1568 irascatur
421 1561 431 1580 ,
455 1536 497 1569 et
514 1542 612 1569 eum
637 1536 802 1570 motum
824 1528 1006 1579 retineat
1028 1528 1157 1572 corde
1172 1539 1432 1588 conceptum
1459 1550 1467 1575 ;

83 1595 173 1653 jam
195 1594 228 1636 si
261 1595 483 1638 extorserit
506 1612 654 1640 vocem
678 1596 943 1654 indignantis
973 1598 1062 1656 ipsa
1095 1599 1328 1642 commotio
1345 1634 1355 1653 ,
1382 1615 1469 1643 non

89 1663 403 1721 significantem
426 1665 589 1724 aliquid
608 1701 618 1720 ,
644 1665 718 1708 sed
737 1666 857 1709 illum
884 1666 1015 1709 animi
1033 1677 1199 1710 motum
1229 1668 1316 1726 ipsa
1340 1684 1469 1727 erup-

88 1733 205 1776 tione
228 1742 478 1789 testantem,
500 1751 585 1794 qua
622 1734 800 1779 feriatur
828 1735 900 1779 ille
922 1737 991 1779 cui
1022 1737 1239 1794 irascitur3
1274 1737 1370 1796 plus
1406 1748 1470 1783 est

86 1803 241 1862 utique
263 1819 395 1862 quam
418 1804 451 1847 si
474 1819 653 1862 surgens
691 1806 753 1848 ira
785 1805 954 1849 silentio
982 1817 1248 1865 premeretur
1275 1827 1283 1851 :
1310 1808 1343 1851 si
1366 1824 1468 1852 vero

87 1889 176 1917 non
197 1871 337 1917 solum
369 1888 450 1916 vox
472 1873 737 1931 indignantis
762 1874 989 1930 audiatur,
1028 1877 1102 1919 sed
1130 1877 1255 1919 etiam
1285 1878 1466 1922 verbum

86 1959 173 2002 quo
189 1944 279 2002 jam
302 1953 463 1987 certam
485 1945 574 2003 ejus
597 1944 959 2002 vituperationem
999 1946 1043 1988 in
1065 1961 1194 2004 quem
1220 1945 1438 2004 profertur
1454 1982 1464 2001 ,

85 2011 279 2070 designet
296 2023 337 2056 et
360 2023 501 2068 notet,
523 2015 618 2073 quis
641 2014 814 2058 dubitet
830 2015 1015 2073 amplius
1038 2016 1118 2059 hoc
1136 2031 1224 2059 esse
1243 2051 1252 2069 ,
1279 2032 1409 2075 quam
1435 2018 1468 2060 si

84 2082 198 2126 solus
214 2084 522 2141 indignationis
544 2100 673 2128 sonus
691 2085 922 2129 ederetur?
938 2089 1091 2144 Itaque
1106 2086 1150 2128 in
1168 2085 1305 2144 primo
1326 2101 1466 2129 unum

84 2161 146 2196 est
162 2187 172 2206 ,
198 2151 244 2195 id
270 2161 362 2206 est,
388 2153 449 2195 ira
472 2154 583 2210 sola,
607 2156 652 2198 in
674 2155 866 2200 secundo
889 2155 978 2200 duo
994 2191 1004 2210 ‚
1023 2165 1066 2199 et
1086 2156 1146 2198 ira
1165 2191 1175 2209 ‚
1199 2165 1242 2199 et
1263 2171 1344 2200 vox
1366 2172 1465 2216 quae

82 2223 187 2265 iram
213 2223 446 2280 significat,
465 2223 510 2265 in
536 2223 662 2267 tertio
674 2227 770 2278 tria,
791 2235 835 2267 et
853 2228 936 2278 ira,
962 2236 1005 2269 et
1027 2241 1110 2269 vox
1131 2242 1227 2285 quae
1249 2226 1353 2269 iram
1378 2227 1465 2285 sig-

82 2293 253 2347 nificat,
294 2303 336 2337 et
368 2295 412 2337 in
445 2309 549 2337 voce
581 2294 670 2352 ipsa
703 2304 831 2338 certae
866 2296 1194 2353 vituperationis
1232 2298 1460 2354 expressio.

81 2362 192 2406 Vide
215 2378 331 2406 nunc
356 2364 481 2406 etiam
503 2373 587 2407 tres
620 2374 759 2407 reatus
780 2400 790 2418 ,
806 2365 958 2423 judicii
977 2400 986 2417 ,
1019 2365 1214 2418 concilii,
1253 2367 1463 2423 gehennae

77 2432 203 2489 ignis.
231 2435 336 2476 Nam
378 2433 422 2476 in
452 2433 617 2492 judicio
650 2434 792 2477 adhuc
825 2434 1063 2478 defensioni
1090 2436 1215 2477 datur
1237 2434 1388 2479 locus:
1418 2436 1463 2479 in

78 2502 262 2545 concilio
283 2512 426 2545 autem
451 2518 702 2563 quanquam
722 2513 763 2547 et
780 2503 994 2562 judicium
1018 2520 1106 2548 esse
1129 2503 1286 2559 soleat,
1314 2515 1463 2548 tamen

77 2572 179 2630 quia
201 2572 401 2616 interesse
423 2572 589 2632 aliquid
606 2575 689 2618 hoc
711 2574 806 2618 loco
826 2573 943 2618 fateri
970 2575 1083 2632 cogit
1105 2576 1193 2633 ipsa
1216 2575 1451 2630 distinctio,
