1819 3301
358 278 644 314 Qum-nouum
677 273 1038 313 EVANGELIORUM‚
1074 277 1157 303 Lm.
1193 278 1223 303 1.
1398 268 1477 306 281

308 346 386 387 IX.

331 416 387 456 X.

306 486 385 527 XI.

287 625 388 667 XII.

260 768 386 809 XIII.

268 840 384 882 XIV.

291 981 387 1023 XV.

265 1051 385 1094 XVI.

245 1193 385 1235 XVII.

216 1333 383 1375 XVIII.

261 1474 382 1516 XIX.

286 1613 385 1655 XX.

262 1754 384 1796 XXI.

236 1894 381 1936 XXII.

217 2035 382 2076 XXIII.

222 2174 383 2216 XXIV.

243 2315 382 2358 XXV.

224 2456 386 2498 XXVI.

197 2526 381 2568 XXVII.

451 347 513 387 De
537 341 684 387 fructu
705 352 910 398 centeno,
928 356 1136 400 sexageno
1154 377 1165 397 ‚
1190 350 1232 386 et
1251 342 1431 388 triceno.

453 412 578 466 Quod
598 414 655 457 ait
682 432 690 458 :
722 412 944 475 Colligite
959 414 1116 473 primo
1138 413 1343 457 zizania.
1358 410 1368 418 ”

451 486 512 527 De
541 499 675 542 grano
698 484 869 544 synflpis
897 484 1017 544 quod
1050 485 1187 544 majus
1210 484 1260 528 fit
1282 478 1484 528 omnibus

513 553 717 598 oleribus.

453 626 514 668 De
545 624 760 667 formento
787 624 907 683 quod
931 624 1096 682 accepit
1118 622 1304 680 mulier,
1330 633 1373 669 et
1392 624 1484 669 abs-

511 695 659 739 condit
678 697 721 739 in
744 695 893 739 farinae
911 696 1009 739 satis
1033 696 1184 739 tribus.

452 769 512 810 De
532 768 731 811 thesauro
752 767 797 810 in
821 781 924 825 agro
942 766 1211 810 abscondito.

449 838 573 891 Quod
596 839 797 883 dixerunt
814 841 838 882 J
844 838 954 882 udaei
974 859 983 883 :
1010 837 1148 883 Unde
1171 835 1279 882 huic
1291 838 1483 897 supien-

511 910 580 952 tia
603 908 705 954 lzcee
727 918 773 953 et
788 909 951 953 virtus.

452 979 581 1033 Quod
603 980 843 1024 ambulavit
864 980 908 1025 in
931 979 1038 1024 mari
1059 980 1113 1023 ad
1136 978 1390 1039 Discipulos.

453 1050 570 1102 Quid
605 1051 658 1094 sit
694 1070 703 1095 ι
740 1051 919 1095 Munus
959 1050 1287 1109 quodcumque
1324 1060 1393 1095 est
1421 1066 1484 1095 ex

512 1137 588 1164 me
603 1157 618 1177 ,
646 1120 734 1165 tibi
748 1120 980 1180 proderit.

450 1192 579 1244 Quod
617 1191 676 1235 ait
711 1212 720 1237 2
761 1190 927 1236 Omnis
952 1189 1198 1251 plantatio
1222 1206 1368 1250 quam
1389 1206 1484 1235 non

508 1260 750 1321 plantavit
771 1261 928 1306 Pater
947 1278 1093 1316 meus,
1120 1260 1461 1306 eradicabitur.

448 1335 509 1376 De
545 1348 681 1392 puero
718 1332 995 1378 centurionis
1037 1342 1079 1376 et
1106 1331 1193 1376 filia
1227 1332 1485 1377 Chananaeae

509 1402 716 1447 mulieris.

448 1472 564 1525 Quid
587 1473 831 1531 significent
853 1472 979 1525 muti,
1005 1480 1048 1515 et
1076 1471 1193 1526 caeci,
1219 1479 1261 1514 et
1281 1471 1416 1526 surdi,
1442 1480 1486 1516 et

513 1542 673 1595 claudi,
701 1543 776 1602 qui
793 1537 976 1585 curandi
1000 1540 1136 1586 oblati
1160 1550 1260 1585 sunt
1280 1542 1479 1586 Domino.

451 1613 579 1665 Quod
598 1613 656 1656 ait
683 1632 690 1656 :
722 1612 883 1656 Facto
907 1628 1103 1671 vespere
1127 1610 1283 1656 dicitis
1303 1629 1313 1655 :
1339 1611 1376 1657 S
1380 1627 1483 1656 ere-

510 1698 623 1725 num
637 1680 1066 1735 erit;rubiczmclum
1083 1683 1284 1726 estenim
1294 1681 1479 1727 coelum.

449 1753 575 1806 Quod
600 1754 658 1796 ait
685 1773 693 1797 :
714 1752 859 1797 Elias
877 1752 1068 1811 quidem
1087 1763 1310 1798 venturus
1332 1763 1418 1810 est,
1440 1764 1485 1799 et

483 1820 490 1827 ⁴
511 1824 724 1867 restituet
745 1824 922 1866 omnia.

447 1895 508 1936 De
540 1892 615 1936 illo
644 1894 719 1952 qui
752 1908 864 1952 saepe
887 1892 1070 1938 cadebat
1106 1893 1151 1937 in
1174 1893 1320 1952 ignem
1342 1903 1384 1939 et
1406 1894 1485 1938 ali-

510 1963 687 2022 quando
709 1964 752 2006 in
776 1979 948 2023 aquam.

448 2033 576 2086 Quod
615 2033 672 2076 ait
706 2053 714 2077 z
752 2032 891 2095 Ergo
927 2031 1068 2077 liberi
1100 2043 1209 2078 sunt
1228 2033 1357 2096 filii,
1382 2050 1484 2080 cum

511 2103 725 2146 tributum
744 2104 999 2162 exigeretur.

449 2173 576 2226 Quod
612 2174 670 2217 ait
705 2193 713 2218 :
758 2174 858 2235 Qui
891 2183 1053 2217 αῑιίθνη
1085 2172 1487 2220 scandalizaverit

514 2260 659 2287 umam
681 2260 744 2287 επ]
762 2242 948 2303 pusillis
972 2245 1087 2287 istis.

447 2316 572 2367 Quod
594 2314 766 2358 oblatus
791 2324 854 2358 est
875 2315 913 2358 ei
936 2313 1106 2359 debitor
1124 2314 1274 2360 decem
1301 2315 1487 2360 millium

515 2384 796 2428 talentorum.

451 2457 513 2498 De
535 2454 668 2499 divite
685 2455 763 2514 qui
786 2469 875 2499 non
896 2454 1030 2499 intrat
1047 2455 1092 2498 in
1114 2470 1297 2514 regnum
1321 2456 1413 2500 Dei.

445 2525 575 2577 Quod
605 2525 778 2569 duobus
801 2541 991 2570 seorsum
1027 2525 1253 2585 Discipulis
1275 2541 1318 2571 se
1341 2541 1486 2587 passu-

512 2611 609 2640 rum
633 2594 810 2642 indicat.
