<?xml version="1.0" encoding="UTF-8"?>
<!DOCTYPE html PUBLIC "-//W3C//DTD XHTML 1.0 Transitional//EN"
    "http://www.w3.org/TR/xhtml1/DTD/xhtml1-transitional.dtd">
<html xmlns="http://www.w3.org/1999/xhtml" xml:lang="en" lang="en">
 <head>
  <title>
</title>
<meta http-equiv="Content-Type" content="text/html;charset=utf-8" />
  <meta name='ocr-system' content='tesseract 3.04.00' />
  <meta name='ocr-capabilities' content='ocr_page ocr_carea ocr_par ocr_line ocrx_word'/>
</head>
<body>
  <div class='ocr_page' id='page_1' title='image "./operaomniaaccura14auguuoft_0504.png"; bbox 0 0 1819 3301; ppageno 0'>
   <div class='ocr_carea' id='block_1_1' title="bbox 328 238 1286 278">
    <p class='ocr_par' dir='ltr' id='par_1_1' title="bbox 328 238 1286 278">
     <span class='ocr_line' id='line_1_1' title="bbox 328 238 1286 278; baseline -0.001 0"><span class='ocrx_word' id='word_1_1' title='bbox 328 238 410 278; x_wconf 80' lang='lat'>468</span> <span class='ocrx_word' id='word_1_2' title='bbox 770 249 804 277; x_wconf 88' lang='lat' dir='ltr'>s.</span> <span class='ocrx_word' id='word_1_3' title='bbox 840 249 1072 277; x_wconf 69' lang='lat' dir='ltr'>Accus’nm</span> <span class='ocrx_word' id='word_1_4' title='bbox 1104 249 1286 277; x_wconf 75' lang='lat' dir='ltr'>Emscom</span> 
     </span>
    </p>
   </div>
   <div class='ocr_carea' id='block_1_2' title="bbox 317 313 1728 2575">
    <p class='ocr_par' dir='ltr' id='par_1_2' title="bbox 317 313 1728 1513">
     <span class='ocr_line' id='line_1_2' title="bbox 328 313 1716 375; baseline 0.001 -19"><span class='ocrx_word' id='word_1_5' title='bbox 328 334 348 357; x_wconf 86' lang='lat'>»</span> <span class='ocrx_word' id='word_1_6' title='bbox 385 315 525 359; x_wconf 81' lang='lat' dir='ltr'>debeo</span> <span class='ocrx_word' id='word_1_7' title='bbox 541 315 792 375; x_wconf 60' lang='lat' dir='ltr'>baptizat-N.</span> <span class='ocrx_word' id='word_1_8' title='bbox 809 333 827 355; x_wconf 87' lang='lat'>»</span> <span class='ocrx_word' id='word_1_9' title='bbox 853 313 938 358; x_wconf 89' lang='lat' dir='ltr'>Sed</span> <span class='ocrx_word' id='word_1_10' title='bbox 952 328 1052 358; x_wconf 87' lang='lat' dir='ltr'>ecce</span> <span class='ocrx_word' id='word_1_11' title='bbox 1070 313 1306 358; x_wconf 87' lang='lat' dir='ltr'>Dominum</span> <span class='ocrx_word' id='word_1_12' title='bbox 1321 322 1515 367; x_wconf 88' lang='lat' dir='ltr'>noverat,</span> <span class='ocrx_word' id='word_1_13' title='bbox 1535 322 1716 358; x_wconf 86' lang='lat' dir='ltr'>noverat</span> 
     </span>
     <span class='ocr_line' id='line_1_3' title="bbox 325 383 1715 444; baseline -0.001 -15"><span class='ocrx_word' id='word_1_14' title='bbox 325 385 483 430; x_wconf 89' lang='lat' dir='ltr'>Filium</span> <span class='ocrx_word' id='word_1_15' title='bbox 505 386 580 429; x_wconf 87' lang='lat' dir='ltr'>Dei</span> <span class='ocrx_word' id='word_1_16' title='bbox 607 406 614 429; x_wconf 89' lang='grc'>;</span> <span class='ocrx_word' id='word_1_17' title='bbox 641 385 759 428; x_wconf 90' lang='lat' dir='ltr'>unde</span> <span class='ocrx_word' id='word_1_18' title='bbox 782 383 1018 443; x_wconf 85' lang='lat' dir='ltr'>probamus</span> <span class='ocrx_word' id='word_1_19' title='bbox 1043 383 1164 444; x_wconf 89' lang='lat' dir='ltr'>quod</span> <span class='ocrx_word' id='word_1_20' title='bbox 1174 384 1264 443; x_wconf 85' lang='lat' dir='ltr'>jam</span> <span class='ocrx_word' id='word_1_21' title='bbox 1288 392 1489 438; x_wconf 86' lang='lat' dir='ltr'>noverat,</span> <span class='ocrx_word' id='word_1_22' title='bbox 1507 384 1607 444; x_wconf 92' lang='lat' dir='ltr'>quia</span> <span class='ocrx_word' id='word_1_23' title='bbox 1625 384 1715 442; x_wconf 85' lang='lat' dir='ltr'>ipse</span> 
     </span>
     <span class='ocr_line' id='line_1_4' title="bbox 322 450 1715 516; baseline -0.002 -15"><span class='ocrx_word' id='word_1_24' title='bbox 322 456 562 516; x_wconf 86' lang='lat' dir='ltr'>baptizaret</span> <span class='ocrx_word' id='word_1_25' title='bbox 593 455 638 498; x_wconf 90' lang='lat' dir='ltr'>in</span> <span class='ocrx_word' id='word_1_26' title='bbox 670 455 834 513; x_wconf 81' lang='lat' dir='ltr'>Spiritu</span> <span class='ocrx_word' id='word_1_27' title='bbox 867 455 1048 498; x_wconf 76' lang='lat' dir='ltr'>sancto?</span> <span class='ocrx_word' id='word_1_28' title='bbox 1071 457 1321 515; x_wconf 84' lang='lat' dir='ltr'>Antequam</span> <span class='ocrx_word' id='word_1_29' title='bbox 1343 454 1511 498; x_wconf 88' lang='lat' dir='ltr'>veniret</span> <span class='ocrx_word' id='word_1_30' title='bbox 1545 453 1599 498; x_wconf 85' lang='lat' dir='ltr'>ad</span> <span class='ocrx_word' id='word_1_31' title='bbox 1626 450 1715 498; x_wconf 81' lang='lat' dir='ltr'>flu—</span> 
     </span>
     <span class='ocr_line' id='line_1_5' title="bbox 322 525 1716 585; baseline -0.001 -12"><span class='ocrx_word' id='word_1_32' title='bbox 322 528 462 583; x_wconf 84' lang='lat' dir='ltr'>vium,</span> <span class='ocrx_word' id='word_1_33' title='bbox 485 541 583 572; x_wconf 90' lang='lat' dir='ltr'>cum</span> <span class='ocrx_word' id='word_1_34' title='bbox 609 526 736 570; x_wconf 89' lang='lat' dir='ltr'>multi</span> <span class='ocrx_word' id='word_1_35' title='bbox 757 525 812 570; x_wconf 89' lang='lat' dir='ltr'>ad</span> <span class='ocrx_word' id='word_1_36' title='bbox 837 528 1052 570; x_wconf 70' lang='lat' dir='ltr'>,Ioannem</span> <span class='ocrx_word' id='word_1_37' title='bbox 1069 535 1381 571; x_wconf 84' lang='lat' dir='ltr'>concurrerent</span> <span class='ocrx_word' id='word_1_38' title='bbox 1400 526 1634 585; x_wconf 86' lang='lat' dir='ltr'>baptizari,</span> <span class='ocrx_word' id='word_1_39' title='bbox 1657 526 1716 571; x_wconf 87' lang='lat' dir='ltr'>ait</span> 
     </span>
     <span class='ocr_line' id='line_1_6' title="bbox 321 595 1717 657; baseline -0.002 -13"><span class='ocrx_word' id='word_1_40' title='bbox 321 599 425 653; x_wconf 86' lang='lat' dir='ltr'>illis,</span> <span class='ocrx_word' id='word_1_41' title='bbox 458 617 477 640; x_wconf 74' lang='grc' dir='ltr'>α</span> <span class='ocrx_word' id='word_1_42' title='bbox 503 600 596 656; x_wconf 82' lang='lat' dir='ltr'>Ego</span> <span class='ocrx_word' id='word_1_43' title='bbox 618 595 799 657; x_wconf 89' lang='lat' dir='ltr'>quidem</span> <span class='ocrx_word' id='word_1_44' title='bbox 821 597 995 657; x_wconf 87' lang='lat' dir='ltr'>baptizo</span> <span class='ocrx_word' id='word_1_45' title='bbox 1017 612 1092 642; x_wconf 91' lang='lat' dir='ltr'>vos</span> <span class='ocrx_word' id='word_1_46' title='bbox 1113 597 1160 642; x_wconf 92' lang='lat' dir='ltr'>in</span> <span class='ocrx_word' id='word_1_47' title='bbox 1186 613 1297 657; x_wconf 90' lang='lat' dir='ltr'>aqua</span> <span class='ocrx_word' id='word_1_48' title='bbox 1317 633 1327 653; x_wconf 94' lang='lat'>,</span> <span class='ocrx_word' id='word_1_49' title='bbox 1354 598 1430 657; x_wconf 89' lang='lat' dir='ltr'>qui</span> <span class='ocrx_word' id='word_1_50' title='bbox 1453 606 1596 641; x_wconf 88' lang='lat' dir='ltr'>autem</span> <span class='ocrx_word' id='word_1_51' title='bbox 1618 605 1717 656; x_wconf 88' lang='lat' dir='ltr'>post</span> 
     </span>
     <span class='ocr_line' id='line_1_7' title="bbox 323 667 1716 728; baseline -0.001 -15"><span class='ocrx_word' id='word_1_52' title='bbox 323 689 343 713; x_wconf 90' lang='lat'>»</span> <span class='ocrx_word' id='word_1_53' title='bbox 379 684 448 712; x_wconf 92' lang='lat' dir='ltr'>me</span> <span class='ocrx_word' id='word_1_54' title='bbox 469 668 610 723; x_wconf 89' lang='lat' dir='ltr'>venit,</span> <span class='ocrx_word' id='word_1_55' title='bbox 646 669 782 727; x_wconf 83' lang='lat' dir='ltr'>major</span> <span class='ocrx_word' id='word_1_56' title='bbox 802 684 871 712; x_wconf 90' lang='lat' dir='ltr'>me</span> <span class='ocrx_word' id='word_1_57' title='bbox 902 677 992 724; x_wconf 83' lang='lat' dir='ltr'>est,</span> <span class='ocrx_word' id='word_1_58' title='bbox 1020 669 1142 728; x_wconf 88' lang='lat' dir='ltr'>cujus</span> <span class='ocrx_word' id='word_1_59' title='bbox 1164 684 1253 713; x_wconf 91' lang='lat' dir='ltr'>non</span> <span class='ocrx_word' id='word_1_60' title='bbox 1272 684 1369 713; x_wconf 88' lang='lat' dir='ltr'>sum</span> <span class='ocrx_word' id='word_1_61' title='bbox 1397 667 1554 727; x_wconf 79' lang='lat' dir='ltr'>dignus</span> <span class='ocrx_word' id='word_1_62' title='bbox 1583 668 1716 713; x_wconf 84' lang='lat' dir='ltr'>corri-</span> 
     </span>
     <span class='ocr_line' id='line_1_8' title="bbox 322 737 1716 800; baseline 0.001 -18"><span class='ocrx_word' id='word_1_63' title='bbox 322 758 343 782; x_wconf 88' lang='lat'>»</span> <span class='ocrx_word' id='word_1_64' title='bbox 378 739 491 798; x_wconf 84' lang='lat' dir='ltr'>giam</span> <span class='ocrx_word' id='word_1_65' title='bbox 505 739 787 784; x_wconf 79' lang='lat' dir='ltr'>calceamenti</span> <span class='ocrx_word' id='word_1_66' title='bbox 805 737 972 783; x_wconf 87' lang='lat' dir='ltr'>solvere</span> <span class='ocrx_word' id='word_1_67' title='bbox 991 759 999 784; x_wconf 89' lang='grc'>;</span> <span class='ocrx_word' id='word_1_68' title='bbox 1020 740 1113 799; x_wconf 94' lang='lat' dir='ltr'>ipse</span> <span class='ocrx_word' id='word_1_69' title='bbox 1134 755 1210 785; x_wconf 84' lang='lat' dir='ltr'>vos</span> <span class='ocrx_word' id='word_1_70' title='bbox 1231 740 1468 800; x_wconf 82' lang='lat' dir='ltr'>baptizabit</span> <span class='ocrx_word' id='word_1_71' title='bbox 1488 742 1533 783; x_wconf 92' lang='lat' dir='ltr'>in</span> <span class='ocrx_word' id='word_1_72' title='bbox 1552 739 1716 799; x_wconf 81' lang='lat' dir='ltr'>Spiritu</span> 
     </span>
     <span class='ocr_line' id='line_1_9' title="bbox 321 810 1716 871; baseline 0.002 -18"><span class='ocrx_word' id='word_1_73' title='bbox 321 830 341 853; x_wconf 76' lang='lat'>&gt;›</span> <span class='ocrx_word' id='word_1_74' title='bbox 377 820 526 856; x_wconf 86' lang='lat' dir='ltr'>sancto</span> <span class='ocrx_word' id='word_1_75' title='bbox 549 820 591 855; x_wconf 89' lang='lat' dir='ltr'>et</span> <span class='ocrx_word' id='word_1_76' title='bbox 608 811 738 869; x_wconf 76' lang='lat' dir='ltr'>igni2.</span> <span class='ocrx_word' id='word_1_77' title='bbox 761 829 780 852; x_wconf 89' lang='lat'>»</span> <span class='ocrx_word' id='word_1_78' title='bbox 798 813 895 855; x_wconf 87' lang='lat' dir='ltr'>Jam</span> <span class='ocrx_word' id='word_1_79' title='bbox 909 820 953 855; x_wconf 87' lang='lat' dir='ltr'>et</span> <span class='ocrx_word' id='word_1_80' title='bbox 966 810 1049 855; x_wconf 90' lang='lat' dir='ltr'>hoc</span> <span class='ocrx_word' id='word_1_81' title='bbox 1064 821 1259 856; x_wconf 87' lang='lat' dir='ltr'>noverat.</span> <span class='ocrx_word' id='word_1_82' title='bbox 1287 811 1402 865; x_wconf 90' lang='lat' dir='ltr'>Quid</span> <span class='ocrx_word' id='word_1_83' title='bbox 1424 826 1525 869; x_wconf 84' lang='lat' dir='ltr'>ergo</span> <span class='ocrx_word' id='word_1_84' title='bbox 1541 826 1618 871; x_wconf 89' lang='lat' dir='ltr'>per</span> <span class='ocrx_word' id='word_1_85' title='bbox 1640 826 1716 856; x_wconf 90' lang='lat' dir='ltr'>co-</span> 
     </span>
     <span class='ocr_line' id='line_1_10' title="bbox 317 881 1713 943; baseline 0 -15"><span class='ocrx_word' id='word_1_86' title='bbox 317 883 518 928; x_wconf 81' lang='lat' dir='ltr'>lumbam</span> <span class='ocrx_word' id='word_1_87' title='bbox 550 881 732 938; x_wconf 86' lang='lat' dir='ltr'>didicit,</span> <span class='ocrx_word' id='word_1_88' title='bbox 769 897 824 926; x_wconf 91' lang='lat' dir='ltr'>ne</span> <span class='ocrx_word' id='word_1_89' title='bbox 854 881 1043 927; x_wconf 77' lang='lat' dir='ltr'>mendax</span> <span class='ocrx_word' id='word_1_90' title='bbox 1079 892 1227 942; x_wconf 83' lang='lat' dir='ltr'>postea</span> <span class='ocrx_word' id='word_1_91' title='bbox 1266 883 1528 937; x_wconf 86' lang='lat' dir='ltr'>inveniatur,</span> <span class='ocrx_word' id='word_1_92' title='bbox 1554 883 1713 943; x_wconf 84' lang='lat' dir='ltr'>(quod</span> 
     </span>
     <span class='ocr_line' id='line_1_11' title="bbox 318 953 1714 1014; baseline -0.001 -15"><span class='ocrx_word' id='word_1_93' title='bbox 318 963 484 1000; x_wconf 91' lang='lat' dir='ltr'>avertat</span> <span class='ocrx_word' id='word_1_94' title='bbox 506 970 530 998; x_wconf 94' lang='lat' dir='ltr'>a</span> <span class='ocrx_word' id='word_1_95' title='bbox 547 953 672 998; x_wconf 92' lang='lat' dir='ltr'>nobis</span> <span class='ocrx_word' id='word_1_96' title='bbox 684 956 798 997; x_wconf 93' lang='lat' dir='ltr'>Deus</span> <span class='ocrx_word' id='word_1_97' title='bbox 818 953 1035 1013; x_wconf 84' lang='lat' dir='ltr'>opinari,)</span> <span class='ocrx_word' id='word_1_98' title='bbox 1057 953 1138 997; x_wconf 90' lang='lat' dir='ltr'>nisi</span> <span class='ocrx_word' id='word_1_99' title='bbox 1153 953 1389 1014; x_wconf 83' lang='lat' dir='ltr'>quemdam</span> <span class='ocrx_word' id='word_1_100' title='bbox 1405 955 1714 1014; x_wconf 84' lang='lat' dir='ltr'>proprietatem</span> 
     </span>
     <span class='ocr_line' id='line_1_12' title="bbox 318 1022 1713 1084; baseline -0.001 -14"><span class='ocrx_word' id='word_1_101' title='bbox 318 1026 365 1069; x_wconf 89' lang='lat' dir='ltr'>in</span> <span class='ocrx_word' id='word_1_102' title='bbox 386 1024 559 1070; x_wconf 89' lang='lat' dir='ltr'>Christo</span> <span class='ocrx_word' id='word_1_103' title='bbox 577 1023 710 1068; x_wconf 89' lang='lat' dir='ltr'>talem</span> <span class='ocrx_word' id='word_1_104' title='bbox 725 1022 942 1079; x_wconf 88' lang='lat' dir='ltr'>futuram,</span> <span class='ocrx_word' id='word_1_105' title='bbox 963 1033 1013 1068; x_wconf 91' lang='lat' dir='ltr'>ut</span> <span class='ocrx_word' id='word_1_106' title='bbox 1030 1024 1227 1084; x_wconf 90' lang='lat' dir='ltr'>quamvis</span> <span class='ocrx_word' id='word_1_107' title='bbox 1251 1024 1378 1068; x_wconf 86' lang='lat' dir='ltr'>multi</span> <span class='ocrx_word' id='word_1_108' title='bbox 1395 1024 1580 1068; x_wconf 90' lang='lat' dir='ltr'>ministri</span> <span class='ocrx_word' id='word_1_109' title='bbox 1601 1024 1713 1084; x_wconf 90' lang='lat' dir='ltr'>bap-</span> 
     </span>
     <span class='ocr_line' id='line_1_13' title="bbox 319 1096 1716 1157; baseline -0.001 -15"><span class='ocrx_word' id='word_1_110' title='bbox 319 1097 492 1143; x_wconf 86' lang='lat' dir='ltr'>tizaturi</span> <span class='ocrx_word' id='word_1_111' title='bbox 526 1106 690 1152; x_wconf 82' lang='lat' dir='ltr'>essent,</span> <span class='ocrx_word' id='word_1_112' title='bbox 731 1097 819 1141; x_wconf 87' lang='lat' dir='ltr'>sive</span> <span class='ocrx_word' id='word_1_113' title='bbox 853 1096 959 1157; x_wconf 82' lang='lat' dir='ltr'>justi</span> <span class='ocrx_word' id='word_1_114' title='bbox 989 1097 1077 1141; x_wconf 88' lang='lat' dir='ltr'>sive</span> <span class='ocrx_word' id='word_1_115' title='bbox 1111 1096 1282 1156; x_wconf 88' lang='lat' dir='ltr'>injusti,</span> <span class='ocrx_word' id='word_1_116' title='bbox 1322 1112 1412 1141; x_wconf 91' lang='lat' dir='ltr'>non</span> <span class='ocrx_word' id='word_1_117' title='bbox 1448 1097 1716 1141; x_wconf 87' lang='lat' dir='ltr'>tribueretur</span> 
     </span>
     <span class='ocr_line' id='line_1_14' title="bbox 319 1165 1711 1227; baseline -0.002 -14"><span class='ocrx_word' id='word_1_118' title='bbox 319 1168 520 1214; x_wconf 85' lang='lat' dir='ltr'>sanctitas</span> <span class='ocrx_word' id='word_1_119' title='bbox 538 1167 759 1227; x_wconf 83' lang='lat' dir='ltr'>baptismi,</span> <span class='ocrx_word' id='word_1_120' title='bbox 775 1167 857 1210; x_wconf 88' lang='lat' dir='ltr'>nisi</span> <span class='ocrx_word' id='word_1_121' title='bbox 871 1165 934 1210; x_wconf 91' lang='lat' dir='ltr'>illi</span> <span class='ocrx_word' id='word_1_122' title='bbox 950 1182 1080 1227; x_wconf 91' lang='lat' dir='ltr'>super</span> <span class='ocrx_word' id='word_1_123' title='bbox 1098 1183 1229 1227; x_wconf 87' lang='lat' dir='ltr'>quem</span> <span class='ocrx_word' id='word_1_124' title='bbox 1248 1167 1475 1211; x_wconf 87' lang='lat' dir='ltr'>descendit</span> <span class='ocrx_word' id='word_1_125' title='bbox 1491 1166 1711 1223; x_wconf 89' lang='lat' dir='ltr'>columba,</span> 
     </span>
     <span class='ocr_line' id='line_1_15' title="bbox 319 1237 1728 1300; baseline -0.001 -16"><span class='ocrx_word' id='word_1_126' title='bbox 319 1240 374 1284; x_wconf 83' lang='lat' dir='ltr'>de</span> <span class='ocrx_word' id='word_1_127' title='bbox 405 1254 494 1300; x_wconf 86' lang='lat' dir='ltr'>quo</span> <span class='ocrx_word' id='word_1_128' title='bbox 526 1237 695 1283; x_wconf 89' lang='lat' dir='ltr'>dictum</span> <span class='ocrx_word' id='word_1_129' title='bbox 731 1246 829 1281; x_wconf 89' lang='lat' dir='ltr'>est:</span> <span class='ocrx_word' id='word_1_130' title='bbox 867 1256 887 1279; x_wconf 91' lang='lat'>«</span> <span class='ocrx_word' id='word_1_131' title='bbox 915 1238 996 1282; x_wconf 92' lang='lat' dir='ltr'>Hic</span> <span class='ocrx_word' id='word_1_132' title='bbox 1033 1247 1098 1282; x_wconf 90' lang='lat' dir='ltr'>est</span> <span class='ocrx_word' id='word_1_133' title='bbox 1138 1238 1214 1298; x_wconf 91' lang='lat' dir='ltr'>qui</span> <span class='ocrx_word' id='word_1_134' title='bbox 1247 1237 1439 1297; x_wconf 86' lang='lat' dir='ltr'>baptizat</span> <span class='ocrx_word' id='word_1_135' title='bbox 1472 1237 1518 1280; x_wconf 91' lang='lat' dir='ltr'>in</span> <span class='ocrx_word' id='word_1_136' title='bbox 1553 1237 1728 1297; x_wconf 83' lang='lat' dir='ltr'>Spiritu-</span> 
     </span>
     <span class='ocr_line' id='line_1_16' title="bbox 320 1304 1716 1368; baseline -0.001 -15"><span class='ocrx_word' id='word_1_137' title='bbox 320 1329 340 1353; x_wconf 91' lang='lat'>»</span> <span class='ocrx_word' id='word_1_138' title='bbox 377 1311 587 1354; x_wconf 71' lang='lat' dir='ltr'>sancto3i‘</span> <span class='ocrx_word' id='word_1_139' title='bbox 611 1328 629 1350; x_wconf 95' lang='lat'>»</span> <span class='ocrx_word' id='word_1_140' title='bbox 656 1312 810 1353; x_wconf 88' lang='lat' dir='ltr'>Petrus</span> <span class='ocrx_word' id='word_1_141' title='bbox 834 1307 1048 1367; x_wconf 86' lang='lat' dir='ltr'>baptizet,</span> <span class='ocrx_word' id='word_1_142' title='bbox 1073 1309 1145 1352; x_wconf 90' lang='lat' dir='ltr'>hic</span> <span class='ocrx_word' id='word_1_143' title='bbox 1177 1318 1241 1352; x_wconf 92' lang='lat' dir='ltr'>est</span> <span class='ocrx_word' id='word_1_144' title='bbox 1259 1304 1333 1368; x_wconf 84' lang='lat' dir='ltr'>qui</span> <span class='ocrx_word' id='word_1_145' title='bbox 1357 1308 1576 1367; x_wconf 72' lang='lat' dir='ltr'>baptizat,</span> <span class='ocrx_word' id='word_1_146' title='bbox 1601 1311 1716 1352; x_wconf 90' lang='lat' dir='ltr'>Pau-</span> 
     </span>
     <span class='ocr_line' id='line_1_17' title="bbox 319 1378 1717 1440; baseline -0.001 -15"><span class='ocrx_word' id='word_1_147' title='bbox 319 1381 387 1426; x_wconf 89' lang='lat' dir='ltr'>lus</span> <span class='ocrx_word' id='word_1_148' title='bbox 409 1381 622 1440; x_wconf 84' lang='lat' dir='ltr'>baptizet,</span> <span class='ocrx_word' id='word_1_149' title='bbox 648 1379 719 1423; x_wconf 89' lang='lat' dir='ltr'>hic</span> <span class='ocrx_word' id='word_1_150' title='bbox 741 1387 805 1423; x_wconf 90' lang='lat' dir='ltr'>est</span> <span class='ocrx_word' id='word_1_151' title='bbox 823 1380 900 1438; x_wconf 88' lang='lat' dir='ltr'>qui</span> <span class='ocrx_word' id='word_1_152' title='bbox 922 1378 1140 1438; x_wconf 66' lang='lat' dir='ltr'>baptizat,</span> <span class='ocrx_word' id='word_1_153' title='bbox 1166 1381 1187 1422; x_wconf 90' lang='lat' dir='ltr'><strong>J</strong></span> <span class='ocrx_word' id='word_1_154' title='bbox 1195 1378 1302 1423; x_wconf 89' lang='lat' dir='ltr'>udas</span> <span class='ocrx_word' id='word_1_155' title='bbox 1323 1378 1535 1438; x_wconf 87' lang='lat' dir='ltr'>baptizet,</span> <span class='ocrx_word' id='word_1_156' title='bbox 1560 1379 1630 1424; x_wconf 91' lang='lat' dir='ltr'>hic</span> <span class='ocrx_word' id='word_1_157' title='bbox 1653 1387 1717 1424; x_wconf 88' lang='lat' dir='ltr'>est</span> 
     </span>
     <span class='ocr_line' id='line_1_18' title="bbox 320 1452 628 1513; baseline -0.006 -17"><span class='ocrx_word' id='word_1_158' title='bbox 320 1453 397 1513; x_wconf 86' lang='lat' dir='ltr'>qui</span> <span class='ocrx_word' id='word_1_159' title='bbox 420 1452 628 1511; x_wconf 88' lang='lat' dir='ltr'>baptizat.</span> 
     </span>
    </p>

    <p class='ocr_par' dir='ltr' id='par_1_3' title="bbox 321 1519 1718 2575">
     <span class='ocr_line' id='line_1_19' title="bbox 379 1519 1716 1580; baseline -0.003 -13"><span class='ocrx_word' id='word_1_160' title='bbox 379 1525 502 1567; x_wconf 89' lang='lat' dir='ltr'>VIII.</span> <span class='ocrx_word' id='word_1_161' title='bbox 525 1524 633 1568; x_wconf 90' lang='lat' dir='ltr'>Nam</span> <span class='ocrx_word' id='word_1_162' title='bbox 655 1520 690 1564; x_wconf 92' lang='lat' dir='ltr'>si</span> <span class='ocrx_word' id='word_1_163' title='bbox 707 1535 786 1580; x_wconf 87' lang='lat' dir='ltr'>pro</span> <span class='ocrx_word' id='word_1_164' title='bbox 808 1519 1056 1564; x_wconf 87' lang='lat' dir='ltr'>diversitate</span> <span class='ocrx_word' id='word_1_165' title='bbox 1074 1519 1331 1565; x_wconf 84' lang='lat' dir='ltr'>meritorum</span> <span class='ocrx_word' id='word_1_166' title='bbox 1354 1520 1568 1580; x_wconf 87' lang='lat' dir='ltr'>baptisma</span> <span class='ocrx_word' id='word_1_167' title='bbox 1591 1534 1716 1565; x_wconf 90' lang='lat' dir='ltr'>sanc-</span> 
     </span>
     <span class='ocr_line' id='line_1_20' title="bbox 323 1591 1716 1654; baseline -0.004 -14"><span class='ocrx_word' id='word_1_168' title='bbox 323 1605 419 1640; x_wconf 89' lang='lat' dir='ltr'>tum</span> <span class='ocrx_word' id='word_1_169' title='bbox 441 1603 505 1638; x_wconf 90' lang='lat' dir='ltr'>est</span> <span class='ocrx_word' id='word_1_170' title='bbox 525 1629 535 1649; x_wconf 88' lang='lat'>,</span> <span class='ocrx_word' id='word_1_171' title='bbox 562 1592 665 1654; x_wconf 85' lang='lat' dir='ltr'>quia</span> <span class='ocrx_word' id='word_1_172' title='bbox 687 1592 853 1637; x_wconf 83' lang='lat' dir='ltr'>diversa</span> <span class='ocrx_word' id='word_1_173' title='bbox 877 1600 979 1636; x_wconf 83' lang='lat' dir='ltr'>sunt</span> <span class='ocrx_word' id='word_1_174' title='bbox 1001 1591 1176 1646; x_wconf 81' lang='lat' dir='ltr'>merita,</span> <span class='ocrx_word' id='word_1_175' title='bbox 1202 1592 1371 1637; x_wconf 85' lang='lat' dir='ltr'>diversa</span> <span class='ocrx_word' id='word_1_176' title='bbox 1399 1601 1528 1636; x_wconf 87' lang='lat' dir='ltr'>erunt</span> <span class='ocrx_word' id='word_1_177' title='bbox 1550 1592 1716 1652; x_wconf 88' lang='lat' dir='ltr'>baptis-</span> 
     </span>
     <span class='ocr_line' id='line_1_21' title="bbox 322 1660 1713 1723; baseline -0.002 -13"><span class='ocrx_word' id='word_1_178' title='bbox 322 1675 438 1711; x_wconf 90' lang='lat' dir='ltr'>mata</span> <span class='ocrx_word' id='word_1_179' title='bbox 457 1686 468 1723; x_wconf 74' lang='lat'><em>3</em></span> <span class='ocrx_word' id='word_1_180' title='bbox 493 1673 535 1708; x_wconf 90' lang='lat' dir='ltr'>et</span> <span class='ocrx_word' id='word_1_181' title='bbox 557 1672 679 1708; x_wconf 89' lang='lat' dir='ltr'>tanto</span> <span class='ocrx_word' id='word_1_182' title='bbox 698 1662 885 1723; x_wconf 87' lang='lat' dir='ltr'>quisque</span> <span class='ocrx_word' id='word_1_183' title='bbox 909 1661 1075 1722; x_wconf 89' lang='lat' dir='ltr'>aliquid</span> <span class='ocrx_word' id='word_1_184' title='bbox 1099 1660 1254 1707; x_wconf 89' lang='lat' dir='ltr'>melius</span> <span class='ocrx_word' id='word_1_185' title='bbox 1276 1672 1457 1723; x_wconf 86' lang='lat' dir='ltr'>putatur</span> <span class='ocrx_word' id='word_1_186' title='bbox 1489 1663 1681 1722; x_wconf 88' lang='lat' dir='ltr'>accipere</span> <span class='ocrx_word' id='word_1_187' title='bbox 1702 1698 1713 1718; x_wconf 93' lang='lat'>,</span> 
     </span>
     <span class='ocr_line' id='line_1_22' title="bbox 323 1732 1717 1797; baseline -0.002 -16"><span class='ocrx_word' id='word_1_188' title='bbox 323 1745 489 1797; x_wconf 86' lang='lat' dir='ltr'>quanto</span> <span class='ocrx_word' id='word_1_189' title='bbox 507 1752 529 1779; x_wconf 93' lang='lat' dir='ltr'>a</span> <span class='ocrx_word' id='word_1_190' title='bbox 548 1734 726 1779; x_wconf 87' lang='lat' dir='ltr'>meliore</span> <span class='ocrx_word' id='word_1_191' title='bbox 746 1732 919 1778; x_wconf 85' lang='lat' dir='ltr'>videtur</span> <span class='ocrx_word' id='word_1_192' title='bbox 937 1732 1165 1793; x_wconf 89' lang='lat' dir='ltr'>accepisse.</span> <span class='ocrx_word' id='word_1_193' title='bbox 1193 1733 1281 1792; x_wconf 90' lang='lat' dir='ltr'>Ipsi</span> <span class='ocrx_word' id='word_1_194' title='bbox 1308 1734 1461 1789; x_wconf 71' lang='lat' dir='ltr'>sancti,</span> <span class='ocrx_word' id='word_1_195' title='bbox 1486 1733 1717 1792; x_wconf 81' lang='lat' dir='ltr'>intelligite</span> 
     </span>
     <span class='ocr_line' id='line_1_23' title="bbox 321 1803 1718 1865; baseline -0.003 -13"><span class='ocrx_word' id='word_1_196' title='bbox 321 1806 491 1861; x_wconf 72' lang='lat' dir='ltr'>fratres,</span> <span class='ocrx_word' id='word_1_197' title='bbox 518 1806 622 1851; x_wconf 88' lang='lat' dir='ltr'>boni</span> <span class='ocrx_word' id='word_1_198' title='bbox 657 1804 923 1865; x_wconf 88' lang='lat' dir='ltr'>pertinentes</span> <span class='ocrx_word' id='word_1_199' title='bbox 963 1803 1018 1848; x_wconf 91' lang='lat' dir='ltr'>ad</span> <span class='ocrx_word' id='word_1_200' title='bbox 1056 1803 1336 1860; x_wconf 86' lang='lat' dir='ltr'>columbam,</span> <span class='ocrx_word' id='word_1_201' title='bbox 1373 1805 1638 1864; x_wconf 81' lang='lat' dir='ltr'>pertinentes</span> <span class='ocrx_word' id='word_1_202' title='bbox 1661 1804 1718 1849; x_wconf 91' lang='lat' dir='ltr'>ad</span> 
     </span>
     <span class='ocr_line' id='line_1_24' title="bbox 324 1873 1714 1934; baseline -0.003 -11"><span class='ocrx_word' id='word_1_203' title='bbox 324 1887 483 1923; x_wconf 85' lang='lat' dir='ltr'>sortem</span> <span class='ocrx_word' id='word_1_204' title='bbox 506 1877 688 1921; x_wconf 89' lang='lat' dir='ltr'>civitatis</span> <span class='ocrx_word' id='word_1_205' title='bbox 725 1875 839 1919; x_wconf 88' lang='lat' dir='ltr'>illius</span> <span class='ocrx_word' id='word_1_206' title='bbox 872 1873 1134 1930; x_wconf 84' lang='lat' dir='ltr'>Jerusalem,</span> <span class='ocrx_word' id='word_1_207' title='bbox 1160 1875 1241 1934; x_wconf 86' lang='lat' dir='ltr'>ipsi</span> <span class='ocrx_word' id='word_1_208' title='bbox 1278 1875 1383 1919; x_wconf 85' lang='lat' dir='ltr'>boni</span> <span class='ocrx_word' id='word_1_209' title='bbox 1420 1876 1465 1918; x_wconf 93' lang='lat' dir='ltr'>in</span> <span class='ocrx_word' id='word_1_210' title='bbox 1499 1874 1714 1930; x_wconf 85' lang='lat' dir='ltr'>Ecclesia,</span> 
     </span>
     <span class='ocr_line' id='line_1_25' title="bbox 323 1944 1717 2009; baseline -0.003 -16"><span class='ocrx_word' id='word_1_211' title='bbox 323 1949 378 1994; x_wconf 90' lang='lat' dir='ltr'>de</span> <span class='ocrx_word' id='word_1_212' title='bbox 401 1948 559 2009; x_wconf 87' lang='lat' dir='ltr'>quibus</span> <span class='ocrx_word' id='word_1_213' title='bbox 595 1946 701 1990; x_wconf 90' lang='lat' dir='ltr'>dicit</span> <span class='ocrx_word' id='word_1_214' title='bbox 732 1944 990 2005; x_wconf 86' lang='lat' dir='ltr'>Apostolus,</span> <span class='ocrx_word' id='word_1_215' title='bbox 1037 1964 1058 1987; x_wconf 90' lang='lat'>«</span> <span class='ocrx_word' id='word_1_216' title='bbox 1097 1945 1229 1990; x_wconf 87' lang='lat' dir='ltr'>Novit</span> <span class='ocrx_word' id='word_1_217' title='bbox 1272 1945 1484 1990; x_wconf 89' lang='lat' dir='ltr'>Dominus</span> <span class='ocrx_word' id='word_1_218' title='bbox 1503 1946 1579 2005; x_wconf 88' lang='lat' dir='ltr'>qui</span> <span class='ocrx_word' id='word_1_219' title='bbox 1614 1954 1717 1990; x_wconf 89' lang='lat' dir='ltr'>sunt</span> 
     </span>
     <span class='ocr_line' id='line_1_26' title="bbox 327 2016 1718 2079; baseline -0.001 -18"><span class='ocrx_word' id='word_1_220' title='bbox 327 2038 347 2061; x_wconf 89' lang='lat'>»</span> <span class='ocrx_word' id='word_1_221' title='bbox 384 2020 528 2079; x_wconf 71' lang='lat' dir='ltr'>ejus4:</span> <span class='ocrx_word' id='word_1_222' title='bbox 553 2036 572 2059; x_wconf 68' lang='lat' dir='ltr'>n</span> <span class='ocrx_word' id='word_1_223' title='bbox 600 2017 867 2061; x_wconf 90' lang='lat' dir='ltr'>diversarum</span> <span class='ocrx_word' id='word_1_224' title='bbox 892 2016 1127 2074; x_wconf 81' lang='lat' dir='ltr'>gratiarum</span> <span class='ocrx_word' id='word_1_225' title='bbox 1152 2024 1253 2059; x_wconf 88' lang='lat' dir='ltr'>sunt</span> <span class='ocrx_word' id='word_1_226' title='bbox 1273 2051 1283 2070; x_wconf 85' lang='lat'>,</span> <span class='ocrx_word' id='word_1_227' title='bbox 1315 2031 1405 2060; x_wconf 89' lang='lat' dir='ltr'>non</span> <span class='ocrx_word' id='word_1_228' title='bbox 1426 2031 1575 2060; x_wconf 90' lang='lat' dir='ltr'>omnes</span> <span class='ocrx_word' id='word_1_229' title='bbox 1598 2016 1718 2075; x_wconf 85' lang='lat' dir='ltr'>paria</span> 
     </span>
     <span class='ocr_line' id='line_1_27' title="bbox 324 2086 1718 2142; baseline -0.002 -8"><span class='ocrx_word' id='word_1_230' title='bbox 324 2090 478 2134; x_wconf 90' lang='lat' dir='ltr'>merita</span> <span class='ocrx_word' id='word_1_231' title='bbox 495 2089 661 2133; x_wconf 86' lang='lat' dir='ltr'>habent</span> <span class='ocrx_word' id='word_1_232' title='bbox 686 2107 695 2132; x_wconf 92' lang='lat'>:</span> <span class='ocrx_word' id='word_1_233' title='bbox 721 2096 823 2132; x_wconf 86' lang='lat' dir='ltr'>sunt</span> <span class='ocrx_word' id='word_1_234' title='bbox 853 2087 925 2130; x_wconf 91' lang='lat' dir='ltr'>alii</span> <span class='ocrx_word' id='word_1_235' title='bbox 954 2086 1046 2131; x_wconf 90' lang='lat' dir='ltr'>aliis</span> <span class='ocrx_word' id='word_1_236' title='bbox 1088 2087 1344 2142; x_wconf 83' lang='lat' dir='ltr'>sanctiores,</span> <span class='ocrx_word' id='word_1_237' title='bbox 1389 2096 1491 2131; x_wconf 90' lang='lat' dir='ltr'>sunt</span> <span class='ocrx_word' id='word_1_238' title='bbox 1534 2087 1604 2131; x_wconf 88' lang='lat' dir='ltr'>alii</span> <span class='ocrx_word' id='word_1_239' title='bbox 1627 2087 1718 2132; x_wconf 89' lang='lat' dir='ltr'>aliis</span> 
     </span>
     <span class='ocr_line' id='line_1_28' title="bbox 326 2158 1718 2218; baseline -0.001 -13"><span class='ocrx_word' id='word_1_240' title='bbox 326 2160 538 2205; x_wconf 89' lang='lat' dir='ltr'>meliores.</span> <span class='ocrx_word' id='word_1_241' title='bbox 567 2161 710 2212; x_wconf 88' lang='lat' dir='ltr'>Quare</span> <span class='ocrx_word' id='word_1_242' title='bbox 733 2173 833 2216; x_wconf 80' lang='lat' dir='ltr'>ergo</span> <span class='ocrx_word' id='word_1_243' title='bbox 856 2158 890 2201; x_wconf 91' lang='lat' dir='ltr'>si</span> <span class='ocrx_word' id='word_1_244' title='bbox 919 2173 1033 2201; x_wconf 91' lang='lat' dir='ltr'>unus</span> <span class='ocrx_word' id='word_1_245' title='bbox 1055 2158 1110 2201; x_wconf 88' lang='lat' dir='ltr'>ab</span> <span class='ocrx_word' id='word_1_246' title='bbox 1143 2158 1218 2202; x_wconf 90' lang='lat' dir='ltr'>illo</span> <span class='ocrx_word' id='word_1_247' title='bbox 1233 2193 1243 2212; x_wconf 92' lang='lat'>,</span> <span class='ocrx_word' id='word_1_248' title='bbox 1268 2158 1390 2202; x_wconf 88' lang='lat' dir='ltr'>verbi</span> <span class='ocrx_word' id='word_1_249' title='bbox 1413 2159 1569 2216; x_wconf 84' lang='lat' dir='ltr'>gratia,</span> <span class='ocrx_word' id='word_1_250' title='bbox 1598 2160 1718 2218; x_wconf 84' lang='lat' dir='ltr'>justo</span> 
     </span>
     <span class='ocr_line' id='line_1_29' title="bbox 325 2228 1716 2290; baseline -0.001 -14"><span class='ocrx_word' id='word_1_251' title='bbox 325 2242 475 2276; x_wconf 85' lang='lat' dir='ltr'>sancto</span> <span class='ocrx_word' id='word_1_252' title='bbox 505 2230 770 2290; x_wconf 83' lang='lat' dir='ltr'>baptizetur,</span> <span class='ocrx_word' id='word_1_253' title='bbox 806 2229 915 2273; x_wconf 90' lang='lat' dir='ltr'>alius</span> <span class='ocrx_word' id='word_1_254' title='bbox 950 2228 1005 2272; x_wconf 89' lang='lat' dir='ltr'>ab</span> <span class='ocrx_word' id='word_1_255' title='bbox 1041 2229 1125 2273; x_wconf 89' lang='lat' dir='ltr'>alio</span> <span class='ocrx_word' id='word_1_256' title='bbox 1163 2228 1379 2273; x_wconf 89' lang='lat' dir='ltr'>inferioris</span> <span class='ocrx_word' id='word_1_257' title='bbox 1422 2230 1564 2273; x_wconf 87' lang='lat' dir='ltr'>meriti</span> <span class='ocrx_word' id='word_1_258' title='bbox 1599 2229 1716 2289; x_wconf 87' lang='lat' dir='ltr'>apud</span> 
     </span>
     <span class='ocr_line' id='line_1_30' title="bbox 325 2298 1717 2359; baseline -0.002 -12"><span class='ocrx_word' id='word_1_259' title='bbox 325 2306 463 2347; x_wconf 84' lang='lat' dir='ltr'>Deum</span> <span class='ocrx_word' id='word_1_260' title='bbox 487 2337 496 2355; x_wconf 82' lang='grc'><em>,</em></span> <span class='ocrx_word' id='word_1_261' title='bbox 517 2300 733 2346; x_wconf 88' lang='lat' dir='ltr'>inferioris</span> <span class='ocrx_word' id='word_1_262' title='bbox 752 2298 932 2359; x_wconf 80' lang='lat' dir='ltr'>gradus⁷</span> <span class='ocrx_word' id='word_1_263' title='bbox 956 2298 1170 2344; x_wconf 86' lang='lat' dir='ltr'>inferioris</span> <span class='ocrx_word' id='word_1_264' title='bbox 1188 2301 1484 2355; x_wconf 85' lang='lat' dir='ltr'>continentiae,</span> <span class='ocrx_word' id='word_1_265' title='bbox 1501 2300 1717 2345; x_wconf 87' lang='lat' dir='ltr'>inferioris</span> 
     </span>
     <span class='ocr_line' id='line_1_31' title="bbox 326 2369 1717 2431; baseline -0.001 -13"><span class='ocrx_word' id='word_1_266' title='bbox 326 2374 426 2418; x_wconf 76' lang='lat' dir='ltr'>vitae</span> <span class='ocrx_word' id='word_1_267' title='bbox 443 2409 453 2429; x_wconf 85' lang='lat'>,</span> <span class='ocrx_word' id='word_1_268' title='bbox 479 2387 618 2417; x_wconf 88' lang='lat' dir='ltr'>unum</span> <span class='ocrx_word' id='word_1_269' title='bbox 642 2381 790 2416; x_wconf 87' lang='lat' dir='ltr'>tamen</span> <span class='ocrx_word' id='word_1_270' title='bbox 813 2380 856 2415; x_wconf 89' lang='lat' dir='ltr'>et</span> <span class='ocrx_word' id='word_1_271' title='bbox 877 2387 956 2430; x_wconf 87' lang='lat' dir='ltr'>par</span> <span class='ocrx_word' id='word_1_272' title='bbox 979 2380 1021 2414; x_wconf 90' lang='lat' dir='ltr'>et</span> <span class='ocrx_word' id='word_1_273' title='bbox 1043 2369 1214 2431; x_wconf 84' lang='lat' dir='ltr'>aequale</span> <span class='ocrx_word' id='word_1_274' title='bbox 1237 2381 1299 2415; x_wconf 89' lang='lat' dir='ltr'>est</span> <span class='ocrx_word' id='word_1_275' title='bbox 1320 2371 1439 2431; x_wconf 86' lang='lat' dir='ltr'>quod</span> <span class='ocrx_word' id='word_1_276' title='bbox 1457 2381 1717 2431; x_wconf 86' lang='lat' dir='ltr'>acceperunt</span> 
     </span>
     <span class='ocr_line' id='line_1_32' title="bbox 328 2443 1716 2504; baseline -0.001 -15"><span class='ocrx_word' id='word_1_277' title='bbox 328 2446 408 2489; x_wconf 88' lang='lat' dir='ltr'>nisi</span> <span class='ocrx_word' id='word_1_278' title='bbox 442 2445 543 2504; x_wconf 86' lang='lat' dir='ltr'>quia</span> <span class='ocrx_word' id='word_1_279' title='bbox 571 2464 590 2486; x_wconf 70' lang='grc' dir='ltr'><strong>α</strong></span> <span class='ocrx_word' id='word_1_280' title='bbox 618 2444 697 2488; x_wconf 91' lang='lat' dir='ltr'>Hic</span> <span class='ocrx_word' id='word_1_281' title='bbox 731 2452 794 2487; x_wconf 90' lang='lat' dir='ltr'>est</span> <span class='ocrx_word' id='word_1_282' title='bbox 827 2443 903 2502; x_wconf 87' lang='lat' dir='ltr'>qui</span> <span class='ocrx_word' id='word_1_283' title='bbox 929 2443 1154 2502; x_wconf 77' lang='lat' dir='ltr'>baptizat?</span> <span class='ocrx_word' id='word_1_284' title='bbox 1181 2462 1194 2483; x_wconf 92' lang='lat'>.›</span> <span class='ocrx_word' id='word_1_285' title='bbox 1221 2445 1452 2496; x_wconf 83' lang='lat' dir='ltr'>Quomodo</span> <span class='ocrx_word' id='word_1_286' title='bbox 1484 2459 1586 2502; x_wconf 83' lang='lat' dir='ltr'>ergo</span> <span class='ocrx_word' id='word_1_287' title='bbox 1614 2459 1716 2488; x_wconf 89' lang='lat' dir='ltr'>cum</span> 
     </span>
     <span class='ocr_line' id='line_1_33' title="bbox 325 2514 1710 2575; baseline -0.001 -15"><span class='ocrx_word' id='word_1_288' title='bbox 325 2517 515 2575; x_wconf 75' lang='lat' dir='ltr'>baptizat</span> <span class='ocrx_word' id='word_1_289' title='bbox 536 2517 676 2560; x_wconf 86' lang='lat' dir='ltr'>bonus</span> <span class='ocrx_word' id='word_1_290' title='bbox 697 2551 706 2571; x_wconf 73' lang='lat'>,</span> <span class='ocrx_word' id='word_1_291' title='bbox 730 2524 771 2559; x_wconf 89' lang='lat' dir='ltr'>et</span> <span class='ocrx_word' id='word_1_292' title='bbox 794 2514 974 2570; x_wconf 83' lang='lat' dir='ltr'>melior,</span> <span class='ocrx_word' id='word_1_293' title='bbox 1000 2530 1089 2558; x_wconf 86' lang='lat' dir='ltr'>non</span> <span class='ocrx_word' id='word_1_294' title='bbox 1112 2514 1210 2557; x_wconf 88' lang='lat' dir='ltr'>idco</span> <span class='ocrx_word' id='word_1_295' title='bbox 1234 2515 1311 2558; x_wconf 87' lang='lat' dir='ltr'>iste</span> <span class='ocrx_word' id='word_1_296' title='bbox 1340 2515 1503 2559; x_wconf 86' lang='lat' dir='ltr'>bonum</span> <span class='ocrx_word' id='word_1_297' title='bbox 1528 2517 1710 2575; x_wconf 80' lang='lat' dir='ltr'>accepit,</span> 
     </span>
    </p>
   </div>
   <div class='ocr_carea' id='block_1_3' title="bbox 378 2597 1686 2641">
    <p class='ocr_par' dir='ltr' id='par_1_4' title="bbox 378 2597 1686 2641">
     <span class='ocr_line' id='line_1_34' title="bbox 378 2597 1686 2641; baseline 0 -10"><span class='ocrx_word' id='word_1_298' title='bbox 378 2608 384 2623; x_wconf 88' lang='lat'>¹</span> <span class='ocrx_word' id='word_1_299' title='bbox 410 2601 515 2633; x_wconf 73' lang='lat' dir='ltr'>Maul·</span> <span class='ocrx_word' id='word_1_300' title='bbox 550 2612 594 2641; x_wconf 76' lang='grc' dir='ltr'>ιιι,</span> <span class='ocrx_word' id='word_1_301' title='bbox 620 2600 666 2641; x_wconf 63' lang='grc'>14,</span> <span class='ocrx_word' id='word_1_302' title='bbox 686 2617 726 2622; x_wconf 88' lang='lat'>—-·</span> <span class='ocrx_word' id='word_1_303' title='bbox 746 2607 756 2622; x_wconf 84' lang='lat'><em>²</em></span> <span class='ocrx_word' id='word_1_304' title='bbox 775 2599 842 2631; x_wconf 64' lang='lat' dir='ltr'>{bid</span> <span class='ocrx_word' id='word_1_305' title='bbox 881 2599 987 2641; x_wconf 60' lang='lat' dir='ltr'>‘Pl—l·</span> <span class='ocrx_word' id='word_1_306' title='bbox 1007 2617 1047 2621; x_wconf 97' lang='lat'><strong>—</strong></span> <span class='ocrx_word' id='word_1_307' title='bbox 1076 2597 1088 2622; x_wconf 85' lang='lat'>3</span> <span class='ocrx_word' id='word_1_308' title='bbox 1114 2602 1189 2631; x_wconf 56' lang='grc' dir='ltr'>δραι]</span> <span class='ocrx_word' id='word_1_309' title='bbox 1227 2611 1247 2639; x_wconf 26' lang='grc' dir='ltr'>ι’,</span> <span class='ocrx_word' id='word_1_310' title='bbox 1277 2600 1325 2631; x_wconf 75' lang='lat'>33.</span> <span class='ocrx_word' id='word_1_311' title='bbox 1350 2617 1387 2622; x_wconf 92' lang='lat'>—-</span> <span class='ocrx_word' id='word_1_312' title='bbox 1410 2599 1423 2628; x_wconf 69' lang='lat'><strong>4</strong></span> <span class='ocrx_word' id='word_1_313' title='bbox 1443 2608 1462 2632; x_wconf 83' lang='lat'><strong>2</strong></span> <span class='ocrx_word' id='word_1_314' title='bbox 1481 2601 1558 2632; x_wconf 79' lang='lat' dir='ltr'>Tim.</span> <span class='ocrx_word' id='word_1_315' title='bbox 1579 2610 1612 2641; x_wconf 82' lang='lat' dir='ltr'>n,</span> <span class='ocrx_word' id='word_1_316' title='bbox 1638 2611 1686 2640; x_wconf 63' lang='lat'>¹5)-</span> 
     </span>
    </p>
   </div>
  </div>
 </body>
</html>
