1819 3301
341 247 426 287 356
781 258 815 288 3.
852 258 1083 288 Aucus‘mru
1115 259 1298 287 EPISCOPI

810 403 1048 455 QUAESTIO
1079 405 1233 445 XLVII.

399 540 515 591 Qum
537 544 602 580 est
623 533 743 596 quod
764 535 824 579 ait
845 553 854 579 z
876 535 1099 580 «Facilius
1119 545 1182 581 est
1203 535 1417 581 camelum
1434 551 1512 597 per
1533 536 1728 582 foramen

342 627 362 650 »
399 623 497 653 acus
516 606 717 662 transire,
742 621 874 667 quam
896 605 1077 652 divitem
1097 607 1258 652 intrare
1278 608 1324 652 in
1353 624 1537 668 regnum
1563 609 1679 652 Dei1.
1704 627 1724 650 »

337 679 522 723 Divitem
544 678 614 723 hic
649 676 839 737 appellat
872 678 1083 738 cupidum
1107 694 1252 722 rerum
1271 677 1577 738 temporalium
1610 688 1654 723 et
1674 678 1728 723 de

339 749 494 794 talibus
518 749 858 809 superbientem.
888 749 962 794 His
981 749 1186 795 divitibus
1208 751 1413 795 contrarii
1436 760 1537 795 sunt
1559 766 1728 811 paupe-

337 836 402 864 res
425 821 603 880 spiritu3
628 835 817 880 quorum
849 830 913 865 est
936 836 1118 880 regnum
1142 821 1356 866 coelorum
1375 825 1406 865 ².
1430 824 1538 866 Nam
1562 837 1613 866 eo
1636 837 1729 866 ma-

333 892 565 937 nifestatur
609 885 758 937 omnes
806 892 991 952 cupidos
1016 929 1026 948 ‚
1069 894 1239 938 etiamsi
1277 893 1559 939 facultatibus
1600 895 1729 954 hujus

335 963 491 1007 mundi.
520 973 696 1008 careant
718 1000 729 1019 7
756 963 810 1008 ad
847 964 931 1008 hoc
954 979 1090 1023 genus
1123 963 1308 1010 divitum
1344 964 1464 1025 quod
1487 974 1550 1009 est
1578 980 1727 1024 repre-

334 1036 517 1079 hens-um
543 1036 780 1095 pcrtinere3
812 1036 913 1096 quia
946 1046 1093 1096 postea
1126 1036 1329 1081 dixerunt
1356 1037 1433 1096 qui
1456 1035 1693 1080 audiebant
1715 1056 1723 1080 :

339 1126 359 1148 «
395 1108 451 1150 Et
489 1106 585 1166 quis
616 1107 775 1166 poterit
808 1106 950 1150 salvus
982 1107 1105 1151 fieri?
1145 1127 1164 1148 »
1195 1123 1294 1151 cum
1328 1106 1729 1166 incomparabiliter

332 1180 471 1238 major
508 1178 639 1222 turba
661 1179 714 1221 sit
735 1193 978 1237 pauperum
1000 1199 1008 1223 ;
1045 1178 1250 1223 videlicet
1284 1178 1575 1238 intelligentes
1610 1179 1656 1222 in
1678 1193 1729 1223 eo

334 1264 517 1293 numero
549 1248 749 1308 deputari
783 1249 911 1293 etiam
940 1248 1036 1293 illos
1057 1285 1067 1304 ‚
1102 1250 1178 1309 qui
1212 1265 1465 1310 quanquam
1499 1249 1602 1293 talia
1639 1264 1730 1293 non

333 1321 552 1374 habeant,
580 1330 724 1363 tamen
750 1320 943 1363 habendi
965 1320 1206 1380 cupiditate
1229 1321 1472 1379 rapiuntur.
1498 1322 1653 1364 Sensus
1667 1328 1731 1364 est

336 1401 482 1435 autem
503 1426 513 1445 ,
539 1390 708 1435 facilius
749 1391 970 1435 Christum
993 1391 1083 1450 pati
1120 1407 1199 1451 pro
1235 1390 1518 1436 dilectoribus
1556 1390 1726 1446 saeculi,

335 1479 467 1523 quam
497 1461 725 1506 dilectores
747 1461 894 1505 saeculi
924 1460 980 1506 ad
1012 1462 1233 1506 Christum
1256 1477 1380 1521 posse
1403 1461 1614 1505 converti.
1643 1463 1729 1506 Ca-

338 1533 439 1577 meli
473 1543 617 1577 autem
655 1532 833 1576 nomine
869 1547 911 1575 se
931 1532 1116 1590 intelligi
1138 1532 1299 1587 voluit,
1341 1532 1443 1592 quia
1476 1531 1730 1577 humiliatus

336 1622 468 1651 onera
490 1605 679 1650 sustulit.
706 1608 756 1649 In
779 1620 867 1664 quo
887 1605 1003 1648 enim
1018 1604 1288 1648 manifestius
1307 1603 1579 1661 intelligitur,
1600 1620 1731 1664 quam

337 1678 383 1721 in
405 1678 514 1737 ipso,
533 1676 653 1738 quod
670 1676 879 1736 scriptum
896 1685 985 1720 est:
1015 1695 1034 1717 «
1060 1678 1233 1729 Quanto
1252 1691 1437 1734 magnus
1459 1691 1525 1729 es,
1546 1674 1731 1720 humilia

336 1767 358 1790 »
393 1757 433 1792 te
459 1749 520 1791 -in
543 1747 746 1792 omnibus
765 1748 795 1790 3.
822 1766 840 1788 »
867 1751 948 1791 Per
971 1762 1098 1791 acum
1120 1756 1265 1791 autem
1300 1746 1560 1806 punctiones
1594 1746 1731 1804 signi-

340 1819 463 1874 ficat,
489 1834 567 1877 per
587 1818 846 1877 punctiones
866 1816 1036 1876 dolores
1058 1817 1103 1861 in
1124 1817 1320 1876 passione
1337 1825 1558 1876 susceptos
1584 1835 1593 1861 :
1619 1815 1734 1861 fora-

338 1904 440 1932 men
462 1904 563 1946 ergo
585 1903 685 1931 acus
707 1887 812 1932 dicit
835 1887 1052 1946 angustias
1070 1887 1293 1947 passionis.
1320 1887 1448 1940 Quod
1472 1896 1619 1931 autem
1639 1888 1700 1931 ait
1718 1905 1729 1932 ι

346 1980 366 2001 «
401 1963 510 2013 Quae
538 1959 819 2018 impossibilia
841 1969 944 2003 sunt
981 1958 1098 2019 apud
1114 1960 1338 2014 homines,
1372 1959 1593 2019 possibilia
1631 1968 1733 2003 sunt

347 2049 366 2071 η
404 2029 522 2089 apud
543 2033 681 2074 Deum
701 2031 716 2054 ⁴
736 2051 746 2087 3
777 2048 796 2070 »
819 2045 909 2073 non
930 2030 988 2073 ita
1012 2029 1313 2089 accipiendum
1331 2038 1418 2083 est,
1446 2028 1567 2088 quod
1584 2028 1733 2088 cupidi

343 2111 386 2145 et
403 2101 606 2160 superbi,
648 2100 724 2160 qui
757 2100 932 2143 nomine
954 2099 1070 2145 illius
1102 2100 1246 2144 divitis
1284 2099 1511 2158 significati
1539 2108 1663 2154 sunt,
1688 2100 1734 2143 in

344 2188 525 2232 regnum
558 2172 768 2217 coelorum
792 2172 877 2216 sint
898 2171 1101 2216 intraturi
1118 2187 1217 2216 cum
1241 2171 1327 2215 suis
1355 2169 1668 2230 cupiditatibus
1690 2179 1733 2214 et

345 2244 546 2304 superbia
566 2263 573 2288 :
595 2243 670 2287 sed
693 2242 895 2302 possibile
916 2252 979 2287 est
1001 2245 1091 2287 Deo
1105 2278 1116 2298 ,
1142 2251 1191 2286 ut
1213 2258 1289 2302 per
1306 2242 1490 2286 verbum
1513 2245 1605 2302 ejus
1623 2243 1735 2286 sicut

347 2324 390 2359 et
411 2317 501 2375 jam
520 2314 685 2359 factum
709 2330 796 2359 esse
810 2350 821 2369 ‚
840 2323 883 2358 ct
895 2314 1024 2358 etiam
1042 2312 1236 2374 quotidie
1253 2313 1345 2357 fieri
1370 2312 1590 2368 videmus,
1616 2328 1639 2356 a
1656 2328 1735 2357 cu-

347 2386 529 2445 piditate
547 2385 852 2445 temporalium
866 2385 920 2429 ad
943 2385 1196 2429 charitatem
1210 2393 1473 2428 aeternorum
1491 2394 1533 2428 et
1549 2400 1571 2428 a
1586 2383 1735 2443 perni—

348 2457 460 2501 ciosa
472 2457 673 2517 superbia
696 2454 751 2500 ad
763 2455 1054 2500 humilitatem
1064 2454 1390 2500 saluberrimam
1406 2463 1731 2500 convertantur.

404 2558 410 2573 ¹
432 2553 504 2584 Luc.
528 2563 616 2591 xvni,
632 2551 733 2584 ¹25.—-
754 2558 766 2574 ²
780 2551 900 2584 Matth.
924 2561 956 2593 v,
976 2551 1007 2583 3.
1027 2567 1068 2573 —
1091 2549 1103 2573 3
1122 2550 1220 2583 Eccli.
1240 2562 1286 2592 ni,
1306 2559 1358 2584 20.
1377 2567 1407 2574 -
1437 2549 1452 2580 4
1471 2552 1548 2584 Luc.
1570 2561 1660 2592 xvm,
1678 2558 1733 2592 27.
