1819 3301
288 270 342 296 DE
373 264 581 296 CONSENSU
614 262 1000 294 EVANGELISTARUM
1021 282 1032 302 ,
1067 265 1149 291 mn.
1185 267 1250 292 111.
1405 254 1459 293 95

84 351 105 374 »
140 332 282 377 minus
304 348 425 377 meus
447 341 490 376 et
512 334 626 376 Deus
651 345 788 375 meus.
814 329 926 374 Dicit
947 330 984 373 ei
1007 331 1130 373 Jesus
1155 347 1163 373 :
1190 330 1297 382 Quia
1318 330 1462 374 vidisti

85 421 106 445 »
141 419 237 459 me,
271 402 523 448 credidisti:
561 403 677 446 beati
709 402 785 462 qui
811 417 900 446 non
933 400 1166 456 viderunt,
1198 410 1241 445 et
1263 399 1461 445 eredide-

82 493 104 517 »
139 477 283 520 runt1.
313 493 333 517 »
361 477 484 519 Hanc
516 472 752 518 secundam
776 472 948 517 Domini
969 472 1178 517 visionem
1201 487 1302 531 erga
1334 471 1462 516 disei-

80 545 207 604 pulos
227 544 408 600 factam,
435 544 483 588 id
503 552 566 588 est
582 548 757 603 ,quam
793 541 983 586 secundo
1006 541 1103 586 loco
1131 544 1318 586 Joannes
1340 557 1462 586 com-

83 626 318 671 memorat,
359 614 475 675 apud
509 618 705 659 Marcum
734 629 953 673 possemus
982 628 1211 671 agnoscere
1230 648 1241 666 ,
1276 613 1464 658 breviter

83 702 179 731 eam
210 687 336 731 sicuti
357 686 511 731 assolet
535 685 916 745 perstringentem,
945 685 1025 728 nisi
1052 693 1245 730 moveret
1262 685 1382 744 quod
1404 685 1464 728 ibi

83 758 142 801 ait
163 776 207 802 2«
218 757 455 803 Novissime
478 755 832 800 recumbentibus
850 753 931 797 illis
950 754 1152 798 undecim
1170 754 1369 814 apparuit
1383 758 1399 781 ‘²
1417 773 1425 798 :
1441 772 1461 796 »

83 843 173 872 non
194 828 293 872 ideo
330 827 431 887 quia
455 829 643 871 Joannes
679 825 816 870 tacuit
836 825 1160 879 recumbentes,
1185 825 1330 883 potuit
1351 825 1466 868 enim

83 898 166 942 hoc
196 898 549 957 praetermittere3
582 897 657 940 sed
689 895 790 956 quia
816 896 894 939 iste
931 894 1040 939 dixit
1066 914 1074 939 :
1111 895 1414 949 «Novissime,
1442 914 1461 935 »

84 968 206 1028 quasi
227 968 340 1012 ultra
358 968 449 1027 jam
477 982 566 1011 non
587 967 645 1010 eis
668 965 942 1025 apparuerit,
976 980 1076 1009 cum
1107 963 1250 1009 adhuc
1277 968 1466 1009 Joannes

84 1039 254 1083 tertiam
275 1040 329 1083 sit
357 1040 446 1098 ejus
468 1047 720 1082 narraturus
742 1037 1155 1081 demonstrationem
1180 1035 1235 1080 ad
1257 1052 1373 1080 mare
1397 1036 1468 1079 Ti-

84 1108 270 1153 beriadis
285 1110 316 1152 ³.
341 1108 508 1165 Deinde
530 1107 651 1168 quod
674 1107 778 1151 dicit
796 1106 911 1150 idem
928 1110 1100 1151 Marcus
1123 1126 1131 1151 :
1155 1126 1173 1148 «
1194 1107 1468 1166 Exprobrans

87 1197 108 1221 »
143 1179 224 1222 illis
240 1178 588 1223 incredulitatem
604 1177 778 1222 illorum
797 1196 805 1221 ;
830 1186 873 1220 et
887 1176 1092 1220 duritiam
1109 1177 1266 1231 cordis,
1283 1178 1385 1236 quia
1403 1178 1468 1221 his

88 1267 108 1290 »
143 1249 219 1309 qui
233 1248 432 1293 viderant
446 1264 547 1292 eum
564 1247 792 1292 surrexisse
808 1262 896 1291 non
913 1246 1210 1291 crediderant⁴
1227 1247 1328 1291 :illis
1346 1246 1468 1291 vide-

84 1318 186 1364 lieet
207 1318 402 1374 duobus,
423 1319 583 1379 quibus
600 1319 646 1362 in
666 1317 815 1362 villam
838 1318 1042 1361 euntibus
1065 1318 1279 1377 apparuit,
1296 1327 1468 1377 postea-

85 1405 216 1449 quam
240 1389 468 1433 resurrexit
489 1410 499 1446 3
526 1398 569 1433 et
593 1392 720 1432 Petro
736 1423 746 1443 ,
773 1388 844 1432 cui
870 1387 1070 1447 primitus
1099 1403 1198 1431 eum
1222 1388 1469 1447 apparuisse

86 1460 203 1520 apqd
239 1463 402 1504 Lucam
432 1459 735 1517 investigatum
765 1460 878 1515 est⁵3
912 1457 1091 1502 fortasse
1113 1467 1155 1502 et
1177 1459 1323 1502 Mariae
1346 1461 1469 1516 Mag-

86 1529 254 1573 dalenae
270 1563 281 1584 ,
307 1538 349 1572 et
368 1527 461 1573 aliis
482 1528 739 1572 mulieribus
773 1544 871 1588 quae
894 1543 993 1572 cum
1016 1527 1089 1572 illa
1111 1537 1255 1583 erant,
1292 1528 1469 1588 quando

86 1601 145 1644 eis
182 1609 225 1644 et
246 1599 302 1644 ad
322 1608 659 1644 monumentum
682 1600 906 1658 apparuit,
933 1608 976 1642 et
996 1598 1098 1642 inde
1119 1598 1404 1644 redeuntibus
1426 1600 1470 1643 in

86 1670 239 1715 itinere
261 1670 464 1714 occurrit.
488 1672 599 1714 Nam
620 1670 678 1712 ita
700 1669 893 1713 contexit
908 1669 1198 1712 narrationem
1221 1668 1337 1713 idem
1359 1672 1470 1714 Mar-

87 1756 186 1796 cus,
226 1756 327 1785 cum
360 1748 738 1785 commemorasset
760 1739 948 1783 breviter
969 1739 1023 1783 de
1046 1739 1219 1784 duobus
1240 1740 1344 1795 illis,
1370 1741 1469 1801 qui—

86 1812 167 1855 bus
198 1811 399 1871 apparuit
435 1811 480 1854 in
512 1809 660 1854 villam
686 1810 911 1865 euntibus,
937 1809 1058 1869 quod
1080 1812 1351 1854 nuntiassent
1387 1827 1472 1855 cae-

87 1883 187 1926 teris
202 1916 213 1936 ,
254 1897 334 1926 nee
372 1880 456 1924 illis
492 1879 707 1924 creditum
745 1889 855 1924 esset
887 1899 896 1923 ε
937 1900 956 1921 «
993 1880 1231 1925 Novissime
1246 1915 1257 1935 ,
1297 1880 1440 1940 inquit
1457 1918 1467 1936 ,

89 1970 110 1994 »
146 1951 499 1996 recumbentibus
530 1949 613 1993 illis
647 1950 850 1994 undecim
874 1950 1095 2009 apparuit,
1121 1959 1163 1994 et
1196 1952 1473 2010 exprobravit

90 2040 111 2064 »
147 2021 496 2066 incredulitatem
522 2035 672 2064 eorum
696 2029 739 2063 et
766 2019 968 2063 duritiam
992 2020 1160 2076 cordis,
1185 2021 1286 2081 quia
1309 2022 1373 2065 his
1396 2022 1471 2081 qui

92 2111 111 2135 »
148 2092 343 2137 viderant
364 2107 465 2136 eum
483 2092 759 2135 resurrexisse
779 2107 868 2135 non
885 2090 1228 2135 crediderantss.»
1242 2093 1471 2145 Quomodo

89 2179 192 2223 ergo
214 2163 442 2208 novissime
464 2164 584 2222 quasi
611 2163 701 2222 jam
723 2160 837 2206 ultra
860 2177 960 2204 eum
979 2177 1067 2205 non
1088 2161 1304 2206 viderint?
1321 2164 1473 2208 Novis-

88 2234 246 2278 simum
271 2234 433 2294 quippe
453 2232 566 2276 illud
587 2242 671 2287 est,
695 2248 783 2291 quo
817 2233 1051 2276 Dominum
1074 2231 1268 2291 Apostoli
1290 2233 1335 2275 in
1359 2242 1472 2278 terra

89 2305 314 2359 viderunt,
352 2304 530 2363 quando
552 2303 745 2347 ascendit
779 2303 824 2346 in
854 2302 1017 2346 coelum
1039 2323 1049 2360 3
1075 2303 1194 2362 quod
1225 2301 1387 2346 factum
1410 2313 1473 2348 est

89 2374 419 2435 quadragesimo
443 2373 512 2417 die
532 2382 629 2433 post
647 2375 736 2432 ejus
752 2373 1125 2417 resurrectionem.
1144 2372 1471 2433 Numquidnam

89 2455 195 2490 tunc
224 2445 562 2505 exprobraturus
590 2453 681 2489 erat
706 2444 827 2504 quod
850 2459 939 2488 non
975 2442 1257 2488 credidissent
1285 2444 1343 2488 eis
1359 2479 1369 2499 ,
1394 2445 1470 2504 qui

138 2550 146 2566 ¹
174 2546 267 2576 Joan.
290 2554 345 2583 xx,
371 2542 488 2585 26-29.
507 2559 547 2565 —-
565 2549 578 2564 ²
604 2543 702 2575 Marc.
735 2552 803 2581 xvr,
839 2540 890 2581 14.
912 2557 952 2562 —-
974 2538 986 2562 3
1018 2542 1107 2572 Joan.
1129 2550 1193 2580 xxi,
1222 2551 1249 2571 1.
1279 2555 1319 2562 ——
1339 2538 1355 2570 4
1373 2543 1471 2573 Marc.

88 2609 157 2639 xvr,
179 2597 228 2639 14.
251 2614 292 2620 —-
310 2594 324 2618 5
351 2597 428 2629 Luc.
445 2608 533 2640 xxiv,
553 2594 606 2637 34.
628 2613 668 2618 -
683 2593 698 2618 6
716 2597 820 2628 Marc,
844 2594 980 2636 xv1,14.
