1819 3301
325 263 609 299 QUAESTIONUM
641 260 1005 300 EVANGELIORUM‚
1037 264 1119 290 Lm.
1155 266 1204 290 11.
1366 255 1446 293 307

73 341 201 380 nem,
237 334 444 386 tanquam
471 343 494 371 a
524 342 630 372 sono
651 326 794 372 sileret
820 327 1080 385 intelligibili
1104 347 1113 373 ς
1138 328 1241 388 quia
1273 344 1363 373 non
1384 339 1450 374 est

71 394 290 440 intellecta
307 431 318 451 ,
344 395 482 441 donec
499 397 545 440 in
563 398 747 442 Domino
770 396 1075 457 compleretur.

598 536 833 585 QUAESTIO
864 539 914 576 11.

130 667 255 718 Quon
272 666 481 710 Dominus
496 702 507 722 ,
536 685 555 708 «
579 669 644 710 De
668 667 867 712 navicula
889 668 1018 711 docet
1046 668 1216 722 turbas,
1248 685 1268 709 »
1298 667 1454 725 signifi-

71 735 183 780 cavit
204 736 287 780 hoc
310 746 479 796 tempus
493 773 503 792 ,
529 736 706 796 quando
728 738 935 782 Dominus
953 736 1008 781 de
1030 739 1287 782 auctoritate
1305 738 1453 782 Eccle-

70 807 141 851 siae
158 805 284 850 docet
307 816 468 864 gentes.
495 807 624 859 Quod
647 808 872 862 Dominus,
899 827 918 849 «
938 807 1184 852 Ascendens
1212 809 1257 851 in
1281 809 1449 863 navim,

72 894 94 918 »
130 893 229 936 quae
246 886 337 921 erat
361 878 489 932 Petri,
505 886 627 936 rogat
645 893 743 921 eum
758 894 781 921 a
803 887 914 921 terra
933 877 1139 922 reducere
1159 878 1364 938 pusillum
1381 880 1412 932 1,
1427 897 1447 919 »

68 947 277 1006 significat
298 947 368 993 vel
385 957 621 1007 temperate
642 949 856 993 utendum
873 949 1008 993 verbo
1026 948 1081 993 ad
1102 949 1250 993 turbas
1268 985 1279 1004 ,
1298 958 1348 993 ut
1371 965 1451 993 nec

67 1027 237 1062 terrena
259 1018 318 1063 eis
340 1020 667 1079 praecipiantur,
692 1036 772 1065 nec
795 1021 854 1065 sic
877 1037 900 1065 a
920 1022 1101 1065 terrenis
1126 1022 1169 1065 in
1192 1021 1452 1080 profundio-

67 1089 128 1132 ria
151 1099 517 1134 sacramentorum
540 1088 766 1135 recedatur
782 1127 792 1145 ‚
825 1100 873 1135 ut
896 1106 944 1135 ea
980 1093 1152 1150 penitus
1175 1108 1263 1135 non
1296 1091 1455 1135 intelli-

69 1168 202 1217 gant:
227 1159 296 1203 vel
324 1160 441 1218 prius
471 1160 515 1203 in
546 1161 748 1219 proximis
780 1160 1029 1218 regionibus
1059 1162 1259 1219 gentibus
1290 1162 1451 1221 praedi-

67 1229 255 1273 candum
282 1250 289 1274 :
316 1240 366 1274 ut
388 1231 505 1290 quod
528 1231 633 1274 dicit
661 1231 764 1274 item
799 1235 926 1275 Petro
954 1251 962 1276 :
992 1251 1010 1272 «
1039 1235 1128 1275 Duc
1157 1233 1200 1274 in
1224 1232 1383 1287 altum,
1409 1242 1453 1277 et

69 1318 89 1341 »
124 1299 262 1344 laxate
300 1302 404 1344 retia
439 1310 579 1345 vestra
600 1301 643 1344 in
666 1311 893 1360 capturam
913 1336 924 1355 ,
953 1319 972 1341 »
999 1301 1053 1345 ad
1078 1303 1325 1346 remotiores
1348 1318 1452 1360 gen-

66 1380 144 1425 tes,
166 1371 324 1431 quibus
343 1380 488 1430 postea
507 1366 790 1429 praedicatum
810 1382 888 1425 est,
909 1372 1123 1430 pertineat
1143 1391 1150 1416 :
1172 1373 1297 1416 sicuti
1321 1376 1451 1416 Isaras

1 1443 3 1445 ’
65 1440 171 1485 dicit
193 1460 201 1485 :
227 1460 247 1482 «
270 1440 390 1484 Tolle
412 1442 583 1498 signum
605 1441 649 1483 in
672 1450 818 1497 gentes
836 1475 846 1494 ‚
873 1442 928 1484 ad
945 1456 1015 1484 eas
1038 1458 1136 1500 quae
1158 1457 1308 1500 prope,
1335 1451 1378 1485 et
1395 1442 1450 1485 ad

67 1529 87 1552 »
123 1526 191 1555 eas
225 1527 323 1570 quae
346 1510 518 1569 longe2.
556 1529 575 1551 »
609 1513 666 1554 Ut
687 1511 806 1569 quod
845 1511 973 1554 etiam
1005 1511 1110 1555 retia
1135 1512 1449 1571 rumpebantur

63 1580 247 1640 piscium
269 1581 392 1639 copia
411 1615 421 1635 ,
447 1590 490 1624 et
520 1579 729 1624 naviculae
751 1575 941 1639 impletae
969 1591 1096 1636 sunt,
1128 1581 1185 1625 ita
1209 1592 1256 1626 ut
1279 1597 1447 1640 merge-

63 1660 214 1695 rentur
231 1686 242 1706 ,
266 1651 476 1709 significet
497 1651 724 1695 hominum
747 1650 982 1695 carnalium
1003 1652 1325 1695 multitudinem
1345 1661 1445 1696 tan-

63 1730 152 1765 tam
187 1720 381 1765 futuram
422 1721 466 1764 in
501 1713 719 1774 Ecclesia,
755 1730 804 1764 ut
836 1721 963 1766 etiam
993 1720 1264 1781 disruptione
1298 1723 1442 1780 pacis,

63 1791 323 1835 exeuntibus
350 1789 453 1834 inde
476 1790 711 1835 haeresibus
734 1800 776 1834 et
806 1791 1107 1835 schismatibus
1123 1827 1134 1846 ‚
1164 1800 1283 1836 tanta
1307 1808 1447 1836 rema-

63 1871 206 1916 neret,
232 1871 276 1906 et
298 1870 416 1906 tanta
438 1871 546 1905 esset
573 1861 721 1905 futura
751 1861 811 1904 illi
834 1862 1004 1906 amissio
1027 1861 1127 1905 fidei
1159 1871 1202 1905 et
1228 1862 1447 1906 bonorum

63 1946 232 1976 morum
250 1966 260 1986 ,
288 1940 338 1975 ut
373 1931 545 1976 Christo
568 1930 711 1974 dicere
740 1930 939 1975 videatur
961 1930 1056 1975 talis
1079 1931 1268 1975 Ecclesia
1284 1966 1294 1986 ,
1322 1951 1341 1973 «
1367 1932 1446 1975 Exi

66 2019 86 2042 »
123 2018 145 2045 a
174 2017 265 2056 me,
302 1990 403 2061 quia
438 2010 639 2060 peccator
660 2001 791 2045 homo
826 2002 954 2044 sum³
981 2021 989 2045 :
1019 2020 1038 2042 »
1066 2011 1273 2061 tanquam
1307 2001 1446 2045 turbis

63 2069 299 2116 carnalium
321 2070 508 2130 repleta,
530 2080 573 2114 et
587 2087 737 2115 eorum
761 2071 953 2116 moribus
976 2088 1087 2131 pene
1109 2072 1329 2115 submersa
1348 2107 1358 2126 ,
1385 2087 1445 2115 re-

67 2143 210 2200 gimen
247 2140 529 2201 spiritalium,
577 2141 622 2184 in
659 2142 818 2200 quibus
853 2142 1038 2185 maxime
1070 2142 1228 2186 Christi
1263 2157 1447 2200 persona

66 2212 226 2255 eminet
243 2247 253 2266 ‚
279 2227 301 2255 a
323 2227 366 2255 se
388 2211 567 2271 repellat
594 2209 783 2271 quodam
807 2211 953 2255 modo.
978 2214 1075 2255 Non
1093 2211 1207 2254 enim
1234 2211 1318 2255 hoc
1339 2226 1446 2255 voce

65 2281 225 2340 linguae
248 2282 401 2326 dicunt
432 2282 628 2325 homines
665 2281 789 2325 bonis
814 2281 1016 2325 ministris
1044 2280 1150 2338 Dei,
1173 2289 1223 2324 ut
1251 2296 1322 2324 eos
1358 2296 1381 2324 a
1403 2296 1447 2324 se

65 2351 305 2411 repellant,
336 2351 412 2396 sed
434 2367 539 2396 voce
560 2368 731 2396 morum
756 2361 798 2395 et
821 2361 997 2395 actuum
1022 2366 1197 2394 suorum
1222 2349 1406 2394 suadent
1426 2366 1451 2393 a

65 2437 108 2465 se
132 2421 304 2477 recedi,
336 2438 390 2466 ne
416 2438 492 2481 per
528 2421 665 2466 bonos
707 2430 914 2480 regantur
946 2439 954 2465 ε
981 2429 1024 2463 et
1054 2436 1105 2464 eo
1124 2421 1450 2476 vehementius,

61 2509 149 2552 quo
170 2491 375 2537 deferunt
396 2494 455 2537 eis
477 2494 716 2548 honorem,
743 2501 787 2536 et
807 2501 956 2536 tamen
978 2489 1101 2535 factis
1118 2490 1204 2534 suis
1225 2506 1247 2535 a
1270 2506 1310 2535 se
1334 2507 1454 2536 rece·

125 2590 130 2605 '
150 2590 225 2620 Luc.
245 2600 278 2628 v,
300 2589 330 2620 3.
355 2605 391 2610 —
413 2595 425 2610 ²
449 2588 517 2620 lsai.
539 2599 612 2629 an,
641 2592 906 2629 10,ct1.vn‚1t).
928 2603 968 2609 -—-
990 2585 1002 2609 3
1024 2588 1101 2619 Luc.
1123 2597 1156 2627 v,
1181 2586 1212 2618 8.

1245 2641 1308 2679 20.
