1819 3301
366 233 410 258 nv
444 230 619 259 JOANNIS
650 230 958 270 EVANGELIUM‚
994 233 1139 260 TRACT.
1176 217 1238 260 11(
1404 226 1485 264 403

112 308 200 337 non
220 294 467 338 recedentes
482 312 504 339 a
519 311 646 340 cruce
664 306 706 340 et
722 298 918 355 passione
934 307 976 341 et
990 299 1299 353 resurrectione
1311 302 1484 357 Christi,

110 363 155 405 in
177 364 266 422 ipsa
287 365 385 407 navi
410 367 711 423 perducuntur
732 366 785 409 ad
814 367 858 410 id
884 366 1002 425 quod
1024 382 1112 411 non
1133 367 1284 412 vident
1300 403 1310 422 ,
1335 369 1378 412 in
1402 387 1489 429 qua

110 433 208 476 navi
226 435 484 491 perveniunt
506 444 548 478 et
570 434 633 477 illi
654 435 729 493 qui
750 435 914 478 vident.

171 504 247 546 IV.
289 506 346 546 At
375 518 478 547 vero
510 504 688 562 quidam
717 504 963 563 philosophi
995 507 1124 565 hujus
1158 507 1311 551 mundi
1330 508 1489 552 extite-

111 579 235 625 runt,
254 580 296 614 et
318 572 609 631 inquisierunt
624 575 871 617 Creatorem
893 589 969 632 per
990 585 1230 619 creaturam
1249 597 1260 633 3
1285 577 1387 636 quia
1412 592 1490 628 ‚no-

110 648 194 683 test
214 641 397 684 inveniri
428 657 503 700 per
525 652 783 697 creaturam,
809 643 1031 687 evidenter
1053 645 1223 689 dicente
1245 646 1454 704 Apostolo
1476 666 1486 692 z

114 728 134 751 «
170 711 406 754 Invisibilia
436 713 552 755 enim
585 714 676 772 ejus
715 729 738 756 a
767 713 1075 758 constitutione
1105 716 1288 770 mundi,
1330 732 1408 775 per
1440 733 1489 761 ea

114 796 134 819 »
169 795 269 838 quae
307 779 420 824 facta
455 790 556 824 sunt
592 782 809 826 intellecta
847 779 1194 843 conspiciuntur,
1230 787 1490 844 sempiterna

44 862 52 870 ·
113 866 134 889 >1
169 864 347 909 quoque
383 851 518 894 virtus
550 852 641 910 ejus
681 861 724 895 et
757 852 981 905 divinitas,
1015 862 1066 896 ut
1101 854 1186 897 sint
1222 855 1490 899 inexcusabi-

114 936 133 958 n
168 917 244 962 les.
275 937 294 959 »
319 922 376 963 Et
403 921 599 980 sequitur
627 940 636 965 ε
664 940 684 963 «
711 923 822 974 Quia
839 938 938 966 cum
966 924 1264 980 cognovissent
1291 928 1486 969 Deum.»

109 989 206 1031 Non
235 987 340 1031 dixit
359 1007 367 1032 ε
389 991 497 1041 Quia
521 1005 610 1033 non
631 1000 929 1047 cognoverunt
951 1011 959 1035 :
982 993 1056 1035 sed
1072 1027 1082 1046 ‚
1104 993 1244 1044 «Quia
1261 1008 1360 1037 cum
1384 1009 1489 1051 cog-

112 1074 133 1097 »
169 1059 387 1102 novissent
409 1062 545 1102 Deum
565 1094 575 1114 ‚
603 1075 692 1104 non
714 1061 823 1104 sicut
846 1064 984 1104 Deum
1020 1062 1368 1119 glorificaverunt
1374 1099 1390 1118 ,
1415 1073 1490 1107 aut

113 1145 133 1167 »
169 1128 324 1185 gratias
346 1139 550 1185 egerunt,
576 1130 650 1174 sed
672 1141 943 1174 evanuerunt
962 1132 1006 1174 in
1028 1132 1362 1188 cogitationibus
1383 1133 1485 1187 suis,

113 1214 133 1238 »
168 1206 212 1240 et
240 1199 519 1242 obscuratum
542 1208 604 1242 est
632 1200 837 1257 insipiens
858 1201 937 1244 (ζῶ
954 1215 1119 1243 eorum.
1150 1218 1169 1240 »
1193 1199 1317 1243 Unde
1340 1202 1492 1244 ohscu-

109 1269 286 1310 ratum?
316 1268 540 1326 Sequitur,
576 1277 620 1311 et
640 1267 744 1310 dicit
768 1269 957 1326 apertius
982 1288 990 1312 ε
1025 1287 1044 1309 «
1077 1269 1274 1312 Dicentes
1306 1270 1422 1312 enim
1448 1285 1492 1314 se

112 1353 132 1376 »
170 1351 260 1379 esse
282 1337 515 1394 sapientes,
547 1337 667 1380 stulti
702 1337 806 1380 facti
831 1340 987 1381 sunt¹.·
1009 1356 1027 1377 υ
1062 1338 1277 1381 Viderunt
1308 1353 1396 1397 quo
1424 1354 1491 1381 ve-

110 1404 318 1449 niendum
357 1415 465 1449 esset
500 1425 508 1450 :
542 1406 618 1449 sed
648 1406 804 1463 ingrati
845 1407 883 1449 ei
915 1407 991 1465 qui
1022 1406 1104 1449 illis
1140 1407 1340 1465 praestitit
1370 1407 1489 1466 quod

109 1464 316 1518 viderunt
336 1509 347 1529 ‚
394 1476 475 1518 sibi
515 1475 750 1518 voluerunt
788 1475 977 1518 tribuere
1019 1476 1139 1534 quod
1174 1475 1378 1519 viderunt
1403 1497 1414 1533 3
1448 1485 1491 1519 et

108 1545 213 1588 facti
234 1545 407 1602 superbi
431 1545 665 1589 amiserunt
692 1545 814 1604 quod
838 1545 1072 1598 videbant,
1107 1554 1149 1588 et
1169 1545 1362 1588 conversi
1389 1555 1491 1589 sunt

108 1613 210 1656 inde
247 1614 302 1657 ad
337 1613 453 1656 idola
476 1623 519 1657 et
540 1614 766 1658 simulacra
790 1624 832 1658 et
855 1614 909 1658 ad
931 1614 1123 1657 culturas
1145 1614 1486 1668 daemoniorum,

109 1683 287 1727 adorare
316 1692 580 1738 creaturam⁷
612 1693 655 1727 et
680 1693 958 1727 contemnere
992 1685 1257 1727 Creatorem.
1294 1682 1378 1726 Sed
1399 1684 1489 1742 jam

107 1751 179 1796 isti
212 1752 303 1795 elisi
324 1752 403 1796 ista
439 1752 634 1796 fecerunt
659 1771 667 1796 ε
693 1762 742 1796 ut
764 1762 908 1795 autem
937 1751 1227 1804 eliderentur,
1263 1752 1490 1809 superbie-

106 1831 233 1866 runt:
258 1838 358 1866 cum
381 1833 525 1866 autem
545 1824 835 1881 superbirent,
865 1823 1077 1880 sapientes
1095 1836 1138 1864 se
1156 1836 1243 1863 esse
1265 1821 1482 1866 dixerunt.

107 1893 162 1935 Hi
184 1906 285 1949 ergo
307 1892 362 1935 de
376 1893 535 1951 quibus
556 1892 662 1935 dixit
680 1912 688 1936 :
704 1892 820 1944 «Qui
842 1907 942 1935 cum
965 1891 1266 1948 cognovissent
1290 1894 1443 1945 Deum,
1463 1909 1483 1931 »

106 1962 310 2006 viderunt
326 1962 408 2005 hoc
431 1962 551 2021 quod
579 1962 684 2005 dicit
705 1965 917 2015 Joannes⁷
956 1961 1057 2020 quia
1079 1975 1156 2018 per
1190 1959 1384 2002 Verbum
1411 1961 1485 2003 Dei

107 2031 220 2075 facta
242 2040 342 2074 sunt
364 2032 523 2075 omnia.
543 2034 651 2075 Nam
673 2031 957 2074 inveniuntur
980 2039 1022 2072 et
1039 2030 1115 2072 ista
1134 2030 1180 2071 in
1200 2027 1320 2071 libris
1342 2028 1487 2086 philo-

106 2101 341 2159 sophorum
365 2119 374 2144 ι
401 2109 443 2143 et
464 2100 566 2158 quia
593 2100 869 2157 unigenitum
900 2099 1058 2142 Filium
1094 2097 1225 2140 habet
1245 2100 1384 2150 Deus,
1410 2113 1486 2155 per

106 2186 235 2231 quem
258 2180 361 2214 sunt
384 2171 544 2214 omnia.
577 2170 693 2214 Illud
722 2178 959 2229 potuerunt
979 2168 1124 2212 videre
1146 2166 1266 2225 quod
1299 2176 1360 2209 est
1375 2201 1385 2220 ‚
1410 2167 1486 2211 sed

105 2241 309 2286 viderunt
329 2241 382 2283 de
403 2240 530 2297 longe
552 2259 560 2284 z
579 2240 816 2283 noluerunt
837 2249 982 2282 tenere
1001 2236 1289 2281 humilitatem
1307 2237 1483 2291 Christi,

105 2313 151 2355 in
178 2328 263 2370 qua
285 2312 383 2354 navi
419 2312 556 2354 securi
586 2311 862 2370 pervenirent
895 2308 949 2350 ad
972 2307 1017 2350 id
1048 2305 1167 2366 quod
1187 2306 1314 2362 longe
1337 2307 1484 2350 videre

105 2389 371 2442 potuerunt3
391 2390 434 2423 et
449 2382 616 2424 sorduit
636 2381 694 2424 eis
714 2395 819 2424 crux
841 2378 1014 2422 Christi.
1032 2380 1150 2421 Mare
1169 2375 1483 2419 transeundum

107 2461 191 2507 est,
227 2460 270 2494 et
290 2449 459 2508 lignum
487 2450 760 2494 contemnis?
781 2450 818 2492 Ο
855 2446 1062 2505 sapientia
1098 2444 1310 2504 superba,
1336 2443 1485 2488 irrides

155 2540 162 2557 ¹
188 2536 279 2567 Rom.
302 2545 326 2575 1,
348 2542 469 2566 2o·22.

1204 2582 1269 2621 26.
