1819 3301
333 233 623 267 QUAESTIONUM
655 231 1021 271 EVANGELIORUM‚
1056 234 1137 261 Lis.
1175 238 1222 261 ιι.
1381 227 1464 265 323

84 294 313 340 suetudine
332 306 560 342 revocatur
584 317 592 342 :
615 296 688 341 sed
710 297 744 341 si
766 295 856 341 non
883 297 1133 343 consolatur
1154 299 1334 344 interius
1357 317 1466 359 gau-

84 365 204 408 dium
227 365 281 410 de
304 367 499 411 doctrina
517 367 695 426 spiritali
716 402 726 421 ,
758 383 844 426 qua
866 368 1081 413 Creatoris
1106 369 1289 413 Trinitas
1309 370 1469 428 praedi-

83 444 232 490 catur,
266 452 434 495 magnae
470 437 680 496 angustiae
713 446 814 481 sunt
839 437 883 481 in
916 438 1115 494 homine,
1145 454 1273 499 quem
1311 441 1468 498 premit

82 520 275 549 aerumna
289 507 496 562 mortalis,
513 522 611 550 cum
624 507 677 550 ab
692 508 740 550 iis
757 523 856 566 quae
869 506 973 552 foris
985 507 1202 553 delectant
1217 511 1467 568 praecipitur

83 575 341 620 abstinentia
358 612 368 631 ‚
394 586 436 621 et
469 578 584 620 intus
606 592 695 620 non
715 585 778 620 est
801 576 978 622 refectio
1001 578 1055 622 de
1085 578 1235 623 laetitia
1258 579 1469 624 doctrinae

82 645 277 691 salutaris
303 666 311 691 ;
337 657 379 691 et
415 648 505 707 ipsa
537 647 733 705 angustia
771 656 834 690 est
869 648 1012 692 media
1042 665 1153 705 nox,
1190 667 1277 710 qua
1299 651 1471 709 cogitur

81 717 360 761 vehementer
382 719 540 762 instare
561 716 769 777 petendo,
787 726 836 761 ut
859 718 1041 778 accipiat
1063 728 1148 764 tres
1167 736 1315 779 panes.
1342 721 1471 775 Quod

82 795 226 830 autem
241 786 279 830 ei
303 786 461 831 dicitur
479 786 533 831 de
550 787 681 842 intus,
692 788 781 847 J'am
797 787 955 831 ostium
973 788 1167 833 clausum
1182 806 1287 845 esse,
1314 806 1471 850 pueros

81 871 257 916 quoque
270 858 359 916 ejus
384 873 483 901 cum
506 873 556 901 eo
576 858 621 901 in
642 856 777 902 cubili
800 858 1131 917 esse,significat
1156 869 1323 919 tempus
1345 861 1470 906 famis

81 927 227 980 verbi,
253 942 352 970 cum
376 927 661 986 intelligentia
678 926 919 981 clauditur,
942 938 984 971 et
999 928 1060 972 illi
1082 929 1156 989 qui
1176 930 1471 989 evangelicam

81 997 334 1055 sapientiam
356 1007 563 1058 tanquam
587 1013 743 1057 panem
776 1007 999 1055 erogantes
1020 1034 1030 1053 ,
1055 1015 1132 1058 per
1154 1001 1305 1044 orbem
1339 1011 1466 1045 terrae

82 1066 449 1126 praedicaverunt,
475 1069 597 1127 pueri
623 1067 939 1127 patrisfamilias
982 1070 1070 1127 jam
1102 1079 1201 1113 sunt
1230 1071 1273 1113 in
1307 1081 1469 1115 secreta

79 1138 225 1197 quiete
246 1154 346 1182 cum
363 1141 547 1183 Domino
571 1158 579 1183 t
602 1148 644 1182 et
664 1148 809 1182 tamen
831 1139 997 1183 orando
1011 1141 1198 1184 eflicitur
1219 1151 1265 1185 ut
1287 1143 1468 1201 accipiat

79 1206 327 1253 desiderans
348 1208 618 1254 intellectum
642 1209 695 1252 ab
730 1209 823 1268 ipso
854 1212 942 1254 Deo
959 1244 970 1265 ‚
995 1211 1123 1255 etiam
1148 1212 1182 1255 si
1204 1212 1335 1256 homo
1357 1212 1469 1257 desit

79 1293 155 1338 per
177 1294 308 1340 quem
330 1280 537 1339 sapientia
559 1279 836 1339 praedicetur.

555 1416 791 1465 QUAEs‘rlo
824 1417 946 1455 xxu.

136 1550 199 1591 Dr:
244 1562 377 1606 pane,
412 1547 527 1605 pisce
544 1581 554 1601 ,
593 1555 636 1590 et
675 1549 781 1590 ovo¹
796 1581 806 1601 ,
847 1546 1007 1606 quibus
1048 1548 1260 1592 contraria
1294 1551 1459 1608 posuit,

77 1618 266 1677 lapidem
284 1653 295 1673 ,
320 1627 565 1676 serpentem
580 1625 623 1660 et
642 1617 928 1675 scorpionem.
951 1617 1212 1675 Intelligitur
1224 1620 1344 1677 panis
1358 1622 1463 1666 cha-

78 1689 198 1743 ritas,
225 1697 401 1748 propter
423 1688 630 1747 majorem
654 1687 917 1746 appetitum,
939 1696 982 1731 et
1001 1696 1085 1730 tam
1110 1690 1392 1734 necessarium
1411 1702 1461 1736 ut

76 1759 167 1802 sine
183 1758 255 1802 illa
275 1767 429 1803 caetera
453 1757 561 1800 nihil
585 1757 691 1811 sint,
723 1757 834 1800 sicut
867 1758 958 1800 sine
981 1773 1092 1817 pane
1123 1774 1271 1804 mensa
1298 1761 1424 1821 inops
1446 1782 1456 1808 z

76 1831 146 1875 cui
168 1831 382 1876 contraria
405 1839 468 1874 est
489 1829 629 1874 cordis
651 1829 808 1872 duritia
826 1865 836 1884 ,
862 1846 992 1889 quam
1013 1830 1145 1890 lapidi
1173 1835 1455 1897 comparavit.

76 1899 205 1945 Piscis
242 1910 386 1944 autem
421 1898 679 1958 intelligitur
712 1897 818 1942 fides
851 1899 1156 1955 invisibilium,
1186 1902 1254 1946 vel
1282 1913 1459 1963 propter

75 1986 232 2030 aquam
260 1970 463 2030 baptismi
483 2005 494 2024 ,
530 1969 597 2012 vel
619 1969 721 2028 quia
743 1968 797 2011 de
814 1968 1101 2012 invisibilibus
1121 1969 1227 2015 locis
1250 1974 1419 2032 capitur
1445 1994 1454 2019 ε

75 2041 196 2102 quod
231 2042 360 2085 etiam
394 2040 500 2084 fides
536 2040 666 2100 hujus
708 2039 862 2084 mundi
901 2040 1106 2084 fluctibus
1138 2042 1456 2089 circumlatrata

76 2129 165 2157 non
192 2113 432 2171 frangitur,
458 2120 574 2155 recte
605 2111 711 2169 pisci
745 2120 1020 2169 comparatur
1057 2131 1065 2155 ε
1092 2113 1159 2155 cui
1191 2115 1455 2160 contrarium

75 2184 218 2243 posuit
251 2191 522 2242 serpentem,
562 2190 739 2242 propter
773 2196 939 2226 venena
972 2180 1171 2237 fallaciae,
1203 2199 1301 2243 quae
1328 2185 1456 2230 etiam

75 2255 216 2313 primo
235 2253 403 2298 homini
426 2252 538 2297 male
552 2252 776 2297 suadendo
799 2252 1128 2311 praeseminavit.
1157 2255 1206 2296 In
1230 2269 1312 2298 ovo
1329 2255 1460 2300 intel-

74 2323 222 2382 ligitur
239 2339 330 2380 spes
349 2342 357 2367 :
384 2338 513 2367 ovum
533 2322 645 2366 enim
669 2321 866 2367 nondum
888 2330 951 2364 est
973 2320 1105 2366 foetus
1126 2322 1358 2381 perfectus,
1383 2326 1458 2371 sed

75 2393 266 2439 fovendo
289 2403 484 2453 speratur
511 2411 519 2437 ;
544 2393 614 2436 cui
630 2392 895 2437 contrarium
921 2392 1362 2452 posuitscorpionem,
1386 2388 1461 2441 cul

69 2466 140 2525 jus
162 2464 337 2509 aculeus
357 2472 596 2509 venenatus
617 2472 733 2508 retro
755 2461 975 2507 timendus
993 2471 1057 2508 est
1082 2463 1216 2526 Jsicut
1237 2465 1329 2525 spei
1350 2482 1456 2512 con-

128 2568 135 2584 ¹
157 2563 233 2594 Luc.
252 2572 296 2601 xi,
318 2569 367 2592 12,

1199 2613 1266 2653 21.
