1819 3301
355 258 436 298 348
759 269 789 297 S.
829 271 1058 299 Auctisnm
1093 272 1274 298 Erlscom

358 355 377 378 »
412 337 666 381 societatis¹.
693 355 711 377 η
734 340 830 396 Ipsa
852 338 967 380 enim
986 336 1160 381 collatio
1176 352 1309 381 unam
1323 337 1533 382 doctrinae
1556 340 1743 398 speciem

355 407 526 452 exclusa
550 408 668 451 omni
689 408 894 450 varietate
917 407 1187 452 monstrabat
1205 407 1348 468 :quod
1367 407 1596 453 salubriter
1614 410 1742 454 etiam

357 479 604 524 Corinthios
628 486 802 532 monet,
827 477 973 521 dicens
999 497 1007 521 ε
1031 496 1050 520 «
1071 478 1264 523 Obsecro
1287 488 1432 523 autem
1451 495 1526 523 vos
1541 515 1552 534 ,
1572 480 1741 536 fratres,

361 569 380 591 »
417 565 492 609 per
515 564 673 592 nomen
698 548 870 593 Domini
893 549 1028 593 nostri
1049 552 1152 593 Jesu
1174 550 1362 605 Christi,
1388 561 1438 594 ut
1464 550 1653 609 idipsum
1676 551 1745 596 di-

361 639 380 661 »
417 620 520 663 catis
549 634 699 662 omnes
713 622 744 662 ².
775 637 794 660 »
828 619 1057 664 Cornelius
1091 621 1220 663 etiam
1252 636 1354 664 cum
1389 630 1432 664 et
1459 620 1746 679 eleemosynae

359 691 448 749 (jus
471 698 686 766 acceptae,
712 699 756 734 et
786 705 932 748 preces
955 691 1045 750 ejus
1068 690 1229 734 auditae
1261 690 1324 734 illi
1352 690 1407 734 ab
1439 691 1606 750 Angelo
1629 707 1747 735 uun-

361 745 747 819 tiemur‚⁶·p1opter
764 760 975 804 doctrinae
1000 769 1144 804 tamen
1165 763 1632 822 sacramentorumque
1655 763 1752 806 uni

362 839 493 874 tatem
531 831 586 875 ad
618 835 793 875 Petrum
822 831 1002 891 jubetur
1031 831 1228 887 mittere,
1271 841 1481 892 tanquam
1505 831 1566 875 illi
1590 842 1633 876 et
1664 833 1750 877 suis

363 901 579 947 diceretur
605 922 614 947 :
645 922 663 944 «
693 906 787 957 Ite,
833 902 1049 947 ostendite
1081 919 1157 947 vos
1187 894 1497 948 sacerdotibus.
1535 906 1684 949 »Nam
1708 913 1752 949 et

362 989 460 1018 cum
484 974 611 1029 irent,
638 974 837 1018 mundati
850 985 966 1018 sunt.
985 977 1083 1018 Jam
1104 974 1216 1018 euim
1233 974 1286 1018 ad
1302 990 1373 1018 eos
1390 978 1749 1030 veneratPetrus,

364 1044 439 1089 scd
464 1053 609 1089 tamen
632 1045 712 1105 ipsi
736 1045 935 1089 nondum
959 1055 1140 1104 accepto
1165 1045 1431 1105 baptismatis
1463 1055 1749 1100 sacramento,

364 1115 560 1160 nondum
585 1116 833 1176 spiritaliter
863 1116 917 1161 ad
935 1118 1177 1161 sacerdotes
1201 1125 1487 1177 pervenerant
1507 1152 1517 1171 ‚
1543 1126 1586 1160 et
1609 1126 1755 1160 tamen

365 1187 582 1230 infusione
598 1188 780 1246 Spiritus
797 1189 931 1231 sancti
944 1223 954 1241 ‚
973 1197 1016 1231 et
1037 1188 1323 1232 admiratione
1340 1186 1588 1245 linguarum
1604 1202 1754 1232 eorum

367 1256 595 1302 mundatio
618 1257 836 1302 declarata
859 1267 922 1301 est
941 1260 973 1301 3.

427 1331 502 1371 IV.
525 1330 633 1380 Quae
655 1344 753 1373 cum
778 1330 835 1372 ita
857 1329 1127 1383 schamam,
1146 1330 1235 1389 jam
1260 1327 1385 1372 facile
1408 1337 1471 1372 est
1494 1329 1622 1372 etiam
1646 1327 1757 1372 illud

364 1397 512 1441 videre
533 1433 544 1448 ,
570 1399 663 1441 fieri
684 1415 806 1458 posse
830 1409 879 1443 ut
908 1400 1096 1459 quisque
1127 1400 1169 1442 in
1194 1400 1399 1443 Ecclesiae
1427 1400 1629 1443 societate
1652 1398 1757 1444 doc-

365 1469 525 1512 trinam
554 1469 765 1526 integram
789 1486 1023 1530 veramque
1051 1480 1305 1531 assequatur
1325 1506 1335 1525 ‚
1363 1479 1405 1514 et
1427 1471 1572 1514 omnia
1595 1486 1753 1514 secuu-

365 1539 470 1583 dum
494 1541 719 1584 catholieae
738 1541 835 1584 fidei
862 1542 1057 1600 regulam
1081 1542 1306 1595 edisserat,
1327 1541 1568 1600 distinguat
1587 1558 1610 1585 a
1625 1544 1757 1586 Crea-

366 1621 460 1655 tore
483 1621 727 1656 creaturam
743 1648 753 1666 ,
780 1628 920 1672 eoque
945 1611 1244 1656 manifestetur
1275 1613 1483 1657 varietate
1507 1612 1758 1657 mendacio-

368 1698 462 1725 rum
488 1692 695 1742 tanquam
711 1682 831 1742 lepra
854 1684 1066 1728 caruisse:
1085 1693 1128 1727 ct
1149 1693 1295 1727 tamen
1318 1684 1511 1741 ingratus
1531 1683 1586 1727 sit
1610 1687 1697 1727 Deo
1716 1693 1760 1727 et

367 1755 553 1798 Domino
576 1756 826 1798 mundatori
844 1771 944 1812 suo3
971 1756 1073 1815 quia
1097 1757 1234 1798 elatus
1269 1755 1467 1814 superbia
1485 1790 1495 1808 ,
1522 1755 1758 1813 gratiarum

367 1827 633 1883 agendarum
658 1827 724 1885 pia
744 1827 989 1870 humilitate
1016 1842 1104 1870 uon
1142 1827 1347 1870 sternitur
1363 1862 1373 1880 ,
1400 1825 1636 1886 similisque
1660 1826 1758 1868 efli-

368 1897 482 1940 citur
500 1897 581 1941 illis
603 1933 612 1951 ,
638 1899 692 1940 de
716 1900 875 1957 quibus
898 1897 1002 1941 dicit
1025 1897 1280 1956 Apostolus,
1311 1917 1330 1938 «
1357 1897 1441 1950 Qui
1464 1912 1564 1941 cum
1593 1911 1759 1954 cogno-

369 1985 388 2006 »
425 1967 581 2010 vissent
607 1970 760 2020 nsum,
788 1983 874 2009 non
896 1977 942 2010 ut
969 1971 1101 2010 Deum
1133 1968 1541 2025 magnificaverunt,
1564 1976 1638 2009 aut
1661 1981 1759 2024 gra-

373 2055 391 2076 »
429 2037 506 2079 tias
530 2047 711 2094 egerunt
734 2039 757 2079 ².
790 2057 806 2076 η
832 2038 959 2090 Queri
984 2039 1099 2080 euim
1124 2036 1226 2080 dicit
1246 2053 1317 2080 eos
1336 2040 1469 2080 Deum
1491 2037 1757 2093 cognovisse,

370 2107 560 2150 ostendit
583 2107 758 2166 quidem
784 2124 805 2150 a
827 2108 945 2165 lepra
972 2107 1100 2149 fuisse
1125 2106 1356 2150 mundatos
1373 2142 1383 2160 ,
1411 2106 1484 2150 sed
1508 2117 1650 2150 tamen
1679 2115 1762 2151 sta-

370 2178 446 2222 tim
469 2187 641 2222 accusat
664 2177 869 2236 ingratos.
900 2178 1091 2237 ideoque
1115 2178 1216 2221 tales
1239 2178 1283 2220 in
1314 2179 1548 2221 novenario
1572 2193 1759 2222 numero

369 2259 579 2309 tauquam
609 2250 851 2309 imperfecti
878 2249 1177 2292 remanebunt.
1202 2251 1346 2292 Unum
1372 2249 1487 2291 enim
1517 2249 1550 2292 si
1575 2247 1762 2292 addatur

370 2321 425 2365 ad
454 2337 610 2365 novem
629 2357 639 2375 ,
680 2320 882 2381 quaedam
916 2320 1078 2378 efligies
1112 2320 1288 2363 unitatis
1324 2319 1531 2378 impletur
1558 2338 1566 2363 :
1592 2335 1681 2379 quo
1710 2320 1762 2363 fit

374 2403 489 2437 tanta
514 2391 746 2449 completio
762 2428 771 2445 ‚
802 2402 847 2434 ut
869 2391 980 2434 ultra
1004 2407 1091 2433 non
1116 2391 1418 2450 progr‹.¹diatur
1439 2405 1662 2440 numerus,
1682 2389 1762 2433 nisi

373 2481 517 2509 rursus
548 2464 601 2508 ad
636 2479 771 2507 uuum
806 2462 1038 2519 redeatur3
1075 2471 1117 2505 et
1152 2462 1242 2505 hmc
1277 2478 1352 2520 pcr
1385 2462 1643 2504 infinitatem
1678 2475 1763 2504 nu-

374 2536 479 2580 meri
504 2535 649 2595 regula
672 2534 955 2579 custodiatur.
982 2536 1146 2578 Novem
1179 2533 1324 2593 itaque
1356 2532 1555 2592 indigent
1577 2547 1666 2576 uuo
1681 2567 1692 2586 ,
1710 2540 1761 2575 ut

423 2630 430 2645 ¹
453 2623 553 2655 Galat.
574 2634 612 2664 11,
635 2634 664 2664 1,
684 2632 703 2654 2
718 2626 795 2664 et9.
816 2638 856 2643 --
877 2628 888 2643 ²
913 2632 923 2652 1
946 2622 1060 2660 C0r.1‚
1084 2630 1134 2652 10.
1150 2635 1192 2641 --
1213 2617 1225 2642 3
1245 2622 1316 2651 Act.
1337 2630 1368 2651 x.
1386 2636 1427 2640 ——
1448 2617 1462 2648 4
1483 2621 1574 2651 Rom.
1594 2629 1617 2659 1,
1640 2626 1697 2649 21.
