1819 3301
422 250 560 279 stho
592 253 749 279 DOMINI
781 253 826 279 m
858 252 1036 290 MONTE,
1072 251 1160 278 Lm.
1199 253 1245 278 11.
1430 244 1508 280 221

129 314 236 359 dum
257 315 375 359 enim
396 315 524 360 etiam
553 331 739 375 praesens
760 315 835 360 lux
857 315 1009 361 absens
1032 323 1095 360 est
1116 314 1264 372 caecis3
1298 325 1341 359 et
1362 317 1420 361 eis
1438 318 1513 377 qui

129 385 278 430 oculos
315 386 528 431 claudunt
559 406 567 431 :
600 388 656 431 ita
697 388 774 431 Dei
804 396 1016 446 regnum,
1055 385 1252 446 quamvis
1285 401 1514 447 nunquam

129 455 321 500 discedat
346 456 401 501 de
428 457 573 511 terris,
598 466 744 501 tamen
767 458 920 501 absens
949 466 1013 502 est
1046 456 1362 515 ignorantibus.
1397 457 1514 503 Nulli

130 535 276 570 autem
311 526 460 570 licebit
491 527 689 584 ignorare
720 543 902 585 regnum
928 528 1026 584 Dei,
1063 542 1164 572 cum
1187 527 1277 587 ejus
1305 527 1513 585 Unigeni-

128 605 198 640 tus
238 612 328 641 non
365 595 506 641 solum
542 596 902 654 intelligibiliter,
936 597 1012 642 sed
1047 599 1180 642 etiam
1212 597 1438 643 visibiliter
1470 598 1514 641 in

125 667 302 712 homine
332 667 550 712 dominico
580 666 634 711 de
663 666 777 712 coelo
810 668 977 712 venerit
1004 668 1277 727 judicaturus
1311 668 1433 714 vivos
1472 677 1515 713 et

128 746 323 783 mortuos
356 739 385 782 ¹.
418 741 520 783 Post
565 739 684 799 quod
709 737 952 798 judicium,
984 737 1029 781 id
1060 747 1147 793 est,
1181 754 1282 782 cum
1314 738 1514 784 discretio

130 818 173 854 et
206 809 418 869 separatio
441 811 659 870 justorum
682 809 737 854 ab
771 810 939 870 injustis
966 808 1080 853 facta
1106 808 1240 854 suerit
1258 845 1269 864 ,
1300 810 1361 854 ita
1393 811 1517 855 inha-

128 879 288 924 bitabit
303 881 442 940 justos
479 883 613 935 Deus,
642 889 691 925 ut
723 895 814 925 non
851 896 960 940 opus
989 881 1043 924 sit
1071 895 1336 940 quemquam
1369 880 1514 926 doceri

127 965 203 1010 per
239 951 484 1006 hominem⁷
520 950 598 994 sed
632 950 717 995 sint
756 966 929 1006 omnes,
950 960 1001 995 ut
1031 951 1240 1010 scriptum
1270 960 1355 1007 est,
1386 970 1405 994 «
1426 955 1514 997 Do·

129 1039 149 1062 »
185 1020 334 1065 cibiles
351 1024 440 1066 Deo
458 1024 489 1064 ².
518 1039 537 1062 η
565 1021 730 1065 Deinde
752 1020 879 1065 beata
900 1022 988 1066 vita
1010 1022 1129 1066 omni
1152 1037 1202 1065 ex
1235 1031 1356 1082 parte
1380 1023 1512 1082 perfi-

125 1092 264 1136 cietur
286 1092 331 1136 in
348 1096 504 1136 sanctis
527 1092 571 1135 in
592 1101 804 1136 aeternum
824 1127 835 1148 ,
861 1092 988 1136 sicuti
1006 1109 1124 1137 nunc
1146 1092 1344 1138 coelestes
1358 1094 1513 1152 Angeli

125 1163 379 1207 sanctissimi
402 1172 531 1223 atque
561 1163 792 1207 beatissimi
814 1163 905 1207 solo
929 1167 1017 1207 Deo
1034 1163 1278 1208 illustrante
1300 1165 1512 1223 sapientes

125 1243 169 1278 et
191 1234 306 1279 beati
343 1243 446 1278 sunt
471 1253 479 1278 z
509 1234 611 1294 quia
641 1243 683 1278 et
705 1235 787 1279 hoc
808 1235 1004 1293 promisit
1028 1236 1236 1279 Dominus
1265 1235 1351 1279 suis
1377 1255 1385 1280 :
1416 1255 1435 1277 «
1462 1239 1513 1280 In

128 1323 149 1347 υ
185 1305 498 1350 resurrectione
520 1315 673 1360 erunt,
708 1305 873 1365 inquit,
909 1306 1020 1350 sicut
1041 1305 1196 1365 Angeli
1229 1306 1273 1350 in
1301 1307 1461 1351 coelisss.
1488 1326 1508 1349 »

183 1379 304 1421 XXI.
323 1380 379 1421 Et
392 1376 490 1420 ideo
504 1385 600 1435 post
617 1376 734 1420 illam
749 1377 1021 1436 petitionem,
1042 1394 1128 1438 qua
1147 1377 1330 1422 dicimus
1349 1398 1356 1422 :
1382 1397 1401 1420 «
1421 1378 1512 1423 Ad-

129 1465 149 1489 »
186 1448 330 1492 veniat
357 1462 538 1505 regnum
563 1456 710 1502 tuum,
751 1465 771 1488 »
797 1448 992 1508 sequitur
1009 1483 1019 1503 ‚
1048 1468 1067 1490 «
1090 1449 1185 1492 Fiat
1206 1448 1405 1493 voluntas
1438 1458 1511 1492 tua

128 1535 148 1559 »
185 1518 295 1562 sicut
313 1518 359 1562 in
375 1517 486 1562 coelo
509 1527 552 1562 et
573 1518 618 1561 in
641 1527 752 1562 terra
779 1533 786 1558 :
818 1536 838 1559 »
858 1518 903 1562 id
926 1527 1016 1573 est,
1041 1519 1151 1562 sicut
1170 1528 1232 1563 est
1261 1519 1305 1562 in
1335 1519 1511 1578 Angelis

125 1590 202 1650 qui
223 1598 324 1633 sunt
345 1589 391 1633 in
414 1588 534 1633 coelis
556 1589 756 1633 voluntas
786 1599 883 1645 tua,
905 1598 953 1634 ut
975 1590 1226 1634 omnimodo
1260 1590 1337 1634 tibi
1361 1590 1511 1634 adhae-

126 1669 250 1704 reant
269 1669 398 1720 teque
412 1658 714 1720 perfruantur,
734 1660 857 1704 nullo
877 1676 1020 1705 errore
1038 1660 1324 1705 obnubilante
1346 1661 1513 1721 sapien-

126 1731 229 1774 tiam
252 1745 402 1775 eorum
421 1765 432 1785 ‚
464 1729 585 1773 nulla
614 1730 782 1774 miseria
812 1730 1075 1789 impediente
1103 1730 1416 1775 beatitudinem
1440 1747 1513 1777 eo-

126 1817 222 1845 rum
236 1836 247 1856 ,
270 1802 330 1845 ita
351 1802 426 1844 fiat
449 1801 493 1844 in
512 1801 667 1845 sanctis
685 1801 768 1845 tuis
789 1802 864 1860 qui
880 1802 925 1844 in
951 1811 1059 1846 terra
1076 1811 1201 1856 sunt,
1223 1811 1266 1846 et
1297 1801 1350 1846 de
1380 1814 1508 1858 terra,

127 1871 247 1932 quod
269 1870 323 1916 ad
343 1887 499 1930 corpus
522 1872 677 1916 attinet
695 1906 706 1927 ‚
731 1871 833 1916 facti
851 1881 975 1927 sunt,
995 1882 1038 1917 et
1059 1873 1256 1932 quamvis
1278 1873 1322 1916 in
1356 1872 1511 1917 coeles-

127 1951 216 1986 tem
238 1942 550 1986 habitationem
568 1977 579 1997 ,
604 1951 735 2002 atque
749 1943 1096 1987 immutationem
1114 1978 1124 1998 ,
1155 1952 1300 1988 tamen
1323 1943 1377 1988 de
1399 1953 1511 1988 terra

129 2012 374 2058 assumendi
420 2022 536 2057 sunt.
565 2012 634 2057 Ad
666 2015 748 2058 hoc
776 2014 950 2074 respicit
985 2014 1114 2058 etiam
1144 2013 1217 2058 illa
1247 2015 1511 2073 Angelorum

130 2083 397 2144 praedicatio,
424 2102 443 2126 «
461 2083 607 2128 Gloria
624 2084 668 2127 in
691 2083 863 2129 excelsis
881 2088 986 2140 Deo,
1007 2086 1105 2130 etin
1130 2094 1242 2129 terra
1264 2101 1346 2144 pax
1368 2086 1512 2130 homi-

133 2173 154 2197 »
189 2155 318 2199 nibus
354 2156 481 2199 bonae
508 2153 773 2200 voluntatis4
802 2175 810 2200 ε
846 2175 865 2197 »
897 2165 945 2200 ut
973 2171 1073 2200 cum
1102 2157 1366 2215 praecesserit
1399 2157 1514 2200 bona

131 2226 333 2271 voluntas
354 2235 528 2280 nostra,
555 2241 653 2286 quae
675 2236 903 2271 vocantem
930 2228 1125 2287 sequitur
1144 2262 1154 2282 ,
1190 2226 1438 2286 perficiatur
1468 2227 1514 2271 in

133 2297 260 2341 nohis
277 2297 477 2341 voluntas
512 2297 613 2352 Dei,
651 2297 777 2342 sicuti
799 2306 862 2341 est
890 2298 934 2341 in
971 2296 1218 2341 coelestibus
1243 2297 1415 2355 Angelis
1435 2319 1445 2355 3
1465 2307 1515 2341 ut

135 2366 256 2411 nulla
278 2367 510 2411 adversitas
529 2367 693 2411 resistat
717 2377 874 2412 nostrae
894 2366 1151 2411 beatitudini
1169 2402 1177 2422 ‚
1201 2367 1320 2428 quod
1338 2377 1510 2427 estpax.

136 2440 247 2484 Item
274 2457 293 2481 «
314 2438 410 2482 Fiat
431 2437 630 2483 voluntas
654 2448 752 2495 tua,
788 2458 808 2481 »
836 2448 951 2483 recte
982 2437 1262 2497 intelligitur,
1288 2438 1517 2484 obediatur

185 2542 193 2558 ¹
218 2536 296 2567 Vide
322 2537 466 2567 Retract.
489 2535 549 2568 Iib.
572 2547 595 2578 ι,
617 2547 691 2579 cap.
710 2547 778 2578 xix,
799 2549 829 2569 n.
851 2536 883 2569 8.
901 2553 943 2559 -
963 2543 976 2560 2
996 2537 1065 2569 Isai'.
1088 2546 1152 2578 mv,
1172 2536 1223 2578 13,
1243 2540 1275 2569 et
1292 2538 1381 2569 Joan.
1402 2547 1445 2579 vi,
1460 2536 1502 2578 45

138 2608 179 2614 —-
200 2589 212 2615 3
237 2591 506 2634 Matt11.xxn,30,
527 2609 568 2615 —
586 2591 603 2623 4
624 2595 700 2625 Luc.
723 2603 761 2635 11,
782 2591 833 2634 14.
