1819 3301
64 240 73 257 l

263 288 317 315 ΒΕ
348 287 557 315 εοΝεΕΝευ
588 283 997 322 EvAuazus‘rARUM,
1032 285 1114 311 Lm.
1151 285 1216 310 111.
1378 276 1424 313 11

56 360 200 410 coepta
234 360 297 395 est
331 350 403 395 illa
438 350 548 394 trina
575 350 772 408 negatio,
810 348 1090 392 attenderunt
1124 347 1187 390 illi
1210 356 1316 403 tres,
1342 363 1431 393 non

55 420 231 481 quando
249 435 343 464 cam
365 419 659 479 completurus
682 428 791 463 esset
812 422 984 473 Petrus,
1009 416 1084 461 sed
1101 425 1262 477 quanta
1285 415 1432 462 futura

55 500 178 545 esset,
205 500 247 534 et
264 489 439 550 quando
462 497 660 547 coeptura
678 509 687 544 ς
704 488 748 531 id
770 497 831 531 est
850 522 860 542 ‚
882 487 982 547 quia
1002 488 1132 541 trina,
1158 495 1200 529 et
1217 487 1317 546 quia
1333 496 1432 531 ante

55 559 155 617 galli
178 569 353 603 cantum
380 578 388 602 :
414 573 664 618 quanquam
684 557 727 600 in
747 558 890 600 animo
912 558 1031 615 ejus,
1055 564 1097 599 et
1121 564 1220 598 ante
1241 555 1430 614 primum

55 628 155 688 galli
173 637 348 672 cantum
370 637 458 672 tota
474 627 606 686 possit
623 625 819 683 intelligi.
839 626 1042 678 Quamvis
1059 626 1173 669 enim
1194 626 1336 670 verbis
1358 641 1432 669 ne·
1490 639 1492 641 ’

54 698 190 755 gantis
214 707 312 741 ante
333 698 521 756 primum
557 705 700 754 coepta
718 731 728 748 ‚
758 704 857 738 ante
883 695 1125 739 secundum
1158 703 1303 738 autem
1330 694 1432 753 galli

53 776 229 811 cantum
266 776 437 826 peracta
460 767 512 810 sit
540 775 631 809 tota
663 764 736 809 illa
759 766 869 808 trina
900 765 1072 822 negatio
1100 773 1274 807 :tamen
1297 764 1430 808 affec-

54 837 171 881 tione
204 837 336 881 animi
364 845 406 880 et
437 837 590 880 timore
624 835 739 879 Petri
771 844 870 879 ante
904 834 1092 894 primum
1113 843 1201 878 tota
1224 844 1431 892 concepta

53 915 130 950 est.
163 909 250 951 Nec
286 907 463 950 interest
497 905 668 966 quantis
695 919 914 948 morarum
935 902 1170 947 intervallis
1193 903 1305 946 trina
1327 918 1432 947 voce

52 977 276 1020 enuntiata
297 977 370 1031 sit,
396 991 496 1020 cum
519 991 592 1019 cor
614 976 704 1034 ejus
726 975 854 1018 etiam
873 983 973 1017 ante
999 974 1188 1033 primum
1211 973 1311 1031 galli
1329 989 1432 1018 can-

52 1055 145 1090 tum
178 1054 268 1090 tota
294 1045 558 1104 possederit,
584 1053 674 1087 tam
690 1057 846 1100 magna
868 1043 1029 1087 scilicet
1050 1042 1282 1086 formidine
1299 1043 1432 1086 imbi-

51 1116 140 1159 bita
157 1150 167 1169 ‚
193 1124 243 1158 ut
269 1123 412 1173 posset
444 1114 676 1158 Dominum
693 1147 703 1167 ,
729 1128 818 1156 non
838 1112 979 1157 solum
1001 1111 1153 1167 semel,
1180 1111 1253 1155 sed
1275 1113 1431 1156 iterum

51 1193 94 1228 et
127 1184 254 1228 tertio
289 1185 579 1242 interrogatus
607 1198 791 1241 negare,
829 1191 878 1226 ut
909 1183 1065 1225 rectius
1093 1181 1432 1241 diligentiusque

52 1253 399 1308 attendentibus,
434 1252 657 1313 quomodo
671 1254 760 1311 jam
784 1253 1025 1296 moechatus
1051 1261 1113 1295 est
1133 1251 1358 1294 mulierem
1387 1251 1432 1295 in

51 1323 180 1368 corde
201 1339 278 1367 suo
303 1323 377 1382 qui
398 1338 493 1366 eam
523 1322 681 1367 viderit
703 1321 758 1365 ad
786 1320 1208 1380 concupiscendum¹
1230 1342 1240 1378 3
1265 1321 1324 1364 sic
1350 1325 1431 1364 Pe-

51 1401 142 1449 trus
178 1392 546 1452 quandocumque
577 1392 719 1435 Verbis
752 1391 899 1434 ederet
937 1392 1134 1434 timorem
1153 1425 1164 1444 ‚
1190 1405 1319 1450 quem
1344 1399 1433 1434 tam

49 1462 347 1506 vehementem
372 1462 516 1504 animo
549 1469 807 1518 conceperat
827 1495 837 1514 ‚
865 1469 914 1504 ut
934 1460 1170 1519 perdurare
1192 1469 1336 1518 posset
1356 1475 1431 1504 us-

50 1548 135 1593 que
156 1531 210 1576 ad
240 1532 409 1575 tertiam
433 1532 604 1576 Domini
627 1532 902 1589 negationem
919 1566 929 1584 ‚
955 1540 1045 1576 tota
1070 1531 1180 1574 trina
1202 1532 1375 1589 negatio
1393 1532 1432 1575 ei

50 1602 232 1660 tempori
251 1601 499 1658 deputanda
523 1610 606 1655 est,
636 1600 814 1660 quando
836 1615 935 1643 eum
957 1601 1080 1643 trinae
1103 1600 1321 1657 negationi
1343 1603 1432 1644 sus-

50 1672 197 1715 ficiens
234 1671 364 1714 timor
395 1671 550 1714 invasit
576 1689 584 1713 :
617 1685 666 1712 ex
691 1685 779 1728 quo
804 1670 932 1712 etiam
959 1670 990 1711 si
1010 1678 1106 1726 post
1124 1670 1311 1727 primum
1331 1669 1431 1726 galli

49 1750 224 1784 cantum
237 1741 477 1799 inciperent
495 1739 664 1798 pulsato
682 1738 1092 1794 interrogationibus
1111 1747 1284 1796 pectore
1298 1739 1431 1782 verba

49 1809 122 1854 illa
143 1811 379 1867 negationis
401 1824 649 1867 erumpere,
677 1823 755 1850 nec
790 1808 848 1851 sic
882 1806 1069 1850 absurde
1096 1816 1227 1866 atque
1248 1808 1431 1851 menda-

49 1880 155 1924 citer
173 1889 272 1923 ante
295 1879 395 1937 galli
418 1888 596 1922 cantum
616 1887 677 1921 ter
694 1892 869 1934 negasse
891 1876 1123 1930 diceretur,
1136 1878 1313 1936 quando
1332 1887 1432 1921 ante

49 1948 148 2006 galli
180 1957 357 1992 cantum
392 1957 538 1991 tantus
570 1947 700 1990 timor
723 1946 951 1989 obsederat
975 1951 1193 1999 mentem‘,
1234 1947 1309 2005 qui
1331 1962 1431 1990 eum

48 2027 191 2077 posset
207 2033 345 2077 usque
367 2019 421 2062 ad
441 2018 610 2062 tertiam
625 2017 901 2075 negationem
917 2017 1169 2075 perducere.
1196 2016 1337 2061 Multo
1354 2017 1432 2059 mi-

49 2103 130 2131 nus
158 2088 288 2144 igitur
316 2102 489 2130 movere
511 2086 643 2129 debet
663 2121 672 2138 ⁷
699 2088 798 2144 quia
822 2086 931 2128 trina
960 2086 1128 2143 negatio
1151 2087 1276 2128 etiam
1313 2087 1431 2129 trinis

48 2157 243 2215 negantis
264 2157 443 2200 vocibus
473 2165 572 2199 ante
595 2154 695 2213 galli
717 2164 891 2199 cantum
917 2164 1059 2213 empta
1075 2189 1086 2209 ‚
1110 2156 1188 2198 etsi
1210 2171 1299 2198 non
1333 2165 1432 2199 ante

49 2228 236 2286 primum
256 2226 355 2283 galli
377 2236 552 2270 cantum
567 2234 740 2284 peracta
765 2234 842 2268 est.
872 2227 1095 2284 Tanquam
1113 2225 1146 2268 si
1170 2224 1298 2269 alicui
1320 2223 1432 2269 dice—

50 2306 167 2340 retur
188 2315 196 2340 :
222 2299 313 2340 Hac
336 2305 462 2340 nocte
485 2306 719 2355 antequam
751 2295 886 2352 gallus
908 2304 1078 2349 cantet,
1113 2295 1166 2338 ad
1185 2311 1253 2338 me
1273 2296 1431 2339 scribes

49 2364 288 2424 epistolam,
307 2366 352 2409 in
367 2381 452 2424 qua
468 2365 574 2408 mihi
591 2374 655 2408 ter
667 2365 996 2409 conviciaberis:
1019 2380 1108 2408 non
1124 2365 1275 2423 utique
1288 2365 1430 2408 sicam

45 2445 144 2480 ante
171 2449 344 2479 omnem
369 2435 470 2493 galli
492 2444 671 2479 cantum
694 2434 880 2478 scribere
900 2435 1111 2493 inciperet
1126 2469 1136 2487 ‚
1160 2443 1203 2477 et
1220 2443 1315 2492 post
1342 2436 1431 2492 pri—

42 2520 164 2551 mum
178 2504 278 2564 galli
291 2515 467 2551 cantum
481 2504 640 2558 finiret,
653 2504 753 2548 ideo
766 2503 1004 2549 dicendum
1020 2513 1111 2549 erat
1125 2502 1280 2547 falsum
1295 2503 1428 2548 fuisse

97 2594 105 2611 ¹
126 2588 245 2619 Matth.
264 2599 298 2628 v,
324 2588 378 2620 28.
