1819 3301
334 223 417 263 334
773 231 807 261 S.
844 232 1074 261 Auens-nm
1110 233 1289 261 Ei>1scom

332 308 421 354 est,
447 313 547 342 eum
564 297 635 342 cui
652 296 836 341 dicitur:
858 315 877 338 «
896 300 961 339 Tu
979 311 1150 340 mecum
1169 312 1212 341 es
1228 312 1413 356 semper,
1427 315 1446 338 »
1463 298 1547 342 hoc
1569 313 1591 342 a
1606 307 1727 358 patre

332 380 519 428 optasse,
544 378 594 414 ut
614 368 882 414 Antichristo
899 367 1110 411 crederet.
1136 370 1288 428 Neque
1310 369 1490 413 omnino
1503 369 1549 412 in
1571 369 1630 413 eis
1647 372 1728 413 Ju-

331 442 526 487 daeorum
549 441 624 501 qui
647 439 914 484 Antichristo
937 437 1145 482 credituri
1168 448 1296 494 sunt,
1333 440 1463 484 istum
1492 439 1633 483 filium
1664 437 1726 485 fas

331 525 392 559 est
415 512 614 570 intelligi.
641 510 874 564 Quomodo
897 520 1041 553 autem
1066 509 1318 569 epularetur
1341 526 1391 554 ex
1413 510 1489 555 illo
1512 510 1664 564 hoedo,
1691 509 1727 553 si

329 586 419 644 ipse
441 593 552 628 esset
573 582 866 627 Antichristus
883 616 894 635 ‚
919 580 998 641 qui
1028 580 1066 624 ei
1096 596 1185 625 non
1212 581 1438 626 crederet?
1462 585 1550 626 Aut
1580 581 1614 624 si
1643 581 1726 625 hoc

329 665 390 699 est
414 654 579 714 epulari
600 669 650 697 ex
672 652 794 697 hoedi
816 652 1044 707 occisione,
1068 651 1190 712 quod
1208 662 1272 697 est
1289 652 1343 696 de
1358 652 1613 697 Antichristi
1632 667 1726 711 per-

328 726 492 770 ditione
509 724 668 779 laetari,
688 723 911 784 quomodo
927 722 1031 767 dicit
1048 723 1162 767 filius
1179 739 1312 783 quem
1330 725 1491 783 recepit
1506 733 1627 783 pater
1640 723 1725 768 hoc

327 796 406 839 silii
428 811 516 839 non
545 794 676 838 fuisse
697 810 971 849 concessum,
1009 809 1107 838 cum
1132 810 1282 838 omnes
1308 793 1385 838 filii
1415 795 1490 838 Dei
1524 794 1578 837 de
1609 793 1725 838 illius

327 867 557 911 adversarii
578 866 857 910 damnatione
878 864 1067 909 laetaturi
1085 866 1196 909 sint?
1215 865 1430 910 Nimirum
1449 881 1568 924 ergo,
1586 865 1725 925 (quod

328 941 372 984 in
389 954 432 982 re
443 938 747 983 obscurissima
760 938 851 981 sine
863 935 1114 996 praejudicio
1129 935 1415 995 diligentioris
1430 936 1722 996 inquisitionis

330 1011 510 1055 dixerIm
534 1014 569 1065 )‚
600 1010 740 1068 ipsum
765 1007 1000 1052 Dominum
1031 1007 1111 1050 sibi
1135 1018 1340 1065 negatum
1370 1008 1426 1051 ad
1454 1006 1723 1067 epulandum

324 1082 623 1141 conqueritur„
637 1079 742 1123 dum
758 1094 855 1122 eum
871 1087 1139 1137 peccatorem
1153 1087 1291 1137 putat.
1306 1080 1419 1123 Cum
1434 1078 1551 1122 enim
1566 1079 1723 1123 hoedus

324 1163 387 1197 est
408 1152 471 1196 illi
494 1153 638 1210 genti,
665 1151 711 1193 id
733 1159 822 1204 est,
849 1165 947 1193 cum
967 1163 1068 1192 eum
1090 1148 1261 1193 sabbati
1283 1148 1538 1193 violatorem
1558 1158 1601 1193 et
1621 1164 1724 1208 pro-

323 1225 564 1269 fanatorem
578 1221 906 1281 legisexistimat
917 1255 927 1275 ,
941 1219 1175 1280 jucundari
1187 1219 1325 1279 epulis
1339 1221 1429 1280 ejus
1443 1235 1531 1263 non
1545 1221 1719 1265 meruit:

322 1305 372 1339 ut
399 1293 520 1355 quod
549 1294 609 1337 ait
633 1308 643 1334 t
674 1312 693 1334 «
717 1294 951 1351 Nunquam
975 1289 1132 1334 dedisti
1161 1291 1268 1334 mihi
1297 1290 1507 1346 hoedum,
1540 1300 1590 1334 ut
1621 1306 1720 1335 cum

325 1385 344 1407 »
381 1365 526 1409 amicis
550 1364 654 1407 meis
676 1363 876 1422 epularer
891 1365 903 1387 ²
927 1380 946 1403 »
968 1381 976 1406 :
1005 1361 1088 1405 tale
1109 1362 1163 1405 sit
1185 1357 1233 1405 hc
1255 1361 1289 1405 si
1313 1362 1498 1416 diceret,
1523 1376 1624 1405 eum
1645 1363 1722 1422 qui

322 1437 428 1480 mihi
451 1435 609 1480 hoedus
631 1433 881 1488 videbatur,
906 1447 1134 1492 nunquam
1151 1431 1308 1475 dedisti
1330 1432 1438 1476 mihi
1463 1431 1518 1476 ad
1541 1432 1722 1492 epulan-

323 1507 429 1551 dum
446 1543 456 1562 ‚
483 1523 534 1552 eo
558 1507 653 1566 ipso
669 1505 775 1549 mihi
790 1503 915 1548 illum
940 1504 1079 1562 ipsum
1102 1519 1191 1547 non
1210 1502 1455 1548 concedens
1471 1539 1481 1558 ‚
1507 1519 1597 1564 quo
1615 1504 1721 1548 mihi

320 1579 478 1623 hoedus
500 1577 748 1623 videbatur.
771 1574 901 1628 Quod
919 1583 1064 1618 autem
1082 1574 1212 1618 dicit:
1235 1576 1377 1618 «Cum
1398 1575 1542 1618 amicis
1560 1574 1715 1630 meis‚»

321 1659 396 1693 aut
428 1665 480 1693 ex
508 1663 692 1708 persona
714 1646 960 1705 principum
991 1660 1089 1688 cum
1114 1644 1241 1703 plebe
1259 1643 1538 1703 intelligitur,
1571 1655 1647 1689 aut
1669 1660 1721 1689 ex

319 1737 503 1780 persona
524 1719 676 1779 populi
698 1716 1050 1774 Jerosolymitani
1073 1731 1172 1759 cum
1198 1716 1368 1759 caeteris
1393 1715 1564 1774 populis
1585 1718 1609 1759 J
1616 1716 1715 1761 uda.

319 1793 566 1836 Meretrices
589 1799 734 1834 autem
753 1804 850 1832 cum
866 1787 1027 1847 quibus
1046 1786 1270 1846 dissipasse
1290 1787 1577 1830 substantiam
1597 1802 1718 1830 suam

319 1863 434 1907 filius
452 1863 600 1923 junior
623 1870 847 1906 aecusatus
871 1868 935 1902 est
950 1893 960 1911 ‚
987 1867 1102 1902 recte
1122 1856 1427 1914 intelliguntur
1449 1858 1718 1917 superstitio-

318 1951 416 1989 nes,
442 1933 594 1978 relicto
617 1949 707 1976 uno
730 1930 952 1975 connubio
974 1929 1168 1986 legitimo
1190 1929 1310 1972 verbi
1337 1929 1435 1982 Dei,
1461 1944 1562 1972 cum
1585 1928 1715 1972 turba

319 2007 637 2051 dreinoniorum
666 2002 905 2062 cupiditate
931 2000 1176 2059 turpissima
1205 1998 1423 2044 fornicari.

378 2081 433 2122 X.
455 2078 568 2130 Quid
593 2075 750 2119 deinde
772 2073 850 2117 sibi
874 2072 968 2115 vult
991 2070 1111 2130 quod
1133 2087 1231 2114 cum
1250 2079 1373 2129 pater
1394 2069 1556 2114 diceret
1578 2089 1587 2115 ε
1613 2073 1714 2114 «Tu

321 2168 341 2191 >›
378 2163 551 2193 mecum
575 2148 622 2190 es‘
640 2148 850 2205 semper2,
870 2162 890 2184 »
909 2142 1027 2202 quod
1043 2144 1130 2202 jam
1155 2150 1385 2185 tractatum
1405 2151 1493 2195 est,
1515 2140 1710 2186 addidit:

322 2223 414 2263 «Et
437 2220 582 2263 omnia
604 2233 698 2261 mea
727 2226 796 2259 tua
826 2216 961 2259 sunt?
980 2232 999 2253 »
1031 2216 1125 2266 Qua
1154 2213 1197 2255 in
1226 2228 1270 2255 re
1300 2212 1440 2271 primo
1468 2212 1710 2256 cavendum

318 2299 406 2344 est,
433 2306 487 2334 ne
516 2288 730 2346 intelligas
761 2287 817 2330 ita
852 2286 1016 2329 dictum
1042 2303 1050 2328 :
1081 2303 1100 2325 «
1125 2283 1280 2342 Omnia
1306 2299 1399 2326 mea
1433 2292 1505 2327 tua
1533 2292 1659 2337 sunt,
1689 2302 1707 2325 »

317 2363 439 2420 quasi
457 2377 545 2405 non
562 2360 647 2404 sint
661 2357 877 2411 etj'ratns,
901 2365 950 2399 ut
965 2364 1173 2414 tanquam
1191 2355 1234 2397 in
1255 2363 1420 2397 terrena
1439 2354 1707 2409 haereditate,

317 2433 492 2490 patiaris
522 2430 742 2490 angustias
759 2463 769 2483 ,
801 2425 1025 2488 quomodo
1049 2425 1211 2484 possint
1232 2425 1374 2470 omnia
1399 2440 1488 2469 esse
1510 2425 1680 2485 majoris
1695 2460 1707 2481 ,

317 2502 352 2546 si
369 2503 501 2548 habet
513 2502 573 2547 ibi
587 2501 714 2546 etiam
732 2501 880 2560 junior
897 2506 1065 2558 partem
1080 2511 1218 2541 suam.
1247 2495 1314 2542 Sic
1331 2496 1446 2540 enim
1467 2511 1490 2540 a
1507 2494 1708 2556 perfectis

372 2595 376 2607 ¹
398 2590 472 2621 Luc.
494 2596 619 2630 xv,·29.
638 2603 679 2609 -
700 2591 712 2608 ²
733 2584 814 2617 Ibid.
836 2584 888 2615 30.
