1819 3301
319 269 341 304 8
753 278 785 304 s.
824 276 1050 303 mausum
1086 275 1264 303 nrtscom

311 349 502 386 moveret
519 340 640 401 quod
663 350 749 384 tam
773 339 962 393 diversa,
991 354 1079 383 non
1103 349 1275 384 tantum
1298 339 1451 394 verba,
1478 339 1551 382 sed
1571 339 1698 382 ctiam

310 412 544 457 sententias
579 411 751 454 Domini
790 412 1089 469 praemittunt,
1125 411 1284 469 quibus
1307 421 1526 469 permotus
1550 412 1701 452 Petrus

311 482 432 531 illam
455 482 836 540 praesumptionem
856 479 1095 538 proferret,
1116 480 1185 523 vel
1207 495 1307 524 cum
1329 480 1513 524 Domino
1535 478 1604 522 vel
1622 493 1702 538 pro

309 552 493 598 Domino
519 550 755 604 moriendi,
790 558 841 593 ut
868 550 1002 608 magis
1025 559 1182 607 cogant
1204 549 1384 607 intelligi
1414 559 1478 593 ter
1501 564 1601 592 eum
1624 563 1702 592 ex-

311 622 508 682 pressisse
552 620 935 679 praesumptionem
980 634 1103 662 suam
1142 619 1319 663 diversis
1356 619 1459 662 locis
1494 618 1703 662 sermonis

314 693 495 745 Christ-i,
528 700 571 734 et
609 699 674 734 ter
695 689 757 733 illi
780 707 802 734 a
833 690 1018 734 Domino
1041 705 1293 748 responsum
1317 688 1437 749 quod
1472 703 1573 732 eum
1595 696 1704 732 esset

315 772 415 807 ante
437 759 538 820 galli
561 769 739 807 cantum
758 769 822 804 ter
844 769 1092 818 negaturus.

373 834 449 875 VI.
481 833 629 890 Neque
656 830 768 873 enim
792 827 1047 873 incredibile
1065 837 1154 881 est,
1179 826 1451 886 aliquantum
1480 827 1706 886 disjunctis

314 900 551 945 intervallis
586 900 788 958 temporis
825 903 1001 942 Petrum
1030 907 1297 942 commotum
1336 912 1425 941 esse
1460 898 1516 941 ad
1541 913 1705 956 praesu-

315 971 527 1016 mendum
545 1005 556 1025 ‚
583 971 693 1014 sicut
715 969 770 1013 ad
793 969 1038 1026 negandum
1060 989 1070 1025 3
1106 968 1174 1012 vel
1206 969 1244 1012 ci
1278 968 1514 1012 Dominum
1541 968 1707 1028 aliquid

315 1051 380 1086 ter
397 1041 590 1085 similiter
607 1038 897 1098 respondisse:
913 1037 1272 1098 quandoquidem
1295 1039 1424 1082 etiam
1447 1039 1702 1093 contextim,

316 1112 446 1157 nullis
469 1112 560 1156 aliis
580 1110 841 1170 interpositis
872 1109 1000 1153 rebus
1024 1118 1096 1152 aut
1121 1108 1266 1152 verbis
1282 1144 1292 1163 ,
1317 1118 1415 1168 post
1433 1109 1709 1154 resurrectio-

317 1198 417 1227 nem
440 1192 506 1227 ter
536 1181 661 1225 illum
691 1180 1022 1238 interrogaverit
1043 1189 1192 1223 utrum
1219 1194 1319 1223 eum
1341 1188 1485 1234 amet,
1518 1188 1562 1224 et
1581 1179 1620 1223 ei
1642 1188 1708 1224 ter

317 1253 400 1297 hoc
422 1252 538 1295 idem
568 1250 848 1310 respondenti
877 1248 1005 1292 etiam
1027 1249 1118 1307 ipse
1134 1247 1391 1292 mandatum
1412 1249 1467 1292 de
1483 1249 1707 1308 pascendis

318 1322 473 1367 ovibus
503 1322 589 1365 suis
621 1336 760 1364 unum
794 1319 999 1379 idemque
1031 1329 1096 1363 ter
1119 1319 1417 1378 praeceperit&
1444 1322 1537 1364 Hoc
1561 1329 1707 1364 autem

319 1407 409 1436 esse
430 1390 696 1444 credibilius,
712 1389 831 1448 quod
846 1397 911 1432 ter
928 1389 1163 1432 ostenderit
1178 1389 1562 1448 praesumptionem
1584 1405 1707 1434 suam

321 1465 474 1505 Petrus
491 1494 502 1514 ,
526 1469 570 1503 et
591 1459 646 1502 de
668 1459 778 1503 trina
801 1473 875 1501 sua
899 1459 1130 1517 negatione
1153 1468 1218 1503 ter
1239 1474 1263 1502 a
1287 1460 1472 1504 Domino
1490 1459 1705 1514 audierit,

321 1546 372 1575 ex
407 1529 508 1589 ipsis
541 1528 913 1586 Evangelistarum
945 1529 1087 1573 verbis
1103 1564 1114 1583 ‚
1157 1545 1255 1589 quae
1296 1544 1317 1573 a
1365 1530 1551 1574 Domino
1592 1530 1708 1574 dicta

321 1599 487 1644 diverse
510 1613 558 1642 ac
576 1597 743 1642 diversa
764 1607 1124 1653 commemorant,
1146 1599 1206 1643 sic
1226 1598 1438 1658 probatur
1457 1617 1467 1644 ε
1492 1602 1606 1644 Ecce
1622 1615 1710 1643 me-

322 1668 576 1713 minerimus
598 1668 718 1727 quod
749 1683 867 1711 nunc
896 1667 1137 1727 interposui
1168 1683 1220 1711 ex
1241 1668 1479 1726 Evangelio
1503 1669 1707 1724 Joannis,

321 1740 406 1783 hoc
429 1746 544 1781 certe
579 1736 743 1780 dixerat
770 1756 778 1781 :
809 1756 828 1778 «
855 1739 886 1780 F
892 1736 1020 1791 ilioli,
1059 1736 1203 1781 adhuc
1241 1736 1462 1781 modicum
1483 1737 1710 1782 vobiscum

326 1826 347 1849 »
382 1821 494 1851 sum.
515 1807 727 1859 Quaeretis
750 1821 840 1860 me,
872 1815 917 1849 et
936 1806 1046 1850 sicut
1067 1806 1156 1850 dixi
1177 1809 1202 1849 J
1207 1806 1362 1861 udaeis,
1384 1822 1472 1867 quo
1490 1823 1570 1866 ego
1597 1808 1711 1852 vado

327 1896 348 1919 »
382 1891 458 1921 vos
479 1891 568 1920 non
585 1875 762 1934 potestis
778 1875 950 1920 venire:
970 1884 1013 1919 et
1034 1875 1156 1919 vobis
1179 1875 1276 1919 dico
1295 1875 1440 1921 modo.
1453 1877 1710 1922 Mandatum

329 1966 349 1989 η
385 1961 547 1991 novum
569 1945 626 1989 do
647 1945 770 1990 vobis
785 1980 796 2000 ,
827 1955 877 1990 ut
899 1944 1083 2003 diligatis
1104 1946 1292 1990 invicem
1315 1946 1427 1991 sicut
1449 1946 1579 1991 dilexi
1600 1963 1677 1993 vos
1696 1983 1707 2003 ,

329 2034 350 2058 »
384 2025 435 2060 ut
467 2025 510 2060 et
536 2031 612 2060 vos
643 2014 829 2073 diligatis
865 2015 1065 2059 invicem.
1107 2018 1157 2059 In
1196 2016 1279 2060 hoc
1313 2026 1576 2075 cognoscent
1614 2033 1711 2062 om-

331 2105 352 2127 »
386 2101 461 2130 nes
481 2120 492 2140 ‚
517 2087 619 2145 quia
646 2085 732 2128 mei
754 2083 961 2144 Discipuli
984 2086 1081 2130 estis
1099 2120 1110 2140 ,
1147 2085 1180 2128 si
1203 2084 1480 2130 dilectionem
1503 2086 1713 2132 habueri-

331 2174 351 2197 »
386 2154 439 2199 tis
477 2154 532 2199 ad
571 2155 772 2199 invicem.
799 2155 911 2199 Dicit
933 2155 971 2198 ei
1001 2155 1149 2199 Simon
1172 2158 1352 2200 Petrus:
1383 2157 1568 2201 Domine
1587 2192 1598 2212 ‚
1624 2173 1713 2218 quo

331 2243 352 2267 »
386 2224 538 2269 vadis?
558 2242 578 2266 »
604 2227 768 2283 Nempe
785 2225 855 2269 hic
878 2223 1155 2268 manifestum
1171 2234 1261 2283 est3
1280 2225 1428 2270 exiliis
1451 2227 1592 2271 verbis
1614 2243 1713 2272 mo-

329 2304 424 2339 tum
450 2309 539 2338 esse
578 2297 752 2338 Petrum
786 2302 834 2337 ut
863 2293 1024 2338 diceret
1057 2313 1065 2338 2
1095 2313 1115 2336 «
1142 2295 1324 2339 Domine
1343 2330 1354 2350 ‚
1389 2312 1478 2355 quo
1516 2296 1660 2353 vadis,
1689 2316 1710 2339 »

329 2364 431 2423 quia
453 2363 669 2407 dicentem
689 2362 883 2407 audierat
904 2382 912 2407 :
943 2382 962 2405 «
984 2365 1081 2416 Quo
1103 2379 1182 2422 ego
1200 2364 1312 2409 vado
1333 2380 1409 2409 vos
1430 2381 1518 2410 non
1539 2368 1714 2425 potestis

335 2453 354 2475 »
391 2434 588 2477 venire.»
615 2433 855 2493 Respondit
877 2437 998 2478 Jesus
1021 2434 1160 2478 eidem
1179 2438 1327 2480 Petro:
1345 2438 1477 2489 «Quo
1500 2452 1580 2496 ego
1601 2439 1714 2483 vado

336 2521 356 2544 »
391 2517 480 2546 non
510 2511 630 2561 potes
665 2518 734 2547 me
770 2504 892 2562 sequi
921 2502 1052 2547 modo
1070 2538 1081 2558 ,
1103 2505 1293 2564 sequeris
1313 2514 1458 2551 autem
1496 2516 1659 2565 postea.
1688 2526 1708 2548 >a

383 2592 392 2609 ¹
413 2588 503 2618 Joan.
523 2597 588 2626 nn,
611 2587 727 2628 15-17.
