1819 3301
356 258 402 284 IN
433 255 607 285 JOANNIS
639 256 947 300 ΕνΑΝςΕιιυΜ,
981 259 1126 289 TRACT.
1163 265 1221 291 v1.
1406 253 1488 293 463

115 321 222 376 mei,
247 321 327 365 hoc
348 321 508 365 dicturi
523 337 686 378 sumus,
712 325 813 384 quia
833 325 1013 384 Spiritus
1028 327 1181 385 gemit,
1206 327 1283 370 ubi
1300 328 1490 386 perfecta

115 400 157 435 et
178 400 338 435 aeterna
372 391 599 436 beatitudo
622 402 684 436 est
712 393 750 437 ei
782 409 881 437 cum
916 399 1040 439 Patre
1073 405 1116 440 et
1144 396 1286 440 Filio?
1310 398 1490 456 Spiritus

113 461 229 505 enim
250 470 422 505 sanctus
444 465 556 506 Deus
574 497 584 517 ‚
613 463 722 507 sieut
745 465 821 508 Dei
840 465 974 509 Filius
996 469 1126 521 Deus,
1141 476 1184 511 et
1204 471 1330 511 Pater
1358 471 1488 513 Deus.

116 534 197 575 Ter
215 531 302 576 dixi
324 535 440 576 Deus
458 567 469 586 ‚
495 532 568 576 sed
596 549 685 576 non
714 533 800 577 dixi
822 544 906 578 tres
929 535 1030 580 deos
1057 555 1065 581 :
1090 538 1224 595 magis
1245 538 1360 581 enim
1380 541 1493 582 Deus

113 612 178 647 ter
195 637 206 658 ‚
231 618 363 663 quam
385 602 444 647 dii
459 613 563 660 tres;
585 605 686 663 quia
705 608 829 648 Pater
843 615 885 649 et
903 606 1037 650 Filius
1058 617 1101 651 et
1117 609 1296 666 Spiritus
1318 618 1490 653 sanctus

112 689 227 717 unus
249 677 362 717 Deus
387 692 397 718 ε
426 674 508 717 hoo
531 675 692 733 optime
714 675 861 718 nostis.
884 678 981 720 Non
998 691 1097 734 ergo
1122 678 1303 736 Spiritus
1321 688 1493 723 sanetus

111 743 157 786 in
179 743 408 802 semetipso
437 744 554 802 apud
586 745 863 804 semetipsum
897 747 942 789 in
972 747 1041 791 illa
1077 749 1306 804 Trinitate,
1346 750 1390 793 in
1420 750 1493 794 illa

113 812 405 867 beatitudine,
431 815 476 857 in
499 814 572 858 issa
602 816 842 859 aeternitate
875 818 1125 861 substantiae
1156 820 1287 877 gemit
1315 839 1323 863 :
1349 820 1423 863 sed
1446 821 1492 864 in

112 883 236 928 nobis
258 884 423 943 gemit,
448 885 549 944 quia
574 900 743 943 gemere
766 901 844 930 nos
878 884 993 930 facit.
1025 890 1113 933 Nee
1137 904 1266 946 parva
1305 904 1370 932 res
1401 899 1490 944 est,

112 953 233 1013 quod
254 969 332 998 nos
354 953 483 998 docet
521 955 703 1013 Spiritus
727 965 898 999 sanetus
924 972 1094 1014 gemere
1120 977 1128 1002 ε
1161 959 1349 1002 insinuat
1380 960 1492 1004 enim

118 1024 241 1068 nobis
273 1024 374 1084 quia
396 1025 745 1083 peregrinamur,
775 1036 818 1069 et
840 1026 968 1070 docet
1000 1042 1076 1071 nos
1114 1021 1159 1070 in
1194 1029 1371 1086 patriam
1400 1045 1493 1074 sus-

112 1094 252 1152 pirare
271 1129 282 1149 ‚
308 1103 352 1138 et
384 1094 478 1153 ipso
506 1094 719 1139 desiderio
749 1096 974 1153 gemimus.
1001 1097 1083 1141 Cui
1114 1098 1225 1141 bene
1246 1108 1310 1142 est
1335 1100 1381 1142 in
1409 1101 1491 1144 hoc

112 1165 294 1219 saeculo,
318 1165 406 1209 imo
428 1165 504 1225 qui
519 1175 643 1224 putat
665 1167 784 1225 quod
807 1167 844 1209 ei
863 1168 974 1210 bene
997 1168 1073 1222 sit,
1090 1170 1166 1227 qui
1184 1168 1329 1212 laetitia
1349 1186 1493 1213 rerum

112 1235 372 1290 carnalium,
398 1245 441 1279 et
462 1236 731 1279 abundantia
755 1237 1072 1295 temporalium,
1094 1247 1136 1281 et
1161 1253 1269 1281 vana
1290 1238 1495 1284 felicitate

112 1306 303 1360 exultat,
325 1306 458 1349 habet
474 1322 623 1350 vocem
647 1307 763 1350 corvi
791 1326 799 1350 :
824 1322 907 1351 vox
931 1309 1045 1350 enim
1068 1309 1184 1351 corvi
1202 1309 1387 1353 clamosa
1412 1320 1490 1365 est,

111 1392 199 1420 non
224 1377 514 1434 gemebunda.
533 1377 615 1430 Qui
632 1386 775 1420 autem
790 1377 911 1421 novit
932 1378 975 1420 in
993 1392 1188 1436 pressura
1206 1394 1249 1422 se
1266 1395 1353 1423 esse
1374 1396 1494 1424 mor·-

111 1447 288 1491 talitatis
319 1448 474 1507 hujus,
520 1456 563 1490 et
601 1447 864 1506 peregrinari
905 1463 948 1491 se
974 1464 997 1491 a
1021 1449 1254 1504 Domino¹,
1295 1450 1493 1494 nondum

111 1526 258 1560 tenere
276 1516 395 1561 illam
418 1526 671 1576 perpetuam
690 1533 787 1576 quae
810 1518 935 1561 nobis
957 1519 1161 1576 promissa
1175 1529 1236 1563 est
1255 1520 1492 1565 beatitudi-

110 1603 209 1631 nem
226 1622 237 1642 ‚
263 1587 338 1632 sed
355 1588 515 1631 habere
535 1587 653 1631 illam
676 1588 721 1630 in
742 1603 839 1646 spe,
862 1588 1088 1631 habiturus
1107 1589 1152 1631 in
1176 1605 1245 1649 reg,
1273 1606 1372 1634 cum
1403 1595 1491 1636 Do·

109 1658 250 1701 minus
281 1646 513 1701 venerit‘in
547 1656 893 1700 manifestatione
916 1657 1169 1716 praeclarus,
1195 1660 1271 1718 qui
1293 1661 1411 1718 prius
1446 1662 1491 1704 in

109 1727 355 1771 humilitate
376 1727 497 1771 venit
513 1726 710 1770 occultus
730 1746 738 1771 ε
755 1728 830 1786 qui
844 1728 926 1770 hoc
945 1729 1084 1781 novit,
1108 1730 1252 1786 gemit.
1276 1733 1330 1774 Et
1347 1747 1490 1790 quan-

110 1797 184 1841 diu
207 1805 384 1857 propter
399 1798 481 1841 hoe
504 1797 655 1854 gemit,
682 1797 793 1840 bene
813 1797 943 1854 gemit
970 1817 978 1842 :
998 1799 1178 1857 Spiritus
1200 1799 1323 1843 illum
1343 1802 1492 1846 docuit

110 1883 302 1926 gemere,
319 1883 342 1911 a
360 1868 562 1912 columba
584 1866 735 1911 didicit
756 1882 939 1925 gemere.
963 1869 1092 1913 Multi
1114 1871 1229 1914 enim
1248 1882 1429 1930 gemunt
1446 1874 1491 1917 in

109 1938 561 1983 infelicitatessterrena
579 1972 590 1992 ‚
615 1938 682 1981 vel
704 1940 890 1997 quassati
918 1938 1085 1983 damnis
1103 1975 1113 1994 ‚
1143 1940 1212 1983 vel
1235 1942 1491 1999 aegritudine

108 2009 300 2068 corporis
328 2009 604 2068 praegravati,v
636 2008 704 2052 vel
742 2009 981 2052 carceribus
1013 2010 1195 2065 inclusi,
1227 2012 1297 2055 vel
1327 2013 1489 2057 catenis

109 2079 325 2137 colligati,
356 2078 425 2123 vel
448 2079 654 2122 fluctibus
681 2078 807 2121 maris
823 2079 994 2138 jactati,
1019 2080 1088 2123 vel
1114 2080 1326 2140 aliquibus
1346 2082 1491 2126 inimi-

109 2165 259 2194 corum
294 2148 458 2193 insidiis
499 2149 759 2207 circumsept
789 2150 1012 2206 gemunti:
1046 2151 1120 2193 sed
1150 2166 1237 2195 non
1272 2151 1489 2196 columbae

110 2221 273 2279 gemitu
297 2227 501 2277 gemunt,
526 2235 616 2263 non
642 2233 787 2262 amore
806 2219 881 2262 Dei
899 2228 1078 2276 gemunt
1094 2254 1104 2273 ,
1131 2236 1219 2264 non
1241 2222 1392 2280 spiritu
1416 2238 1491 2281 ge-

109 2301 251 2334 munt.
280 2289 384 2333 Ideo
406 2288 511 2332 tales
532 2305 632 2333 cum
655 2290 709 2333 ab
733 2289 832 2348 ipsis
863 2290 1083 2347 pressuris·
1099 2288 1260 2335 fuerint
1287 2292 1487 2348 liberati,

110 2360 307 2405 exultant
338 2360 383 2403 in
422 2359 659 2417 grandibus
691 2360 869 2403 vocibus
895 2378 903 2403 ;
929 2359 1006 2402 ubi
1035 2371 1213 2419 apparet
1240 2363 1341 2421 quia
1373 2365 1491 2408 corvi

109 2441 212 2476 sunt
227 2467 237 2486 ,
258 2447 347 2475 non
368 2431 601 2475 columbae.
619 2431 775 2475 Merito
797 2430 850 2474 de
873 2446 970 2474 area
991 2431 1143 2487 missus
1165 2443 1228 2477 est
1245 2449 1398 2478 corvus
1417 2470 1427 2485 ,
1448 2444 1491 2478 et

110 2518 199 2547 non
221 2511 285 2546 est
302 2516 495 2546 reversus
522 2519 530 2545 ε
555 2500 680 2545 missa
703 2509 767 2545 est
787 2500 1014 2556 columba,
1034 2510 1076 2545 et
1098 2517 1265 2548 reversa
1287 2513 1350 2548 est
1369 2523 1378 2549 :
1399 2504 1491 2550 illas

159 2591 166 2608 ¹
186 2595 206 2617 2
223 2588 296 2619 Cor.
313 2596 346 2626 v,
365 2585 397 2617 6.
