<?xml version="1.0" encoding="UTF-8"?>
<!DOCTYPE html PUBLIC "-//W3C//DTD XHTML 1.0 Transitional//EN"
    "http://www.w3.org/TR/xhtml1/DTD/xhtml1-transitional.dtd">
<html xmlns="http://www.w3.org/1999/xhtml" xml:lang="en" lang="en">
 <head>
  <title>
</title>
<meta http-equiv="Content-Type" content="text/html;charset=utf-8" />
  <meta name='ocr-system' content='tesseract 3.04.00' />
  <meta name='ocr-capabilities' content='ocr_page ocr_carea ocr_par ocr_line ocrx_word'/>
</head>
<body>
  <div class='ocr_page' id='page_1' title='image "./operaomniaaccura14auguuoft_0080.png"; bbox 0 0 1819 3301; ppageno 0'>
   <div class='ocr_carea' id='block_1_1' title="bbox 330 286 1280 325">
    <p class='ocr_par' dir='ltr' id='par_1_1' title="bbox 330 286 1280 325">
     <span class='ocr_line' id='line_1_1' title="bbox 330 286 1280 325; baseline -0.003 -1"><span class='ocrx_word' id='word_1_1' title='bbox 330 286 385 325; x_wconf 89' lang='lat'>70</span> <span class='ocrx_word' id='word_1_2' title='bbox 465 309 468 312; x_wconf 24' lang='grc' dir='ltr'><strong>Δ</strong></span> <span class='ocrx_word' id='word_1_3' title='bbox 764 294 798 324; x_wconf 88' lang='lat' dir='ltr'>s.</span> <span class='ocrx_word' id='word_1_4' title='bbox 834 295 1065 323; x_wconf 68' lang='lat' dir='ltr'>Auens‘rnvi</span> <span class='ocrx_word' id='word_1_5' title='bbox 1099 295 1280 323; x_wconf 70' lang='lat' dir='ltr'>zrlscom</span> 
     </span>
    </p>
   </div>
   <div class='ocr_carea' id='block_1_2' title="bbox 328 357 1715 491">
    <p class='ocr_par' dir='ltr' id='par_1_2' title="bbox 328 357 1715 491">
     <span class='ocr_line' id='line_1_2' title="bbox 328 357 1707 417; baseline -0.006 -13"><span class='ocrx_word' id='word_1_6' title='bbox 328 375 425 404; x_wconf 91' lang='lat' dir='ltr'>sum</span> <span class='ocrx_word' id='word_1_7' title='bbox 447 358 718 413; x_wconf 79' lang='lat' dir='ltr'>annexuerit,</span> <span class='ocrx_word' id='word_1_8' title='bbox 744 359 989 403; x_wconf 86' lang='lat' dir='ltr'>«Centurio</span> <span class='ocrx_word' id='word_1_9' title='bbox 1010 367 1156 401; x_wconf 79' lang='lat' dir='ltr'>autem</span> <span class='ocrx_word' id='word_1_10' title='bbox 1179 366 1222 401; x_wconf 87' lang='lat' dir='ltr'>et</span> <span class='ocrx_word' id='word_1_11' title='bbox 1237 357 1431 417; x_wconf 90' lang='lat' dir='ltr'>quicum</span> <span class='ocrx_word' id='word_1_12' title='bbox 1445 370 1497 400; x_wconf 94' lang='lat' dir='ltr'>eo</span> <span class='ocrx_word' id='word_1_13' title='bbox 1514 364 1637 400; x_wconf 86' lang='lat' dir='ltr'>erant</span> <span class='ocrx_word' id='word_1_14' title='bbox 1658 375 1667 401; x_wconf 74' lang='grc' dir='ltr'><strong>ι</strong></span> <span class='ocrx_word' id='word_1_15' title='bbox 1687 374 1707 397; x_wconf 87' lang='lat'>»</span> 
     </span>
     <span class='ocr_line' id='line_1_3' title="bbox 329 425 1715 491; baseline -0.004 -17"><span class='ocrx_word' id='word_1_16' title='bbox 329 439 596 491; x_wconf 85' lang='lat' dir='ltr'>quapropter</span> <span class='ocrx_word' id='word_1_17' title='bbox 617 429 923 473; x_wconf 83' lang='lat' dir='ltr'>tantummodo</span> <span class='ocrx_word' id='word_1_18' title='bbox 939 428 992 471; x_wconf 91' lang='lat' dir='ltr'>de</span> <span class='ocrx_word' id='word_1_19' title='bbox 1014 428 1127 473; x_wconf 77' lang='lat' dir='ltr'>notis</span> <span class='ocrx_word' id='word_1_20' title='bbox 1149 429 1240 487; x_wconf 88' lang='lat' dir='ltr'>ejus</span> <span class='ocrx_word' id='word_1_21' title='bbox 1258 428 1335 487; x_wconf 90' lang='lat' dir='ltr'>qui</span> <span class='ocrx_word' id='word_1_22' title='bbox 1349 427 1525 471; x_wconf 85' lang='lat' dir='ltr'>stabant</span> <span class='ocrx_word' id='word_1_23' title='bbox 1541 442 1565 469; x_wconf 90' lang='lat' dir='ltr'>a</span> <span class='ocrx_word' id='word_1_24' title='bbox 1585 425 1715 485; x_wconf 87' lang='lat' dir='ltr'>longe</span> 
     </span>
    </p>
   </div>
   <div class='ocr_carea' id='block_1_3' title="bbox 329 495 1778 544">
    <p class='ocr_par' dir='ltr' id='par_1_3' title="bbox 329 495 1778 544">
     <span class='ocr_line' id='line_1_4' title="bbox 329 495 1778 544; baseline -0.004 0"><span class='ocrx_word' id='word_1_25' title='bbox 329 499 445 544; x_wconf 90' lang='lat' dir='ltr'>solus</span> <span class='ocrx_word' id='word_1_26' title='bbox 467 500 685 542; x_wconf 86' lang='lat' dir='ltr'>invenitur</span> <span class='ocrx_word' id='word_1_27' title='bbox 706 498 874 541; x_wconf 73' lang='lat' dir='ltr'>dixisse.</span> <span class='ocrx_word' id='word_1_28' title='bbox 899 500 1008 542; x_wconf 79' lang='lat' dir='ltr'>Nam</span> <span class='ocrx_word' id='word_1_29' title='bbox 1024 507 1067 541; x_wconf 85' lang='lat' dir='ltr'>ct</span> <span class='ocrx_word' id='word_1_30' title='bbox 1084 500 1272 543; x_wconf 87' lang='lat' dir='ltr'>Joannes</span> <span class='ocrx_word' id='word_1_31' title='bbox 1294 497 1648 541; x_wconf 85' lang='lat' dir='ltr'>commemoravit</span> <span class='ocrx_word' id='word_1_32' title='bbox 1659 495 1714 539; x_wconf 89' lang='lat' dir='ltr'>de</span> <span class='ocrx_word' id='word_1_33' title='bbox 1770 520 1778 525; x_wconf 61' lang='grc'><strong><em>»</em></strong></span> 
     </span>
    </p>
   </div>
   <div class='ocr_carea' id='block_1_4' title="bbox 329 565 1725 2089">
    <p class='ocr_par' dir='ltr' id='par_1_4' title="bbox 329 565 1725 2089">
     <span class='ocr_line' id='line_1_5' title="bbox 330 565 1715 629; baseline -0.004 -16"><span class='ocrx_word' id='word_1_34' title='bbox 330 569 559 629; x_wconf 79' lang='lat' dir='ltr'>praesentia</span> <span class='ocrx_word' id='word_1_35' title='bbox 581 568 862 611; x_wconf 82' lang='lat' dir='ltr'>foeminarum</span> <span class='ocrx_word' id='word_1_36' title='bbox 877 576 1110 627; x_wconf 83' lang='lat' dir='ltr'>antequam</span> <span class='ocrx_word' id='word_1_37' title='bbox 1133 568 1343 612; x_wconf 88' lang='lat' dir='ltr'>Dominus</span> <span class='ocrx_word' id='word_1_38' title='bbox 1363 565 1571 610; x_wconf 87' lang='lat' dir='ltr'>emisisset</span> <span class='ocrx_word' id='word_1_39' title='bbox 1591 565 1715 624; x_wconf 90' lang='lat' dir='ltr'>spiri-</span> 
     </span>
     <span class='ocr_line' id='line_1_6' title="bbox 332 637 1717 696; baseline -0.004 -13"><span class='ocrx_word' id='word_1_40' title='bbox 332 649 425 683; x_wconf 88' lang='lat' dir='ltr'>tum</span> <span class='ocrx_word' id='word_1_41' title='bbox 441 674 452 694; x_wconf 87' lang='lat'>,</span> <span class='ocrx_word' id='word_1_42' title='bbox 474 640 531 682; x_wconf 85' lang='lat' dir='ltr'>ita</span> <span class='ocrx_word' id='word_1_43' title='bbox 556 653 749 681; x_wconf 83' lang='lat' dir='ltr'>narrans.</span> <span class='ocrx_word' id='word_1_44' title='bbox 777 656 796 678; x_wconf 93' lang='lat'>«</span> <span class='ocrx_word' id='word_1_45' title='bbox 817 637 997 682; x_wconf 83' lang='lat' dir='ltr'>Stabant</span> <span class='ocrx_word' id='word_1_46' title='bbox 1014 646 1158 681; x_wconf 84' lang='lat' dir='ltr'>autem</span> <span class='ocrx_word' id='word_1_47' title='bbox 1175 639 1297 696; x_wconf 83' lang='lat' dir='ltr'>juxta</span> <span class='ocrx_word' id='word_1_48' title='bbox 1313 650 1486 680; x_wconf 88' lang='lat' dir='ltr'>crucem</span> <span class='ocrx_word' id='word_1_49' title='bbox 1508 638 1611 679; x_wconf 90' lang='lat' dir='ltr'>Jesu</span> <span class='ocrx_word' id='word_1_50' title='bbox 1626 650 1717 679; x_wconf 87' lang='lat' dir='ltr'>ma-</span> 
     </span>
     <span class='ocr_line' id='line_1_7' title="bbox 332 705 1716 768; baseline -0.001 -18"><span class='ocrx_word' id='word_1_51' title='bbox 332 727 353 750; x_wconf 88' lang='lat'>»</span> <span class='ocrx_word' id='word_1_52' title='bbox 390 718 454 752; x_wconf 89' lang='lat' dir='ltr'>ter</span> <span class='ocrx_word' id='word_1_53' title='bbox 476 710 589 768; x_wconf 77' lang='lat' dir='ltr'>ejus,</span> <span class='ocrx_word' id='word_1_54' title='bbox 615 717 658 751; x_wconf 89' lang='lat' dir='ltr'>et</span> <span class='ocrx_word' id='word_1_55' title='bbox 681 723 800 751; x_wconf 87' lang='lat' dir='ltr'>soror</span> <span class='ocrx_word' id='word_1_56' title='bbox 817 708 964 751; x_wconf 81' lang='lat' dir='ltr'>matris</span> <span class='ocrx_word' id='word_1_57' title='bbox 987 709 1078 768; x_wconf 87' lang='lat' dir='ltr'>ejus</span> <span class='ocrx_word' id='word_1_58' title='bbox 1101 708 1237 751; x_wconf 87' lang='lat' dir='ltr'>Maria</span> <span class='ocrx_word' id='word_1_59' title='bbox 1258 707 1464 765; x_wconf 84' lang='lat' dir='ltr'>Cleophae</span> <span class='ocrx_word' id='word_1_60' title='bbox 1481 740 1492 760; x_wconf 89' lang='lat'>‚</span> <span class='ocrx_word' id='word_1_61' title='bbox 1515 714 1558 749; x_wconf 79' lang='lat' dir='ltr'>et</span> <span class='ocrx_word' id='word_1_62' title='bbox 1579 705 1716 749; x_wconf 87' lang='lat' dir='ltr'>Maria</span> 
     </span>
     <span class='ocr_line' id='line_1_8' title="bbox 329 775 1716 837; baseline -0.003 -16"><span class='ocrx_word' id='word_1_63' title='bbox 329 797 351 821; x_wconf 91' lang='lat'>»</span> <span class='ocrx_word' id='word_1_64' title='bbox 385 777 643 837; x_wconf 81' lang='lat' dir='ltr'>Magda‘lene</span> <span class='ocrx_word' id='word_1_65' title='bbox 668 797 677 822; x_wconf 76' lang='grc' dir='ltr'>ε</span> <span class='ocrx_word' id='word_1_66' title='bbox 701 792 801 821; x_wconf 89' lang='lat' dir='ltr'>cum</span> <span class='ocrx_word' id='word_1_67' title='bbox 819 777 993 821; x_wconf 86' lang='lat' dir='ltr'>vidisset</span> <span class='ocrx_word' id='word_1_68' title='bbox 1021 793 1123 835; x_wconf 86' lang='lat' dir='ltr'>ergo</span> <span class='ocrx_word' id='word_1_69' title='bbox 1148 779 1270 820; x_wconf 89' lang='lat' dir='ltr'>Jesus</span> <span class='ocrx_word' id='word_1_70' title='bbox 1291 779 1475 820; x_wconf 82' lang='lat' dir='ltr'>Matrem</span> <span class='ocrx_word' id='word_1_71' title='bbox 1510 784 1554 818; x_wconf 91' lang='lat' dir='ltr'>et</span> <span class='ocrx_word' id='word_1_72' title='bbox 1575 775 1716 819; x_wconf 83' lang='lat' dir='ltr'>Disci-</span> 
     </span>
     <span class='ocr_line' id='line_1_9' title="bbox 330 845 1715 908; baseline -0.003 -17"><span class='ocrx_word' id='word_1_73' title='bbox 330 866 351 890; x_wconf 62' lang='grc' dir='ltr'>π</span> <span class='ocrx_word' id='word_1_74' title='bbox 387 848 543 908; x_wconf 90' lang='lat' dir='ltr'>pulum</span> <span class='ocrx_word' id='word_1_75' title='bbox 567 856 754 891; x_wconf 84' lang='lat' dir='ltr'>stantem</span> <span class='ocrx_word' id='word_1_76' title='bbox 779 862 909 906; x_wconf 89' lang='lat' dir='ltr'>quem</span> <span class='ocrx_word' id='word_1_77' title='bbox 933 845 1157 904; x_wconf 81' lang='lat' dir='ltr'>diligebat,</span> <span class='ocrx_word' id='word_1_78' title='bbox 1181 846 1286 889; x_wconf 88' lang='lat' dir='ltr'>dicit</span> <span class='ocrx_word' id='word_1_79' title='bbox 1310 845 1436 888; x_wconf 85' lang='lat' dir='ltr'>matri</span> <span class='ocrx_word' id='word_1_80' title='bbox 1458 860 1547 888; x_wconf 83' lang='lat' dir='ltr'>suae</span> <span class='ocrx_word' id='word_1_81' title='bbox 1578 863 1587 889; x_wconf 89' lang='lat'>:</span> <span class='ocrx_word' id='word_1_82' title='bbox 1612 847 1715 889; x_wconf 91' lang='lat' dir='ltr'>Mu-</span> 
     </span>
     <span class='ocr_line' id='line_1_10' title="bbox 332 914 1718 974; baseline -0.001 -15"><span class='ocrx_word' id='word_1_83' title='bbox 332 937 354 960; x_wconf 83' lang='lat'>»</span> <span class='ocrx_word' id='word_1_84' title='bbox 389 918 484 973; x_wconf 81' lang='lat' dir='ltr'>lior,</span> <span class='ocrx_word' id='word_1_85' title='bbox 501 933 601 962; x_wconf 89' lang='lat' dir='ltr'>ecce</span> <span class='ocrx_word' id='word_1_86' title='bbox 614 916 729 961; x_wconf 88' lang='lat' dir='ltr'>filius</span> <span class='ocrx_word' id='word_1_87' title='bbox 744 926 846 960; x_wconf 88' lang='lat' dir='ltr'>tuus</span> <span class='ocrx_word' id='word_1_88' title='bbox 869 935 877 960; x_wconf 93' lang='lat'>:</span> <span class='ocrx_word' id='word_1_89' title='bbox 894 914 1052 959; x_wconf 85' lang='lat' dir='ltr'>deinde</span> <span class='ocrx_word' id='word_1_90' title='bbox 1067 915 1176 960; x_wconf 81' lang='lat' dir='ltr'>dicit·</span> <span class='ocrx_word' id='word_1_91' title='bbox 1188 914 1407 974; x_wconf 85' lang='lat' dir='ltr'>Discipulo</span> <span class='ocrx_word' id='word_1_92' title='bbox 1425 934 1433 958; x_wconf 87' lang='lat'>:</span> <span class='ocrx_word' id='word_1_93' title='bbox 1453 917 1566 958; x_wconf 90' lang='lat' dir='ltr'>Ecce</span> <span class='ocrx_word' id='word_1_94' title='bbox 1580 922 1718 958; x_wconf 85' lang='lat' dir='ltr'>mater</span> 
     </span>
     <span class='ocr_line' id='line_1_11' title="bbox 331 983 1713 1044; baseline -0.004 -15"><span class='ocrx_word' id='word_1_95' title='bbox 331 1007 352 1030; x_wconf 77' lang='lat'>&gt;›</span> <span class='ocrx_word' id='word_1_96' title='bbox 389 997 480 1032; x_wconf 89' lang='lat' dir='ltr'>tua.</span> <span class='ocrx_word' id='word_1_97' title='bbox 506 990 564 1031; x_wconf 89' lang='lat' dir='ltr'>Et</span> <span class='ocrx_word' id='word_1_98' title='bbox 585 1002 635 1030; x_wconf 83' lang='lat' dir='ltr'>ex</span> <span class='ocrx_word' id='word_1_99' title='bbox 658 986 731 1030; x_wconf 88' lang='lat' dir='ltr'>illa</span> <span class='ocrx_word' id='word_1_100' title='bbox 752 987 859 1030; x_wconf 82' lang='lat' dir='ltr'>hora</span> <span class='ocrx_word' id='word_1_101' title='bbox 881 986 1046 1044; x_wconf 85' lang='lat' dir='ltr'>accepit</span> <span class='ocrx_word' id='word_1_102' title='bbox 1081 1001 1176 1029; x_wconf 85' lang='lat' dir='ltr'>eam</span> <span class='ocrx_word' id='word_1_103' title='bbox 1198 983 1443 1043; x_wconf 88' lang='lat' dir='ltr'>Discipulus</span> <span class='ocrx_word' id='word_1_104' title='bbox 1466 984 1513 1027; x_wconf 90' lang='lat' dir='ltr'>in</span> <span class='ocrx_word' id='word_1_105' title='bbox 1539 999 1615 1027; x_wconf 88' lang='lat' dir='ltr'>sua</span> <span class='ocrx_word' id='word_1_106' title='bbox 1634 985 1664 1026; x_wconf 89' lang='lat'>¹.</span> <span class='ocrx_word' id='word_1_107' title='bbox 1693 1001 1713 1024; x_wconf 91' lang='lat'>»</span> 
     </span>
     <span class='ocr_line' id='line_1_12' title="bbox 332 1055 1718 1114; baseline -0.003 -14"><span class='ocrx_word' id='word_1_108' title='bbox 332 1062 423 1110; x_wconf 87' lang='lat' dir='ltr'>Qua</span> <span class='ocrx_word' id='word_1_109' title='bbox 444 1057 488 1100; x_wconf 91' lang='lat' dir='ltr'>in</span> <span class='ocrx_word' id='word_1_110' title='bbox 519 1072 566 1099; x_wconf 90' lang='lat' dir='ltr'>re</span> <span class='ocrx_word' id='word_1_111' title='bbox 601 1057 683 1099; x_wconf 91' lang='lat' dir='ltr'>nisi</span> <span class='ocrx_word' id='word_1_112' title='bbox 720 1056 984 1114; x_wconf 86' lang='lat' dir='ltr'>apertissime</span> <span class='ocrx_word' id='word_1_113' title='bbox 1005 1056 1239 1099; x_wconf 83' lang='lat' dir='ltr'>Matthaeus</span> <span class='ocrx_word' id='word_1_114' title='bbox 1272 1069 1449 1114; x_wconf 91' lang='lat' dir='ltr'>quoque</span> <span class='ocrx_word' id='word_1_115' title='bbox 1482 1062 1526 1097; x_wconf 91' lang='lat' dir='ltr'>et</span> <span class='ocrx_word' id='word_1_116' title='bbox 1545 1055 1718 1097; x_wconf 83' lang='lat' dir='ltr'>Marcus</span> 
     </span>
     <span class='ocr_line' id='line_1_13' title="bbox 331 1121 1719 1184; baseline -0.004 -13"><span class='ocrx_word' id='word_1_117' title='bbox 331 1127 514 1172; x_wconf 85' lang='lat' dir='ltr'>Mariam</span> <span class='ocrx_word' id='word_1_118' title='bbox 536 1125 839 1184; x_wconf 86' lang='lat' dir='ltr'>Magdalenam</span> <span class='ocrx_word' id='word_1_119' title='bbox 859 1125 1169 1178; x_wconf 85' lang='lat' dir='ltr'>nominassent,</span> <span class='ocrx_word' id='word_1_120' title='bbox 1194 1139 1415 1183; x_wconf 88' lang='lat' dir='ltr'>possemus</span> <span class='ocrx_word' id='word_1_121' title='bbox 1430 1122 1573 1167; x_wconf 87' lang='lat' dir='ltr'>dicere</span> <span class='ocrx_word' id='word_1_122' title='bbox 1586 1157 1597 1177; x_wconf 84' lang='grc'>,</span> <span class='ocrx_word' id='word_1_123' title='bbox 1616 1121 1719 1166; x_wconf 82' lang='lat' dir='ltr'>alias</span> 
     </span>
     <span class='ocr_line' id='line_1_14' title="bbox 333 1193 1718 1255; baseline -0.004 -14"><span class='ocrx_word' id='word_1_124' title='bbox 333 1214 358 1241; x_wconf 89' lang='lat' dir='ltr'>a</span> <span class='ocrx_word' id='word_1_125' title='bbox 379 1197 509 1255; x_wconf 86' lang='lat' dir='ltr'>longe</span> <span class='ocrx_word' id='word_1_126' title='bbox 529 1230 540 1250; x_wconf 82' lang='lat'>‚</span> <span class='ocrx_word' id='word_1_127' title='bbox 566 1195 669 1238; x_wconf 80' lang='lat' dir='ltr'>alias</span> <span class='ocrx_word' id='word_1_128' title='bbox 693 1196 816 1255; x_wconf 86' lang='lat' dir='ltr'>juxta</span> <span class='ocrx_word' id='word_1_129' title='bbox 845 1209 1020 1239; x_wconf 89' lang='lat' dir='ltr'>crucem</span> <span class='ocrx_word' id='word_1_130' title='bbox 1048 1193 1200 1251; x_wconf 80' lang='lat' dir='ltr'>fuisse3</span> <span class='ocrx_word' id='word_1_131' title='bbox 1240 1193 1388 1237; x_wconf 87' lang='lat' dir='ltr'>nullus</span> <span class='ocrx_word' id='word_1_132' title='bbox 1416 1193 1533 1236; x_wconf 88' lang='lat' dir='ltr'>enim</span> <span class='ocrx_word' id='word_1_133' title='bbox 1567 1207 1718 1236; x_wconf 89' lang='lat' dir='ltr'>eorum</span> 
     </span>
     <span class='ocr_line' id='line_1_15' title="bbox 332 1264 1720 1326; baseline -0.003 -16"><span class='ocrx_word' id='word_1_134' title='bbox 332 1275 491 1326; x_wconf 82' lang='lat' dir='ltr'>praeter</span> <span class='ocrx_word' id='word_1_135' title='bbox 513 1268 727 1309; x_wconf 85' lang='lat' dir='ltr'>Joannem</span> <span class='ocrx_word' id='word_1_136' title='bbox 764 1274 946 1308; x_wconf 85' lang='lat' dir='ltr'>matrem</span> <span class='ocrx_word' id='word_1_137' title='bbox 982 1265 1155 1308; x_wconf 90' lang='lat' dir='ltr'>Domini</span> <span class='ocrx_word' id='word_1_138' title='bbox 1188 1264 1542 1308; x_wconf 84' lang='lat' dir='ltr'>commemoravit</span> <span class='ocrx_word' id='word_1_139' title='bbox 1568 1281 1577 1307; x_wconf 75' lang='grc' dir='ltr'>ε</span> <span class='ocrx_word' id='word_1_140' title='bbox 1601 1277 1720 1306; x_wconf 89' lang='lat' dir='ltr'>nunc</span> 
     </span>
     <span class='ocr_line' id='line_1_16' title="bbox 332 1332 1719 1395; baseline -0.003 -16"><span class='ocrx_word' id='word_1_141' title='bbox 332 1350 435 1393; x_wconf 81' lang='lat' dir='ltr'>ergo</span> <span class='ocrx_word' id='word_1_142' title='bbox 457 1333 679 1395; x_wconf 90' lang='lat' dir='ltr'>quomodo</span> <span class='ocrx_word' id='word_1_143' title='bbox 700 1333 957 1392; x_wconf 84' lang='lat' dir='ltr'>intelligitur</span> <span class='ocrx_word' id='word_1_144' title='bbox 980 1333 1130 1377; x_wconf 84' lang='lat' dir='ltr'>eadem</span> <span class='ocrx_word' id='word_1_145' title='bbox 1155 1333 1291 1378; x_wconf 84' lang='lat' dir='ltr'>Maria</span> <span class='ocrx_word' id='word_1_146' title='bbox 1312 1332 1572 1391; x_wconf 81' lang='lat' dir='ltr'>Magdalene</span> <span class='ocrx_word' id='word_1_147' title='bbox 1589 1367 1600 1387; x_wconf 87' lang='lat'>‚</span> <span class='ocrx_word' id='word_1_148' title='bbox 1631 1341 1674 1376; x_wconf 89' lang='lat' dir='ltr'>et</span> <span class='ocrx_word' id='word_1_149' title='bbox 1696 1347 1719 1375; x_wconf 94' lang='lat' dir='ltr'>a</span> 
     </span>
     <span class='ocr_line' id='line_1_17' title="bbox 333 1403 1722 1463; baseline -0.002 -16"><span class='ocrx_word' id='word_1_150' title='bbox 333 1404 464 1463; x_wconf 84' lang='lat' dir='ltr'>longe</span> <span class='ocrx_word' id='word_1_151' title='bbox 480 1405 644 1448; x_wconf 87' lang='lat' dir='ltr'>stetisse</span> <span class='ocrx_word' id='word_1_152' title='bbox 666 1418 765 1447; x_wconf 88' lang='lat' dir='ltr'>cum</span> <span class='ocrx_word' id='word_1_153' title='bbox 780 1403 870 1447; x_wconf 83' lang='lat' dir='ltr'>aliis</span> <span class='ocrx_word' id='word_1_154' title='bbox 888 1403 1157 1457; x_wconf 84' lang='lat' dir='ltr'>mulieribus,</span> <span class='ocrx_word' id='word_1_155' title='bbox 1172 1404 1283 1447; x_wconf 87' lang='lat' dir='ltr'>sicut</span> <span class='ocrx_word' id='word_1_156' title='bbox 1299 1403 1532 1446; x_wconf 81' lang='lat' dir='ltr'>Matthaeus</span> <span class='ocrx_word' id='word_1_157' title='bbox 1549 1410 1592 1445; x_wconf 85' lang='lat' dir='ltr'>et</span> <span class='ocrx_word' id='word_1_158' title='bbox 1608 1404 1722 1446; x_wconf 87' lang='lat' dir='ltr'>Mar-</span> 
     </span>
     <span class='ocr_line' id='line_1_18' title="bbox 336 1470 1720 1533; baseline -0.003 -15"><span class='ocrx_word' id='word_1_159' title='bbox 336 1489 412 1518; x_wconf 87' lang='lat' dir='ltr'>cus</span> <span class='ocrx_word' id='word_1_160' title='bbox 435 1473 589 1518; x_wconf 84' lang='lat' dir='ltr'>dicunt</span> <span class='ocrx_word' id='word_1_161' title='bbox 606 1510 617 1530; x_wconf 84' lang='lat'><strong>‚</strong></span> <span class='ocrx_word' id='word_1_162' title='bbox 650 1483 692 1518; x_wconf 85' lang='lat' dir='ltr'>et</span> <span class='ocrx_word' id='word_1_163' title='bbox 708 1475 829 1533; x_wconf 81' lang='lat' dir='ltr'>juxta</span> <span class='ocrx_word' id='word_1_164' title='bbox 863 1489 1037 1517; x_wconf 88' lang='lat' dir='ltr'>crucem</span> <span class='ocrx_word' id='word_1_165' title='bbox 1058 1472 1187 1517; x_wconf 87' lang='lat' dir='ltr'>fuisse</span> <span class='ocrx_word' id='word_1_166' title='bbox 1206 1507 1218 1528; x_wconf 85' lang='grc'>,</span> <span class='ocrx_word' id='word_1_167' title='bbox 1244 1472 1354 1516; x_wconf 87' lang='lat' dir='ltr'>sicut</span> <span class='ocrx_word' id='word_1_168' title='bbox 1377 1474 1566 1515; x_wconf 85' lang='lat' dir='ltr'>Joannes</span> <span class='ocrx_word' id='word_1_169' title='bbox 1587 1470 1720 1528; x_wconf 82' lang='lat' dir='ltr'>dicit3</span> 
     </span>
     <span class='ocr_line' id='line_1_19' title="bbox 335 1541 1719 1604; baseline -0.004 -16"><span class='ocrx_word' id='word_1_170' title='bbox 335 1545 415 1588; x_wconf 90' lang='lat' dir='ltr'>nisi</span> <span class='ocrx_word' id='word_1_171' title='bbox 438 1545 538 1604; x_wconf 81' lang='lat' dir='ltr'>quia</span> <span class='ocrx_word' id='word_1_172' title='bbox 556 1544 602 1588; x_wconf 91' lang='lat' dir='ltr'>in</span> <span class='ocrx_word' id='word_1_173' title='bbox 622 1553 744 1588; x_wconf 81' lang='lat' dir='ltr'>tanto</span> <span class='ocrx_word' id='word_1_174' title='bbox 762 1542 987 1587; x_wconf 82' lang='lat' dir='ltr'>intervallo</span> <span class='ocrx_word' id='word_1_175' title='bbox 1006 1552 1128 1587; x_wconf 84' lang='lat' dir='ltr'>erant</span> <span class='ocrx_word' id='word_1_176' title='bbox 1144 1578 1154 1598; x_wconf 80' lang='lat'><strong>‚</strong></span> <span class='ocrx_word' id='word_1_177' title='bbox 1173 1551 1223 1586; x_wconf 93' lang='lat' dir='ltr'>ut</span> <span class='ocrx_word' id='word_1_178' title='bbox 1236 1543 1411 1602; x_wconf 87' lang='lat' dir='ltr'>etjuxta</span> <span class='ocrx_word' id='word_1_179' title='bbox 1430 1541 1515 1585; x_wconf 90' lang='lat' dir='ltr'>dici</span> <span class='ocrx_word' id='word_1_180' title='bbox 1529 1549 1719 1601; x_wconf 85' lang='lat' dir='ltr'>possent,</span> 
     </span>
     <span class='ocr_line' id='line_1_20' title="bbox 336 1610 1722 1673; baseline -0.002 -17"><span class='ocrx_word' id='word_1_181' title='bbox 336 1614 439 1673; x_wconf 85' lang='lat' dir='ltr'>quia</span> <span class='ocrx_word' id='word_1_182' title='bbox 460 1613 505 1656; x_wconf 90' lang='lat' dir='ltr'>in</span> <span class='ocrx_word' id='word_1_183' title='bbox 529 1621 767 1672; x_wconf 87' lang='lat' dir='ltr'>conspectu</span> <span class='ocrx_word' id='word_1_184' title='bbox 788 1614 879 1672; x_wconf 86' lang='lat' dir='ltr'>ejus</span> <span class='ocrx_word' id='word_1_185' title='bbox 895 1621 1053 1671; x_wconf 81' lang='lat' dir='ltr'>praesto</span> <span class='ocrx_word' id='word_1_186' title='bbox 1070 1611 1266 1666; x_wconf 81' lang='lat' dir='ltr'>aderant,</span> <span class='ocrx_word' id='word_1_187' title='bbox 1292 1620 1336 1654; x_wconf 91' lang='lat' dir='ltr'>ct</span> <span class='ocrx_word' id='word_1_188' title='bbox 1351 1626 1374 1654; x_wconf 86' lang='lat' dir='ltr'>a</span> <span class='ocrx_word' id='word_1_189' title='bbox 1390 1610 1521 1669; x_wconf 84' lang='lat' dir='ltr'>longe</span> <span class='ocrx_word' id='word_1_190' title='bbox 1537 1610 1583 1654; x_wconf 90' lang='lat' dir='ltr'>in</span> <span class='ocrx_word' id='word_1_191' title='bbox 1601 1625 1722 1654; x_wconf 89' lang='lat' dir='ltr'>com-</span> 
     </span>
     <span class='ocr_line' id='line_1_21' title="bbox 336 1683 1722 1742; baseline -0.002 -15"><span class='ocrx_word' id='word_1_192' title='bbox 336 1684 562 1742; x_wconf 82' lang='lat' dir='ltr'>paratione</span> <span class='ocrx_word' id='word_1_193' title='bbox 589 1683 731 1727; x_wconf 81' lang='lat' dir='ltr'>turbae</span> <span class='ocrx_word' id='word_1_194' title='bbox 756 1684 1042 1742; x_wconf 87' lang='lat' dir='ltr'>propinquius</span> <span class='ocrx_word' id='word_1_195' title='bbox 1077 1683 1395 1727; x_wconf 87' lang='lat' dir='ltr'>circumstantis</span> <span class='ocrx_word' id='word_1_196' title='bbox 1428 1697 1530 1726; x_wconf 87' lang='lat' dir='ltr'>cum</span> <span class='ocrx_word' id='word_1_197' title='bbox 1553 1683 1722 1726; x_wconf 89' lang='lat' dir='ltr'>Centu-</span> 
     </span>
     <span class='ocr_line' id='line_1_22' title="bbox 336 1750 1724 1810; baseline -0.003 -13"><span class='ocrx_word' id='word_1_198' title='bbox 336 1753 458 1797; x_wconf 90' lang='lat' dir='ltr'>rione</span> <span class='ocrx_word' id='word_1_199' title='bbox 480 1762 522 1796; x_wconf 89' lang='lat' dir='ltr'>et</span> <span class='ocrx_word' id='word_1_200' title='bbox 535 1752 761 1796; x_wconf 88' lang='lat' dir='ltr'>militibus.</span> <span class='ocrx_word' id='word_1_201' title='bbox 785 1756 1012 1797; x_wconf 85' lang='lat' dir='ltr'>Possemus</span> <span class='ocrx_word' id='word_1_202' title='bbox 1033 1753 1164 1796; x_wconf 87' lang='lat' dir='ltr'>etiam</span> <span class='ocrx_word' id='word_1_203' title='bbox 1186 1751 1427 1809; x_wconf 84' lang='lat' dir='ltr'>intelligere</span> <span class='ocrx_word' id='word_1_204' title='bbox 1447 1786 1458 1806; x_wconf 85' lang='lat'>‚</span> <span class='ocrx_word' id='word_1_205' title='bbox 1492 1750 1613 1810; x_wconf 91' lang='lat' dir='ltr'>quod</span> <span class='ocrx_word' id='word_1_206' title='bbox 1637 1750 1724 1794; x_wconf 84' lang='lat' dir='ltr'>illae</span> 
     </span>
     <span class='ocr_line' id='line_1_23' title="bbox 337 1821 1724 1882; baseline -0.001 -17"><span class='ocrx_word' id='word_1_207' title='bbox 337 1839 437 1882; x_wconf 82' lang='lat' dir='ltr'>quae</span> <span class='ocrx_word' id='word_1_208' title='bbox 479 1823 604 1866; x_wconf 89' lang='lat' dir='ltr'>simul</span> <span class='ocrx_word' id='word_1_209' title='bbox 629 1822 808 1866; x_wconf 83' lang='lat' dir='ltr'>aderant</span> <span class='ocrx_word' id='word_1_210' title='bbox 825 1837 923 1866; x_wconf 89' lang='lat' dir='ltr'>cum</span> <span class='ocrx_word' id='word_1_211' title='bbox 959 1831 1096 1866; x_wconf 83' lang='lat' dir='ltr'>matre</span> <span class='ocrx_word' id='word_1_212' title='bbox 1137 1821 1335 1875; x_wconf 85' lang='lat' dir='ltr'>Domini,</span> <span class='ocrx_word' id='word_1_213' title='bbox 1369 1830 1602 1879; x_wconf 86' lang='lat' dir='ltr'>postquam</span> <span class='ocrx_word' id='word_1_214' title='bbox 1630 1835 1724 1863; x_wconf 89' lang='lat' dir='ltr'>eam</span> 
     </span>
     <span class='ocr_line' id='line_1_24' title="bbox 337 1887 1721 1950; baseline -0.003 -15"><span class='ocrx_word' id='word_1_215' title='bbox 337 1891 559 1950; x_wconf 86' lang='lat' dir='ltr'>Discipulo</span> <span class='ocrx_word' id='word_1_216' title='bbox 581 1890 923 1945; x_wconf 83' lang='lat' dir='ltr'>commendavit,</span> <span class='ocrx_word' id='word_1_217' title='bbox 945 1891 1063 1934; x_wconf 87' lang='lat' dir='ltr'>abire</span> <span class='ocrx_word' id='word_1_218' title='bbox 1082 1892 1171 1950; x_wconf 85' lang='lat' dir='ltr'>jam</span> <span class='ocrx_word' id='word_1_219' title='bbox 1185 1898 1408 1947; x_wconf 79' lang='lat' dir='ltr'>coeperant</span> <span class='ocrx_word' id='word_1_220' title='bbox 1423 1923 1433 1943; x_wconf 82' lang='lat'><strong>‚</strong></span> <span class='ocrx_word' id='word_1_221' title='bbox 1456 1897 1505 1932; x_wconf 89' lang='lat' dir='ltr'>ut</span> <span class='ocrx_word' id='word_1_222' title='bbox 1527 1904 1551 1932; x_wconf 89' lang='lat' dir='ltr'>a</span> <span class='ocrx_word' id='word_1_223' title='bbox 1574 1887 1721 1932; x_wconf 85' lang='lat' dir='ltr'>densi-</span> 
     </span>
     <span class='ocr_line' id='line_1_25' title="bbox 338 1957 1725 2019; baseline -0.002 -15"><span class='ocrx_word' id='word_1_224' title='bbox 338 1970 427 2005; x_wconf 84' lang='lat' dir='ltr'>tate</span> <span class='ocrx_word' id='word_1_225' title='bbox 451 1963 590 2004; x_wconf 78' lang='lat' dir='ltr'>turbae</span> <span class='ocrx_word' id='word_1_226' title='bbox 607 1976 650 2004; x_wconf 86' lang='lat' dir='ltr'>se</span> <span class='ocrx_word' id='word_1_227' title='bbox 674 1970 901 2014; x_wconf 83' lang='lat' dir='ltr'>exuerent,</span> <span class='ocrx_word' id='word_1_228' title='bbox 922 1969 965 2004; x_wconf 92' lang='lat' dir='ltr'>et</span> <span class='ocrx_word' id='word_1_229' title='bbox 979 1970 1133 2004; x_wconf 84' lang='lat' dir='ltr'>caetera</span> <span class='ocrx_word' id='word_1_230' title='bbox 1153 1975 1252 2019; x_wconf 83' lang='lat' dir='ltr'>quae</span> <span class='ocrx_word' id='word_1_231' title='bbox 1279 1958 1394 2002; x_wconf 84' lang='lat' dir='ltr'>facta</span> <span class='ocrx_word' id='word_1_232' title='bbox 1428 1967 1529 2002; x_wconf 88' lang='lat' dir='ltr'>sunt</span> <span class='ocrx_word' id='word_1_233' title='bbox 1550 1957 1725 2017; x_wconf 85' lang='lat' dir='ltr'>longius</span> 
     </span>
     <span class='ocr_line' id='line_1_26' title="bbox 339 2029 1723 2089; baseline -0.001 -15"><span class='ocrx_word' id='word_1_234' title='bbox 339 2031 635 2088; x_wconf 77' lang='lat' dir='ltr'>intuerentur3</span> <span class='ocrx_word' id='word_1_235' title='bbox 679 2040 729 2074; x_wconf 93' lang='lat' dir='ltr'>ut</span> <span class='ocrx_word' id='word_1_236' title='bbox 757 2030 902 2074; x_wconf 76' lang='lat' dir='ltr'>caeteri</span> <span class='ocrx_word' id='word_1_237' title='bbox 940 2030 1229 2089; x_wconf 81' lang='lat' dir='ltr'>Evangelistae</span> <span class='ocrx_word' id='word_1_238' title='bbox 1269 2029 1345 2088; x_wconf 89' lang='lat' dir='ltr'>qui</span> <span class='ocrx_word' id='word_1_239' title='bbox 1394 2038 1491 2088; x_wconf 85' lang='lat' dir='ltr'>post</span> <span class='ocrx_word' id='word_1_240' title='bbox 1535 2038 1723 2073; x_wconf 87' lang='lat' dir='ltr'>mortem</span> 
     </span>
    </p>
   </div>
   <div class='ocr_carea' id='block_1_5' title="bbox 338 2099 1723 2214">
    <p class='ocr_par' dir='ltr' id='par_1_5' title="bbox 338 2099 1723 2214">
     <span class='ocr_line' id='line_1_27' title="bbox 338 2099 1723 2159; baseline -0.002 -14"><span class='ocrx_word' id='word_1_241' title='bbox 338 2099 511 2145; x_wconf 89' lang='lat' dir='ltr'>Domini</span> <span class='ocrx_word' id='word_1_242' title='bbox 533 2115 601 2144; x_wconf 87' lang='lat' dir='ltr'>eas</span> <span class='ocrx_word' id='word_1_243' title='bbox 617 2109 1082 2155; x_wconf 82' lang='lat' dir='ltr'>commemoraverunt,</span> <span class='ocrx_word' id='word_1_244' title='bbox 1096 2101 1188 2159; x_wconf 82' lang='lat' dir='ltr'>jam</span> <span class='ocrx_word' id='word_1_245' title='bbox 1210 2099 1340 2158; x_wconf 83' lang='lat' dir='ltr'>longe</span> <span class='ocrx_word' id='word_1_246' title='bbox 1353 2107 1514 2143; x_wconf 86' lang='lat' dir='ltr'>stantes</span> <span class='ocrx_word' id='word_1_247' title='bbox 1527 2113 1723 2143; x_wconf 87' lang='lat' dir='ltr'>comme—</span> 
     </span>
     <span class='ocr_line' id='line_1_28' title="bbox 340 2178 574 2214; baseline -0.004 -1"><span class='ocrx_word' id='word_1_248' title='bbox 340 2178 574 2214; x_wconf 83' lang='lat' dir='ltr'>morarent.</span> 
     </span>
    </p>
   </div>
   <div class='ocr_carea' id='block_1_6' title="bbox 389 2263 740 2306">
    <p class='ocr_par' dir='ltr' id='par_1_6' title="bbox 389 2263 740 2306">
     <span class='ocr_line' id='line_1_29' title="bbox 389 2263 740 2306; baseline -0.006 -9"><span class='ocrx_word' id='word_1_249' title='bbox 389 2271 398 2287; x_wconf 92' lang='lat'>¹</span> <span class='ocrx_word' id='word_1_250' title='bbox 422 2267 513 2297; x_wconf 83' lang='lat' dir='ltr'>Joan.</span> <span class='ocrx_word' id='word_1_251' title='bbox 536 2275 603 2306; x_wconf 77' lang='lat' dir='ltr'>xlx,</span> <span class='ocrx_word' id='word_1_252' title='bbox 621 2263 740 2305; x_wconf 75' lang='lat'><strong>25-27.</strong></span> 
     </span>
    </p>
   </div>
   <div class='ocr_carea' id='block_1_7' title="bbox 1780 0 1819 2867">
    <p class='ocr_par' dir='ltr' id='par_1_7' title="bbox 1780 0 1819 2867">
     <span class='ocr_line' id='line_1_30' title="bbox 1780 0 1819 2867; baseline 0 0"><span class='ocrx_word' id='word_1_253' title='bbox 1780 0 1819 2867; x_wconf 95' lang='lat' dir='ltr'> </span> 
     </span>
    </p>
   </div>
  </div>
 </body>
</html>
