1819 3301
342 250 627 287 QUAES'HONUM
659 250 956 279 SEPTEMDECIM
978 270 988 289 ,
1025 253 1148 279 mmm
1183 252 1306 281 unus.
1431 244 1514 282 373

135 314 199 358 nit
216 313 432 375 quidquid
451 314 636 359 audierit
656 324 731 360 aut
751 314 904 374 legerit
933 315 1166 360 abhorrere
1183 332 1205 360 a
1230 317 1379 376 regula
1400 319 1515 363 veri-

135 384 233 429 tatis
255 405 264 430 :
285 385 360 429 sed
382 384 521 429 donec
537 386 582 429 in
597 386 757 430 eisdem
779 386 1042 445 spiritalibus
1058 388 1322 446 perficiatur,
1344 398 1387 432 et
1403 405 1515 449 quo-

134 455 235 499 dam
260 454 390 499 modo
411 464 672 499 maturescat
688 455 732 498 in
757 455 951 500 fructum
971 472 1101 517 quem
1125 457 1259 501 herba
1281 457 1417 513 dedit,
1435 474 1518 518 po-

134 534 218 571 test
235 542 336 570 eum
359 542 549 584 movere,
583 541 715 586 quare
737 527 818 570 sub
849 528 1025 571 nomine
1047 529 1280 572 christiano
1299 537 1386 572 tam
1409 529 1518 573 mul-

134 605 190 641 1ae
227 597 532 640 haereticorum
560 596 783 640 extiterint
806 595 1024 642 falsitates.
1050 599 1158 642 Inde
1180 607 1243 642 est
1267 598 1386 659 quod
1409 600 1519 643 servi

134 666 317 711 dicunt:
347 669 539 712 «Nonne
566 667 730 710 bonum
763 682 910 710 semen
944 668 1161 712 seminasti
1193 668 1238 711 in
1270 683 1372 726 agro
1413 671 1519 713 tuo?

137 754 158 777 »
184 735 302 780 unde
315 752 416 794 ergo
430 737 562 781 habet
575 737 735 781 zizania
748 739 759 762 ¹
773 739 791 779 ⁶?
806 755 826 778 »
852 737 1016 781 Deinde
1029 753 1128 782 eum
1143 740 1394 797 cognoverit
1405 739 1519 783 hanc

135 806 398 864 excogitasse
422 805 618 851 fraudem
638 805 879 860 diabolum,
909 822 1009 851 cum
1032 817 1181 852 contra
1204 808 1312 852 tanti
1333 809 1522 853 nominis

139 877 443 921 auctoritatem
466 876 575 920 nihil
595 892 638 920 se
655 876 797 921 valere
819 877 1023 932 sentiret,
1049 886 1099 921 ut
1122 876 1310 922 fallacias
1334 893 1430 922 suas
1452 894 1519 923 eo-

135 947 236 991 dem
272 949 446 992 nomine
479 949 725 1006 obtegeret3
750 956 891 1007 potest
924 947 964 991 ei
999 949 1187 993 suboriri
1218 948 1445 1003 voluntas,
1470 958 1519 994 ut

134 1018 240 1062 tales
261 1020 458 1063 homines
481 1019 535 1063 de
559 1020 688 1063 rebus
712 1019 913 1063 humanis
931 1018 1125 1073 auferat,
1150 1020 1182 1064 si
1206 1019 1395 1080 aliquam
1413 1029 1518 1064 tem-

132 1091 248 1148 poris
264 1090 424 1134 habeat
447 1089 721 1147 facultatem3
748 1089 823 1133 sed
848 1099 994 1134 utrum
1018 1089 1158 1134 facere
1180 1090 1366 1145 debeat,
1395 1091 1519 1151 justi-

133 1160 237 1203 tiam
260 1161 337 1203 Dei
356 1160 542 1204 consulit
561 1170 707 1204 utrum
721 1161 804 1204 hoc
823 1161 861 1203 ei
878 1161 1116 1218 praecipiat,
1133 1159 1202 1204 vel
1223 1161 1460 1219 permittat,
1477 1170 1520 1205 et

132 1231 215 1274 hoe
236 1230 431 1274 officium
454 1246 542 1274 esse
566 1231 794 1274 hominum
823 1229 956 1274 veilt:
981 1231 1083 1274 hinc
1101 1240 1164 1274 est
1186 1230 1306 1290 quod
1329 1231 1439 1274 servi
1457 1230 1520 1274 di-

133 1311 263 1346 cunt:
285 1320 305 1343 «
324 1303 410 1356 Vis,
435 1303 546 1345 imus
569 1311 611 1345 et
625 1301 868 1360 colligimus
887 1303 961 1345 ea²
977 1304 994 1345 P
1010 1320 1029 1342 »
1055 1302 1225 1355 Quibus
1239 1303 1340 1362 quia
1353 1303 1520 1346 Veritas

132 1373 222 1431 ipsa
245 1372 478 1431 respondet.
498 1408 509 1427 ‚
531 1389 619 1416 non
637 1374 695 1417 ita
718 1374 944 1417 hominem
967 1374 1251 1417 constitutum
1272 1389 1360 1417 esse
1378 1374 1422 1416 in
1440 1374 1521 1418 hac

133 1444 219 1487 vita
240 1478 251 1498 ⁷
277 1453 326 1487 ut
347 1454 488 1487 certus
511 1459 599 1487 esse
623 1444 756 1502 possit
778 1443 917 1504 qualis
938 1444 1123 1503 quisque
1146 1443 1320 1488 futurus
1352 1445 1405 1488 sit
1425 1459 1519 1503 pos-

133 1523 201 1558 tea
222 1549 233 1568 ,
275 1516 398 1574 cujus
420 1515 463 1558 in
488 1517 717 1574 praesentia
744 1515 884 1558 cernit
917 1530 1105 1559 errorem
1121 1550 1132 1569 ‚
1156 1514 1225 1559 vel
1249 1514 1356 1574 quid
1389 1515 1520 1559 etiam

136 1600 254 1628 error
276 1586 366 1644 ejus
388 1585 583 1629 conserat
602 1584 653 1629 ad
672 1594 926 1644 provectum
944 1585 1186 1641 bonorum3
1207 1601 1294 1629 non
1313 1600 1401 1628 esse
1415 1585 1520 1629 tales

134 1655 393 1698 auferendos
414 1656 469 1698 de
491 1656 570 1699 hac
592 1656 694 1707 vita,
718 1671 772 1697 ne
790 1670 890 1698 cum
910 1654 1045 1698 malos
1063 1655 1516 1711 conaturinterficere,

133 1724 269 1768 bonos
290 1725 540 1777 interficiat,
567 1725 687 1784 quod
708 1723 818 1767 forte
842 1722 978 1766 futuri
1002 1733 1127 1780 sunt3
1150 1732 1225 1767 aut
1245 1724 1368 1768 bonis
1386 1724 1516 1779 obsit,

134 1794 292 1854 quibus
327 1803 369 1837 et
405 1795 528 1837 inviti
563 1793 675 1837 forte
707 1793 832 1837 utiles
859 1802 983 1850 sunt3
1015 1793 1090 1836 sed
1128 1802 1234 1838 tunc
1274 1803 1520 1852 opportune

135 1865 244 1917 fieri,
264 1879 364 1907 cum
383 1865 471 1924 jam
490 1865 534 1907 in
558 1864 644 1907 fine
668 1880 755 1907 non
775 1872 907 1907 restat
924 1863 992 1907 vel
1006 1873 1177 1922 tempus
1198 1863 1522 1908 commutandae

134 1935 251 1986 vitae,
272 1934 339 1977 vel
362 1933 617 1992 proficiendi
639 1933 692 1977 ad
706 1934 930 1977 veritatem
946 1948 997 1975 ex
1020 1934 1245 1976 occasione
1261 1942 1391 1991 atque
1408 1949 1524 1977 com·

135 2004 360 2062 paratione
379 2003 506 2046 alieni
537 2004 690 2046 erroris
710 2024 720 2059 3
743 2012 848 2046 tunc
871 2010 1017 2045 autem
1037 2002 1121 2045 hoc
1138 2017 1226 2046 non
1255 2003 1309 2045 ab
1334 2001 1523 2045 homini-

136 2073 242 2126 bus,
269 2072 344 2115 sed
362 2073 417 2114 ab
440 2072 613 2129 Angelis
636 2072 753 2128 fieri3
775 2071 877 2114 inde
899 2081 963 2114 est
985 2071 1105 2130 quod
1124 2070 1357 2130 respondet
1377 2080 1523 2129 pater-

138 2141 320 2186 familias
347 2160 355 2185 :
385 2143 540 2194 «Non,
566 2157 621 2184 ne
657 2141 770 2185 sorte
792 2140 1042 2198 colligentes
1075 2141 1234 2184 zizania
1254 2175 1264 2192 ‚
1299 2140 1521 2184 eradicetis

141 2229 162 2252 »
187 2210 316 2255 simul
333 2219 376 2254 et
404 2211 591 2253 triticum
611 2245 622 2265 ,
650 2210 725 2254 sed
747 2211 791 2254 in
814 2220 1008 2269 tempore
1038 2211 1183 2254 messis
1204 2210 1343 2254 dicam
1369 2225 1524 2254 messo-

142 2299 162 2322 »
189 2281 309 2324 ribus
323 2281 354 2334 ³,
382 2289 424 2323 et
446 2289 614 2323 caetera.
635 2298 654 2321 »
673 2284 817 2340 Atque
838 2281 922 2324 hoc
947 2279 1077 2324 modo
1097 2295 1169 2324 eos
1191 2279 1523 2339 patientissimos

141 2361 184 2396 et
205 2351 579 2411 tranquillissimos
602 2351 762 2395 reddit.

201 2424 279 2466 III.
316 2421 461 2474 Quaeri
484 2430 629 2464 autem
646 2430 787 2481 potest
804 2418 924 2480 quod
947 2420 1004 2464 ait
1023 2435 1031 2461 :
1059 2440 1078 2463 (ι
1101 2419 1284 2478 Alligate
1302 2418 1526 2465 fasciculos

145 2509 166 2534 »
189 2491 243 2536 ad
264 2490 611 2536 comburendum
622 2493 654 2546 4,
672 2510 691 2532 »
714 2507 791 2535 cur
812 2506 901 2535 non
923 2505 1062 2534 unum
1084 2490 1238 2535 falcem
1254 2525 1265 2545 ‚
1292 2499 1367 2534 aut
1388 2505 1525 2534 unum

192 2583 199 2598 ¹
223 2575 344 2607 Mattb.
364 2587 430 2617 xm,
449 2584 501 2617 27.
524 2593 565 2598 »-
588 2582 598 2597 ²
619 2575 701 2608 lbid.
722 2576 774 2607 28.
797 2591 838 2597 —
861 2572 970 2607 ³1bid.
995 2583 1049 2615 29.
1069 2590 1109 2597 -
1129 2573 1144 2603 4
1163 2574 1242 2607 lbid.
1264 2573 1315 2606 30.
