1819 3301
331 262 384 302 24
770 274 802 301 s.
842 276 1068 301 accus-rim
1107 275 1282 302 EPISCOPl

331 338 533 400 pondisse
555 342 700 383 Jesum
720 374 730 393 ,
772 359 790 380 «
816 342 906 397 Ego
938 353 1048 382 sum.
1075 341 1197 383 Tunc
1221 339 1418 398 princeps
1440 336 1714 382 sacerdotum

334 429 353 451 »
389 409 514 454 scidit
531 410 785 454 vestimenta
807 425 883 453 sna
901 444 911 463 ,
937 409 1084 453 dicens
1107 428 1115 453 ;
1149 408 1482 468 Blasphemavit,
1507 407 1615 468 quid
1637 408 1716 452 ad-

335 500 353 522 »
389 481 478 525 huc
501 495 675 537 egemus
695 479 902 523 testibus?
927 497 946 520 n
973 478 1094 539 quod
1116 480 1348 523 Matthaeus
1371 487 1685 522 commemorat
1701 513 1712 533 ‚

329 561 373 596 et
405 551 629 611 sequitur,
670 569 689 591 «
732 552 844 593 Ecce
877 564 994 593 nunc
1024 549 1200 594 audistis
1237 549 1563 608 blasphemiam.
1599 547 1717 601 Quid

332 640 353 664 »
389 622 512 666 vobis
533 620 738 665 videtur?
766 623 823 664 At
844 619 906 664 illi
926 619 1233 680 respondentes
1256 619 1483 673 dixerunt,
1509 622 1625 663 Reus
1654 629 1717 663 est

331 711 351 734 »
389 692 554 736 mortis.
582 709 602 732 »
632 693 724 735 Hoc
756 691 887 734 etiam
921 699 1104 734 testatur
1138 699 1181 734 et
1207 693 1393 734 Marcus.
1437 692 1492 733 Et
1521 689 1720 750 sequitur

330 763 591 817 Matthaeus,
622 780 641 803 «
668 764 790 805 Tunc
824 770 1068 819 expuerunt
1088 761 1133 803 in
1167 760 1322 804 faciem
1356 760 1474 819 ejus,
1515 769 1559 804 et
1597 759 1717 804 cola-

332 851 353 875 »
389 833 485 893 phis
514 847 614 875 eum
648 831 915 875 ceciderunt.
939 829 1023 874 Alii
1047 838 1193 873 autem
1227 828 1391 888 palmas
1419 830 1464 872 in
1495 827 1651 873 faciem
1679 830 1719 874 ei

333 922 353 945 »
391 903 607 947 dederunt
629 901 821 946 dicentes
848 920 856 946 z
883 900 1139 960 Prophetiza
1161 900 1302 953 nobis,
1328 900 1498 944 Christe
1513 934 1524 954 ,
1543 900 1640 960 quis
1656 909 1721 945 est

333 993 352 1015 »
389 974 466 1033 qui
488 982 530 1017 te
551 972 787 1032 percussit?
817 990 836 1013 »
863 974 956 1016 Hoc
978 970 1083 1014 dicit
1110 980 1154 1015 et
1177 973 1347 1015 Marcus
1372 989 1381 1015 :
1407 980 1720 1015 commemorat

330 1045 459 1088 etiam
492 1042 612 1102 quod
634 1043 669 1086 ei
695 1040 849 1086 faciem
870 1040 1140 1085 velaverunt.
1182 1044 1244 1085 De
1278 1042 1343 1085 his
1381 1057 1559 1101 quoque
1581 1044 1719 1086 Lucas

332 1123 574 1159 attestatur.

389 1187 512 1228 XXI.
539 1186 643 1227 Haec
659 1181 918 1241 intelligitur
940 1197 1087 1241 passus
1109 1183 1318 1227 Dominus
1341 1197 1478 1242 usque
1509 1181 1564 1226 ad
1593 1198 1720 1227 mane

331 1257 375 1299 in
398 1253 530 1298 domo
552 1253 758 1312 principis
792 1251 1065 1298 sacerdotum
1081 1288 1092 1308 ,
1115 1269 1204 1313 quo
1238 1253 1354 1312 prius
1383 1252 1599 1297 adductus
1628 1263 1716 1310 est,

334 1325 412 1369 ubi
427 1325 557 1368 etiam
575 1327 729 1367 Petrus
749 1332 938 1367 tentatus
953 1332 1032 1367 est.
1051 1323 1134 1367 Sed
1149 1324 1204 1367 de
1218 1324 1333 1367 Petri
1350 1324 1607 1380 tentatione,
1622 1340 1721 1384 quae

330 1397 444 1440 inter
464 1396 541 1438 has
563 1394 737 1438 Domini
749 1393 1033 1439 contumelias
1052 1394 1167 1439 facta
1186 1403 1270 1450 est,
1288 1411 1378 1439 non
1395 1394 1551 1440 eodem
1567 1394 1721 1440 ordine

330 1481 480 1512 omnes
504 1474 683 1510 narrant
704 1484 712 1510 :
733 1466 957 1524 namipsas
975 1465 1116 1524 primo
1129 1475 1473 1510 commemorant
1487 1466 1721 1511 Matthaeus

330 1547 374 1582 et
393 1541 585 1591 Marcus,
609 1535 767 1580 deinde
792 1536 905 1579 Petri
929 1537 1213 1580 tentationem
1236 1555 1244 1581 ε
1263 1540 1401 1580 Lucas
1412 1552 1516 1582 vero
1538 1537 1722 1597 explicat

329 1608 449 1667 prius
470 1606 758 1651 tentationem
781 1606 917 1661 Petri,
944 1615 1038 1650 tum
1061 1607 1240 1650 demum
1260 1607 1336 1651 has
1357 1608 1530 1651 Domini
1561 1617 1720 1653 contu-

329 1678 479 1723 melias
505 1697 513 1722 :
535 1680 722 1722 Joannes
745 1686 891 1721 autem
909 1677 1061 1737 incipit
1090 1679 1205 1722 Petri
1228 1679 1514 1723 tentationem
1547 1678 1716 1737 dicere,

330 1748 624 1808 etinterponit
647 1747 848 1807 quaedam
871 1748 925 1791 de
942 1747 1216 1792 contumeliis
1235 1749 1434 1804 Domini,
1456 1758 1500 1793 et
1521 1749 1720 1810 adjungit

330 1819 451 1880 quod
471 1818 573 1862 inde
611 1818 763 1861 missus
795 1827 858 1862 est
891 1819 947 1862 ad
980 1819 1192 1877 Ca‘i'pham
1228 1819 1508 1878 pontificem,
1542 1830 1585 1864 et
1616 1821 1719 1865 inde

330 1887 612 1947 recapitulat,
638 1897 686 1932 ut
709 1888 891 1947 explicet
918 1904 1049 1948 quam
1072 1898 1267 1948 coeperat
1286 1889 1573 1933 tentationem
1603 1892 1719 1935 Petri

330 1960 377 2003 in
398 1959 529 2003 domo
545 1994 555 2014 ,
581 1974 669 2018 quo
690 1959 830 2017 primo
848 1958 1063 2002 adductus
1090 1968 1179 2013 est,
1205 1967 1248 2002 et
1269 1958 1381 2002 redit
1409 1958 1463 2002 ad
1485 1958 1686 2004 ordinem
1703 1996 1714 2016 ‚

329 2031 408 2075 ubi
430 2028 629 2074 ostendat
651 2027 1024 2088 quemadmodum
1044 2028 1203 2073 ductus
1224 2029 1278 2073 sit
1308 2029 1519 2074 Dominus
1541 2030 1596 2074 ad
1621 2033 1718 2076 Ca‘i'-

331 2103 480 2161 pham.

388 2174 534 2215 XXII.
563 2170 629 2215 Sic
651 2185 754 2228 ergo
782 2170 1014 2214 Matthaeus
1049 2170 1245 2230 sequitur
1268 2185 1277 2211 τ
1303 2189 1323 2211 «
1350 2173 1501 2215 Petrus
1523 2187 1626 2216 vero
1647 2187 1715 2217 se-

330 2262 351 2284 »
387 2241 520 2286 debat
538 2239 641 2284 foris
663 2240 709 2283 in
730 2240 839 2284 atrio
859 2274 869 2294 ,
896 2248 938 2283 et
961 2240 1135 2283 accessit
1157 2241 1212 2284 ad
1231 2255 1330 2283 eum
1349 2256 1436 2285 una
1467 2241 1623 2286 ancilla
1646 2242 1714 2287 di-

324 2332 351 2354 v)
386 2327 486 2356 cens
516 2330 525 2354 ι
551 2313 607 2354 Et
639 2319 687 2353 tu
709 2325 810 2352 cum
847 2312 949 2352 Jcsu
986 2309 1165 2354 Galilaeo
1192 2312 1320 2354 eras?
1341 2313 1399 2355 At
1430 2310 1504 2355 ille
1538 2313 1713 2371 negavit

332 2403 352 2425 »
388 2398 534 2426 coram
572 2381 772 2425 omnibus
806 2379 952 2424 dicens
978 2400 986 2424 :
1024 2381 1174 2425 Nescio
1207 2382 1316 2440 quid
1353 2382 1474 2426 dicis.
1513 2385 1713 2428 Exeunte

329 2473 349 2494 »
387 2462 530 2496 autem
553 2451 628 2495 illo
658 2453 860 2510 januam,
880 2449 989 2494 vidit
1011 2449 1135 2494 illum
1158 2450 1238 2494 alia
1267 2450 1421 2495 ancilla
1440 2487 1451 2507 ,
1481 2462 1523 2497 et
1556 2454 1616 2498 ait
1648 2455 1714 2499 his

332 2542 351 2565 »
387 2523 462 2583 qui
484 2531 605 2565 erant
620 2523 680 2565 ibi
701 2525 781 2566 :Et
802 2521 872 2564 hic
885 2530 974 2565 erat
988 2537 1088 2565 cum
1106 2524 1456 2567 JesuNazareno.
1477 2526 1533 2567 Et
1548 2524 1711 2570 iterum

334 2612 354 2635 »
389 2593 563 2651 negavit
584 2608 684 2637 cum
702 2593 951 2650 juramento
975 2611 983 2636 ε
1011 2592 1117 2645 Quia
1139 2608 1228 2637 non
1265 2594 1365 2637 novi
1392 2594 1628 2640 hominem.
1657 2595 1713 2639 Et
