1819 3301
378 297 516 325 sEnMO
550 296 706 323 nomuu
738 295 782 322 m
815 295 984 332 MONTE,
1020 295 1102 321 LlB.
1140 296 1188 320 11.
1379 283 1457 321 241

87 362 188 422 quia
210 361 339 410 etiam
359 360 413 405 de
435 376 546 420 puro
564 369 742 419 argento
763 358 1009 404 sordidatur
1030 374 1181 402 aurum
1195 393 1205 413 ,
1231 358 1264 402 si
1286 359 1464 403 miscea-

86 441 158 476 tur
183 451 193 476 :
213 432 270 475 ita
291 440 334 474 et
356 431 524 475 animus
540 440 684 474 noster
698 440 968 474 terrenorum
987 429 1225 488 cupiditate
1241 427 1463 482 sordescit,

87 501 281 562 quamvis
299 503 387 561 ipsa
409 511 522 545 terra
543 502 589 544 in
611 517 689 545 suo
708 516 863 559 genere
887 510 1017 560 atque
1038 499 1191 544 ordine
1212 499 1375 543 munda
1397 499 1465 542 sit.

43 622 46 624 ,
87 573 262 618 Coelum
280 581 425 616 autem
443 573 524 615 hoc
541 571 637 615 loco
660 586 749 614 non
766 586 1021 630 corporeum
1039 571 1346 630 acceperimus,
1368 569 1470 629 quia

88 658 216 688 omne
238 658 394 701 corpus
418 658 494 701 pro
516 651 628 685 terra
645 642 898 685 habendum
920 651 997 685 est.
1026 645 1182 686 Totum
1206 641 1320 684 enim
1343 655 1471 684 mun-

88 713 193 757 dum
216 713 348 756 debet
370 722 663 766 contemnere,
689 711 764 770 qui
787 711 867 754 sibi
898 712 1157 755 thesaurizat
1189 712 1235 754 in
1263 710 1391 755 coelo.
1419 713 1471 753 In

89 782 164 827 illo
187 797 287 840 ergo
320 782 434 826 coelo
467 781 521 825 de
555 797 643 841 quo
675 780 841 824 dictum
874 790 938 825 est
967 800 974 825 ε
1016 801 1036 823 «
1068 781 1243 826 Coelum
1264 780 1363 824 coeli
1388 783 1475 824 Do-

93 872 112 895 »
147 854 266 897 mino
291 854 304 878 1
324 887 334 907 ,
364 870 384 893 »
405 852 452 895 id
473 861 561 906 est,
586 853 632 895 in
653 852 925 896 firmamento
950 851 1158 910 spiritali,
1180 867 1268 895 non
1291 851 1403 894 enim
1427 851 1474 894 in

90 939 140 967 eo
168 923 288 983 quod
315 923 518 977 transiet,
545 922 808 966 constituere
831 930 873 965 et
901 920 1113 965 collocare
1136 921 1347 964 debemus
1378 921 1474 964 the-

91 1008 265 1046 saurum
288 1002 484 1036 nostrum
517 1002 560 1036 et
579 1008 653 1036 cor
676 1001 873 1036 nostrum
891 1027 900 1044 ,
932 991 1006 1035 sed
1027 992 1073 1035 in
1095 1007 1146 1036 eo
1167 991 1288 1051 quod
1308 1006 1475 1050 semper

91 1072 236 1107 manet
259 1083 267 1107 z
294 1063 466 1107 Coelum
487 1072 631 1106 autem
653 1071 695 1105 et
713 1072 822 1105 terra
845 1062 1055 1105 transient
1072 1063 1104 1105 ².

147 1135 279 1177 XLV.
302 1136 356 1176 Et
380 1133 448 1175 hic
470 1130 718 1175 manifestat
741 1131 794 1174 de
817 1130 1073 1174 mundando
1096 1130 1228 1175 corde
1248 1147 1292 1175 se
1315 1141 1473 1175 cuncta

77 1204 168 1248 ‘ista
185 1203 419 1262 praecipere
435 1237 445 1255 ,
467 1218 566 1246 cum
590 1202 696 1245 dicit
722 1220 731 1246 :
761 1221 779 1242 «
806 1204 1001 1245 Lucerna
1025 1202 1215 1260 corporis
1237 1203 1299 1245 tui
1321 1201 1473 1246 oculus

95 1293 114 1316 »
150 1284 250 1318 tuus
272 1284 348 1317 est.
369 1275 409 1318 Si
431 1289 533 1331 ergo
556 1273 710 1317 oculus
731 1281 832 1316 tuus
855 1272 1033 1331 simplex
1056 1271 1202 1327 fuerit,
1226 1282 1365 1316 totum
1385 1288 1475 1317 cor-

94 1363 114 1386 »
149 1359 229 1403 pus
252 1353 377 1387 tuum
398 1343 595 1386 lucidum
626 1343 720 1386 erit.
750 1343 791 1386 Si
814 1351 957 1385 autem
982 1342 1134 1386 oculus
1162 1353 1263 1387 tuus
1286 1358 1474 1403 nequam

95 1432 115 1455 »
149 1423 238 1468 est,
270 1422 411 1457 totum
439 1428 595 1472 corpus
624 1422 750 1456 tuum
777 1412 1052 1455 tenebrosum
1082 1413 1176 1455 erit.
1206 1413 1248 1457 Si
1277 1429 1378 1471 ergo
1406 1414 1476 1456 lu-

95 1503 114 1525 »
151 1500 250 1527 men
269 1483 388 1544 quod
408 1484 453 1526 in
470 1493 512 1526 te
531 1492 594 1527 est
623 1483 816 1527 tenebrae
838 1492 953 1537 sunt,
982 1483 1173 1526 tenebrae
1191 1493 1367 1543 quantae
1384 1485 1429 1526 3?
1453 1502 1471 1525 »

93 1554 177 1607 Qui
194 1553 315 1598 locus
337 1554 394 1597 sic
410 1553 716 1610 intelligendus
745 1562 823 1606 est,
845 1562 895 1596 ut
919 1553 1164 1597 noverimus
1187 1554 1330 1597 omnia
1349 1570 1479 1611 opera

93 1633 238 1668 nostra
261 1634 365 1668 tunc
396 1639 485 1667 esse
507 1623 670 1666 munda
688 1658 698 1677 ,
735 1632 778 1666 et
799 1622 967 1681 placere
992 1623 1037 1665 in
1061 1633 1296 1682 conspectu
1320 1625 1415 1676 Dei,
1442 1624 1477 1667 si

94 1696 200 1739 fiant
226 1694 410 1753 simplici
437 1693 588 1748 corde,
615 1693 659 1736 id
689 1702 751 1735 est
769 1727 779 1746 ,
806 1693 1046 1736 intentione
1073 1709 1258 1751 superna
1282 1695 1368 1736 fine
1401 1692 1476 1738 illo

94 1766 310 1810 charitatis
343 1784 351 1809 2
383 1765 484 1823 quia
517 1773 559 1807 et
592 1763 819 1821 plenitudo
852 1764 974 1820 Legis
1004 1764 1186 1807 charitas
1217 1765 1247 1806 ⁴.
1286 1763 1475 1807 Oculum

94 1852 196 1894 ergo
218 1837 288 1879 hic
317 1836 510 1893 accipere
531 1834 739 1877 debemus
762 1833 894 1892 ipsam
920 1834 1229 1888 intentionem,
1264 1850 1348 1894 qua
1371 1833 1476 1878 faci-

93 1923 190 1951 mus
213 1906 430 1966 quidquid
452 1905 632 1948 facimus
653 1921 660 1945 t
691 1920 788 1963 quae
811 1904 843 1947 si
861 1904 1023 1947 munda
1049 1903 1176 1947 fuerit
1200 1914 1242 1948 et
1264 1915 1378 1949 recta
1396 1941 1406 1960 ,
1433 1915 1477 1950 ct

94 1976 204 2020 illud
221 1975 428 2034 aspiciens
443 1975 562 2034 quod
579 1973 874 2033 aspiciendum
892 1982 976 2030 est,
995 1974 1138 2017 omnia
1162 1989 1291 2033 opera
1309 1984 1471 2031 nostra,

95 2063 193 2107 quae
211 2045 451 2090 secundum
474 2060 567 2088 cam
580 2059 824 2103 operamur,
847 2058 1017 2087 necesse
1035 2052 1098 2087 est
1114 2045 1226 2088 bona
1248 2045 1347 2088 sint‘.
1367 2048 1476 2098 Quae

98 2118 242 2161 omnia
265 2131 394 2176 opera
416 2124 557 2159 totum
587 2130 741 2174 corpus
765 2113 1022 2173 appellavit,
1054 2115 1154 2173 quia
1179 2124 1221 2158 et
1246 2116 1474 2174 Apostolus

97 2187 290 2231 membra
321 2195 466 2230 nostra
501 2185 606 2229 dicit
630 2183 830 2244 quaedam
860 2200 1010 2242 opera,
1042 2201 1140 2242 quae
1164 2185 1408 2244 improbat,
1434 2196 1477 2230 et

98 2257 397 2302 mortificanda
414 2255 623 2314 praecipit,
641 2255 788 2299 dicens
815 2274 824 2300 ι
850 2274 868 2296 «
889 2255 1145 2298 Mortificate
1163 2270 1264 2313 ergo
1281 2257 1476 2301 membra

102 2346 121 2368 »
155 2336 294 2372 vestra
311 2342 409 2386 quae
428 2334 529 2370 sunt
551 2341 679 2384 super
701 2334 875 2378 terram,
902 2324 1230 2368 fornicationem
1246 2359 1256 2379 ,
1283 2326 1475 2370 immun-

100 2415 120 2439 »
156 2398 323 2451 ditiam,
344 2396 565 2440 avaritiam
589 2398 620 2449 5,
649 2413 668 2436 ι)
696 2404 739 2438 et
760 2403 913 2438 caetera
933 2394 1047 2437 talia.

156 2470 313 2512 XLVI.
339 2470 436 2513 Non
458 2481 558 2524 ergo
589 2465 696 2525 quid
727 2465 912 2525 quisque
938 2464 1093 2518 faciat,
1118 2463 1193 2508 sed
1223 2480 1310 2523 quo
1332 2467 1476 2513 animo

148 2572 155 2588 ¹
187 2565 263 2596 Psal.
293 2576 379 2597 exin,
406 2563 455 2594 16.
482 2580 523 2585 —-
542 2570 554 2585 ²
578 2562 697 2594 Matth.
732 2573 798 2602 xiv,
825 2560 876 2593 35.
909 2577 950 2583 -=—
971 2559 983 2582 3
999 2561 1043 2592 Id.
1067 2571 1111 2602 vt,
1130 2569 1184 2602 22,
1205 2561 1258 2593 23·
1288 2579 1330 2586 —-
1347 2562 1362 2594 4
1380 2566 1470 2598 Rom.

100 2633 166 2663 xm,
190 2633 237 2654 10.
261 2638 298 2645 —-
319 2619 333 2643 5
358 2620 473 2653 Coloss.
493 2631 537 2659 in,
565 2619 597 2651 5.

264 2685 386 2715 cxxr.
1245 2673 1293 2712 16
