1819 3301
303 252 386 291 340
738 258 771 286 s.
809 257 1037 284 AUGUsTtNl
1073 256 1254 281 Eriscom

292 328 458 390 peccati
483 346 490 372 :
513 325 567 370 de
589 340 676 386 quo
702 324 910 382 scriptum
934 330 997 365 est
1019 339 1027 364 :
1058 339 1078 362 «
1100 323 1286 364 Eramus
1309 327 1351 363 et
1372 334 1451 362 nos
1473 318 1687 362 naturali-

296 420 316 443 »
353 411 418 446 ter
439 398 515 442 filii
536 399 627 452 irae,
653 396 763 440 sicut
785 404 828 438 et
843 391 988 437 caeteri
1005 393 1017 417 ¹
1038 410 1046 436 :
1067 410 1085 432 »
1108 391 1162 435 de
1186 407 1274 451 quo
1297 391 1455 434 iterum
1480 390 1687 449 scriptum

295 480 378 525 est,
405 485 484 514 nec
506 467 715 512 infantem
741 465 865 524 cujus
888 471 953 506 est
972 462 1102 505 unius
1137 460 1222 504 diei
1253 461 1341 505 vita
1367 476 1498 520 super
1531 469 1689 504 terram

295 540 512 587 mundum
544 553 632 582 esse
655 553 678 581 a
702 543 881 595 peceato
904 537 921 559 ²
952 552 960 577 :
994 532 1096 592 quia
1119 547 1270 576 omnes
1301 532 1454 592 utique
1481 531 1527 574 in
1550 530 1690 575 Adam

298 612 507 656 morimur
523 610 554 662 3,
581 608 656 667 qui
681 605 818 649 factus
839 613 903 648 est
925 603 1262 662 transgressione
1283 602 1490 646 mortalis.

358 685 436 725 ΙΙΙ.
459 679 586 733 Quod
610 686 755 722 autem
781 676 912 730 dicit,
939 675 994 718 ad
1014 690 1061 718 ea
1080 674 1174 718 loca
1192 675 1234 717 in
1253 674 1413 733 quibus
1431 681 1692 732 torquentur

294 752 598 810 impii,justos,
616 749 743 792 etiam
763 747 795 790 si
810 745 960 800 velint,
987 760 1076 789 non
1095 759 1216 803 posse
1235 744 1430 798 transire,
1451 743 1556 803 quid
1573 741 1692 786 aliud

301 823 530 881 significat,
566 820 644 863 11151
677 828 772 878 post
794 819 907 861 hanc
929 817 1059 861 vitam
1086 816 1142 858 ita
1165 816 1345 875 receptis
1366 816 1407 858 in
1431 830 1615 869 carcere,
1641 823 1691 858 ut

298 892 505 937 noninde
521 899 673 936 exeant
692 892 831 932 donec
852 887 1036 931 reddant
1052 886 1331 930 novissimum
1352 885 1638 945 quadrantem
1655 886 1688 940 ⁴,

296 979 373 1021 per
394 960 881 1006 incommutabilitatem
905 957 1066 1001 divinae
1088 957 1310 1000 sententiae
1331 992 1341 1010 ‚
1374 956 1545 1000 nullum
1568 956 1689 999 auxi-

295 1033 401 1076 lium
426 1029 731 1075 misericordiae
755 1043 876 1088 posse
898 1027 1083 1087 praeberi
1101 1043 1123 1070 a
1139 1028 1281 1087 justis,
1303 1028 1432 1070 etiam
1455 1028 1598 1071 sicam
1617 1042 1691 1070 ve-

294 1104 377 1147 lint
396 1102 621 1161 praeberc?
639 1103 736 1153 Quo
754 1099 961 1142 admonet
978 1096 1155 1152 scilicet,
1172 1098 1278 1141 utin
1297 1098 1377 1142 hac
1395 1098 1480 1141 vita
1500 1097 1695 1142 homines

297 1172 559 1218 subveniant
581 1172 743 1230 quibus
767 1178 948 1228 possunt
965 1203 975 1223 ‚
1003 1183 1057 1212 ne
1079 1178 1227 1227 postea
1250 1169 1378 1211 etiam
1402 1169 1434 1211 si
1454 1169 1616 1228 optime
1635 1183 1695 1211 re-

299 1244 412 1303 cepti
434 1242 615 1296 fuerint,
636 1242 692 1285 eis
709 1256 818 1300 quos
837 1240 1026 1298 diligunt
1042 1239 1247 1299 opitulari
1262 1255 1350 1283 non
1368 1239 1555 1283 valeant.
1579 1238 1696 1282 Illud

300 1314 415 1358 enim
432 1312 551 1371 quod
567 1311 776 1370 seriptum
794 1319 856 1354 est
877 1329 884 1353 :
908 1329 927 1351 «
947 1312 1000 1353 Ut
1014 1319 1055 1353 et
1070 1309 1147 1368 ipsi
1166 1309 1463 1368 recipiantvos
1477 1310 1520 1352 in
1535 1319 1697 1352 aeterna

298 1404 317 1425 »
345 1381 786 1435 tabernacula⁵‚»non
801 1380 855 1423 de
868 1380 1063 1438 superbis
1080 1389 1122 1422 et
1140 1379 1549 1423 immisericordibus
1566 1379 1697 1438 scrip-

297 1466 392 1500 tum
409 1463 487 1508 est,
509 1452 648 1513 qualis
674 1453 752 1495 iste
778 1451 897 1494 dives
918 1449 1047 1494 fuisse
1067 1450 1408 1505 demonstratur,
1427 1451 1546 1511 quod
1564 1451 1697 1509 recipi

299 1543 322 1570 a
345 1524 500 1569 sanctis
519 1524 563 1566 111
583 1522 658 1566 illa
682 1519 964 1565 tabernacula
983 1530 1235 1563 mereantur
1254 1540 1262 1564 ·.
1283 1520 1356 1564 sed
1375 1520 1429 1564 de
1447 1521 1510 1564 his
1526 1521 1600 1580 qui
1618 1521 1698 1564 sibi

301 1597 459 1641 amieos
473 1593 795 1638 officiosissimis
809 1591 1014 1650 operibus
1025 1591 1330 1634 misericordiae
1344 1590 1526 1635 fecerint
1542 1607 1698 1650 :quan-

301 1682 432 1727 quam
456 1679 536 1708 nec
558 1665 672 1723 ipsos
692 1663 797 1722 justi
815 1661 934 1705 velut
956 1661 1128 1720 propria
1154 1670 1366 1720 potestate
1388 1663 1510 1721 quasi
1533 1661 1699 1720 gratifi-

301 1737 442 1782 cando
465 1736 691 1795 recipiant3
711 1734 787 1777 sed
801 1731 1085 1791 promissione
1108 1742 1240 1792 atque
1262 1732 1542 1791 permissione
1563 1732 1695 1787 illius,

303 1808 377 1867 qui
395 1822 466 1850 eos
490 1805 671 1850 consilio
688 1802 954 1862 praemonuit
976 1811 1026 1845 ut
1051 1802 1133 1845 sibi
1161 1803 1321 1846 amicos
1339 1801 1546 1857 facerent,
1567 1811 1610 1845 et
1624 1803 1700 1862 qui

300 1895 344 1922 se
359 1879 500 1937 ipsum
515 1876 644 1935 pasci,
661 1875 822 1928 vestiri,
838 1873 1027 1932 hospitio
1040 1873 1356 1932 recipi,visitari
1371 1874 1417 1916 in
1432 1888 1699 1933 unoquoque

303 1949 522 1992 minorum
545 1961 739 1999 suorum,
770 1944 1013 1987 liberatoris
1028 1944 1223 1987 bonitate
1237 1943 1438 2002 dignatus
1457 1954 1533 1987 est.
1555 1946 1702 1996 Quan-

304 2034 437 2078 quam
459 2016 533 2060 illa
558 2015 763 2074 receptio,
789 2024 939 2057 utrum
959 2014 1103 2057 statim
1126 2023 1222 2073 post
1240 2015 1363 2058 istam
1380 2015 1514 2058 vitam
1532 2014 1622 2068 fiat,
1646 2029 1702 2057 an

306 2090 350 2131 in
383 2088 470 2130 fine
505 2085 655 2130 saecuit
685 2085 729 2128 in
763 2085 1077 2127 resurrectione
1100 2094 1370 2128 mortuorum
1396 2093 1526 2143 atque
1549 2083 1703 2127 ultima

308 2157 595 2201 retributione
605 2154 776 2215 judicii,
797 2169 885 2197 non
903 2154 1080 2197 minima
1098 2155 1280 2213 quaestio
1297 2163 1361 2198 est
1380 2173 1387 2198 ε
1409 2153 1485 2198 sed
1496 2153 1704 2214 „quando-

306 2227 415 2271 libet
436 2227 526 2280 fiat,
548 2235 663 2268 certe
678 2224 732 2267 de
748 2222 904 2267 talibus
918 2222 1058 2283 qualis
1075 2223 1148 2267 ille
1165 2223 1282 2268 dives
1303 2224 1564 2279 insinuatur,
1582 2222 1703 2267 nulla

312 2297 533 2355 Scriptura
556 2295 648 2338 fieri
670 2293 913 2355 pollicetur.

371 2369 446 2410 IV.
470 2366 676 2424 Quinque
691 2373 834 2408 autem
853 2364 1006 2408 fratres
1023 2379 1131 2423 quos
1149 2365 1311 2408 habere
1328 2380 1372 2408 se
1385 2364 1491 2408 dicit
1510 2364 1552 2407 in
1573 2364 1705 2408 domo

315 2437 445 2496 patris
468 2437 555 2490 sui,
588 2434 764 2478 Judaeos
785 2434 1043 2491 significant.
1071 2434 1289 2493 Appellati
1312 2436 1427 2478 enim
1449 2444 1551 2479 sunt
1572 2434 1705 2494 quin-

364 2532 505 2573 ¹E¹1bes.
527 2543 560 2571 ir,
582 2531 613 2562 3.
630 2548 670 2552 —
688 2537 699 2552 ²
724 2532 740 2561 J
755 2530 798 2561 Ab.
818 2541 884 2570 xiv,
907 2530 939 2570 4,
953 2530 1044 2570 juxta
1063 2540 1179 2561 11111.-
1201 2529 1213 2553 3
1234 2540 1252 2562 2
1271 2532 1342 2563 Cor.
1364 2541 1417 2572 xv,
1437 2532 1566 2563 'kz—4
1589 2530 1703 2562 matth.

317 2597 352 2628 v,
372 2586 426 2619 26.
447 2602 489 2610 —
504 2585 517 2610 5
537 2588 613 2619 Luc.
633 2596 698 2628 xw,
719 2596 750 2627 9.
