1819 3301
102 337 204 440 S.
263 336 595 440 AUR.
661 339 1469 447 AUGUSTINI

415 547 842 586 HIPPONENSIS
874 551 1166 593 EPISCOPI

359 704 505 781 DE
565 705 1216 790 CONSENSU

181 911 1392 1010 EVANGELISTARUM.

601 1122 777 1169 LIBRI
817 1124 883 1171 IV
907 1117 939 1170 ¹.

99 1302 1371 1327 wmwwmmwmmmmmmmwwmmmmm
1375 1313 1484 1330 ww

584 1452 801 1507 LIBER
848 1454 955 1507 III.

97 1602 130 1633 IN
160 1610 217 1636 Quo
244 1603 525 1635 EVANGELISTARUM
542 1613 560 1634 Δ
577 1612 678 1635 COENAE
708 1613 899 1636 NARRA'HONE
924 1616 961 1637 AD
987 1607 1159 1638 EVANGELn
1185 1617 1281 1640 FINEM
1298 1619 1460 1641 coNcoumA
1476 1633 1485 1649 ‚

145 1666 317 1689 COLLOCATO
340 1668 429 1690 smut-
446 1668 614 1694 mmmmm
633 1668 759 1691 nmES'ro
776 1670 964 1692 smeunonuu
987 1670 1142 1693 con'rssx'ru
1158 1687 1166 1703 ,
1184 1672 1434 1696 DEMONSTRATUR.

632 1784 946 1829 PROLOGUS.

160 1940 195 1981 Ι.
220 1940 244 1981 J
249 1953 311 1981 AM
335 1938 546 1997 quoniam
566 1939 764 1982 omnium
786 1948 974 1997 quatuor
987 1941 1175 1988 narratio
1196 1941 1242 1983 in
1265 1954 1316 1985 eo
1335 1956 1481 1986 versa-—

101 2015 171 2050 tur
194 2007 292 2051 loco
311 2042 321 2061 ,
348 2008 392 2050 in
414 2023 503 2066 quo
541 2023 712 2052 necesse
739 2017 803 2051 est
824 2023 895 2053 eos
918 2024 1058 2068 usque
1092 2011 1136 2053 in
1164 2011 1295 2053 finem
1324 2013 1484 2070 pariter

100 2076 349 2131 ambulare,
375 2092 455 2120 nec
478 2076 667 2120 multum
689 2077 855 2134 digredi
879 2079 934 2121 ab
965 2078 1173 2133 invicem,
1210 2080 1348 2123 sicubi
1370 2082 1483 2125 forte

101 2146 210 2189 alius
227 2146 392 2205 aliquid
422 2155 757 2200 commemorat,
783 2146 903 2205 quod
938 2147 1043 2190 alius
1066 2141 1355 2206 p‘raetermittit
1376 2170 1386 2206 3
1418 2152 1483 2194 vi-

101 2214 232 2258 detur
268 2215 374 2257 mihi
408 2215 650 2273 expeditius
680 2230 757 2258 nos
792 2215 1088 2259 demonstrare
1122 2232 1244 2275 posse
1287 2219 1484 2263 omnium

102 2283 476 2341 Evangelistarum
491 2285 853 2337 convenientiam,
869 2286 901 2327 si
916 2286 971 2327 ab
987 2286 1164 2343 hoejam
1178 2285 1274 2329 loco
1290 2289 1484 2332 omnium

102 2354 249 2396 omnia
268 2362 548 2396 contexamus
567 2387 577 2406 ‚
603 2362 646 2395 et
678 2353 723 2395 in
761 2368 891 2395 unam*
915 2355 1202 2397 narrationem
1244 2355 1487 2416 faciemque

105 2420 365 2478 digeramus.
401 2422 467 2465 Sic
501 2436 601 2477 ergo
635 2422 819 2464 arbitror
852 2422 1120 2464 commodius
1158 2422 1412 2482 faciliusque
1446 2426 1490 2469 id

104 2490 226 2549 quod
248 2491 513 2548 suscepimus
531 2490 732 2548 explicari
751 2524 761 2543 ‚
783 2499 831 2533 ut
868 2491 1171 2547 aggrediamur
1198 2494 1491 2537 narrationem

106 2558 250 2602 omnia
276 2567 664 2603 commemorantes
680 2591 691 2612 ‚
717 2572 816 2601 cum
850 2573 1001 2602 eorum
1032 2558 1403 2616 Evangelistarum
1428 2570 1492 2605 at-

1236 2642 1271 2678 1.
