1819 3301
310 223 391 264 448
746 234 780 263 s.
819 234 1049 263 Auousnm
1083 235 1264 262 EPISCOPI

309 302 497 361 suscepit
518 302 781 361 ¹baptismum
805 301 929 344 servi.
960 303 1017 344 Et
1039 315 1094 343 ne
1117 308 1444 359 praeponeretur
1462 300 1701 360 baptismus

309 372 418 416 servi
434 373 646 431 baptismo
671 371 858 424 Domini,
881 370 1086 429 baptizati
1108 380 1210 414 sunt
1233 370 1304 414 alii
1319 370 1579 430 baptismate
1596 388 1700 416 con-

309 443 434 487 servi.
469 442 553 487 Sed
578 443 656 500 qui
680 441 883 500 baptizati
906 450 1008 485 sunt
1033 440 1291 500 baptismate
1313 442 1531 497 conservi,
1569 458 1702 502 opor·

310 513 429 558 tebat
464 522 512 556 ut
543 511 866 571 baptizarentur
901 511 1159 570 baptismate
1192 513 1367 556 Domini
1400 531 1409 557 ε
1444 513 1519 573 qui
1557 522 1702 558 autem

308 584 586 643 baptizantur
611 582 871 641 baptismate
901 581 1104 638 Domini,
1141 598 1231 627 non
1263 598 1372 642 opus
1400 583 1567 628 habent
1593 584 1704 644 bap-

309 656 479 700 tismate
515 654 725 698 conservi.

369 729 445 770 VI.
479 726 695 779 Quoniam
719 741 820 784 ergo
845 734 1069 785 acceperat
1096 728 1285 770 Joannes
1311 726 1575 785 baptismum
1591 761 1602 781 ,
1627 726 1705 786 qui

310 797 483 856 proprie
511 797 689 840 ,loannis
719 796 966 852 diceretur,
996 796 1207 841 Dominus
1234 806 1378 841 autem
1411 800 1534 841 Jesus
1557 797 1706 842 Chris-

313 877 380 911 tus
418 866 561 910 noluit
602 866 867 926 baptismum
901 882 1028 913 suum
1059 865 1188 911 alicui
1219 866 1345 922 dare,
1380 883 1470 911 non
1499 876 1548 911 ut
1574 882 1705 912 nemo

311 937 604 996 baptizaretur
628 938 843 997 baptismo
869 937 1064 992 Domini,
1096 936 1171 981 sed
1194 946 1243 981 ut
1265 953 1433 997 semper
1445 938 1536 997 ipse
1559 938 1708 982 Domi-

310 1023 394 1052 nus
416 1007 654 1067 baptizaret
677 1027 685 1051 ;
703 1008 744 1050 id
768 1016 914 1051 actum
937 1015 1016 1062 est,
1035 1016 1141 1051 utet
1162 1023 1238 1067 per
1260 1008 1478 1052 ministros
1496 1008 1707 1052 Dominus

311 1079 577 1138 baptizaret,
610 1077 653 1122 id
683 1088 769 1134 est,
806 1088 856 1122 ut
885 1094 994 1139 quos
1027 1079 1212 1122 ministri
1240 1079 1412 1123 Domini
1444 1079 1720 1138 baptizaturi

311 1159 461 1205 erant,
488 1150 696 1194 Dominus
719 1150 977 1208 baptizaret,
1003 1165 1092 1193 non
1109 1148 1187 1192 illi.
1214 1149 1347 1194 Aliud
1371 1159 1433 1193 est
1454 1150 1571 1193 enim
1595 1151 1706 1209 bap-

313 1221 442 1263 tizare
466 1236 542 1279 per
568 1219 879 1274 ministerium,
916 1218 1034 1263 aliud
1058 1220 1277 1279 baptizare
1310 1235 1387 1279 per
1425 1230 1701 1279 potestatem.

310 1291 526 1349 Baptisma
550 1291 665 1333 enim
690 1289 775 1334 tale
798 1299 883 1345 est,
908 1289 1048 1349 qualis
1072 1298 1135 1333 est
1156 1289 1253 1344 ille,
1279 1290 1325 1332 in
1349 1291 1472 1350 cujus
1494 1300 1707 1350 potestate

311 1362 456 1415 datur,
483 1377 571 1405 non
596 1360 734 1420 qualis
760 1370 824 1404 est
851 1359 948 1414 ille,
988 1375 1064 1418 per
1093 1361 1215 1419 cujus
1248 1360 1535 1404 ministerium
1559 1360 1704 1405 datur.

314 1432 424 1476 Talis
444 1446 534 1475 erat
556 1431 796 1490 baptismus
821 1431 1021 1485 Joannis,
1061 1429 1202 1489 qualis
1228 1434 1443 1489 Joannes3
1468 1431 1707 1491 baptismus

307 1494 451 1563 justus
479 1513 688 1562 tanquam
712 1502 840 1562 justi,
877 1511 1019 1545 tamen
1040 1501 1227 1545 hominis
1253 1521 1262 1546 ε
1288 1501 1364 1545 sed
1391 1503 1466 1562 qui
1484 1511 1708 1562 acceperat

310 1590 333 1617 a
363 1574 549 1617 Domino
584 1574 709 1616 istam
740 1572 920 1629 gratiam
939 1606 949 1626 ,
987 1581 1030 1614 et
1052 1580 1215 1615 tantam
1239 1572 1420 1630 gratiam
1439 1607 1450 1628 ,
1476 1581 1527 1616 ut
1550 1572 1706 1630 dignus

309 1653 420 1688 esset
442 1645 594 1703 praeire
617 1643 833 1703 judicem,
871 1651 915 1686 et
942 1657 1043 1685 eum
1075 1640 1211 1699 digito
1247 1642 1475 1686 ostendere
1496 1677 1507 1697 ,
1546 1653 1589 1686 et
1620 1643 1705 1686 im-

309 1715 427 1773 plere
457 1730 609 1758 vocem
641 1713 883 1773 prophetiae
900 1711 1036 1766 illius,
1063 1715 1188 1757 «Vox
1205 1712 1431 1757 clamantis
1447 1713 1492 1757 in
1516 1714 1703 1767 deserto,

313 1804 332 1826 »
369 1789 521 1829 Parate
546 1784 658 1827 viam
683 1784 869 1827 Domino
890 1785 918 1825 ¹.
938 1801 957 1824 »
986 1782 1088 1826 Tale
1110 1792 1256 1827 autem
1278 1784 1490 1843 baptisma
1514 1784 1703 1839 Domini,

309 1856 449 1916 qualis
480 1856 689 1900 Dominus
720 1874 727 1899 ;
755 1870 856 1913 ergo
892 1854 1106 1913 baptisma
1139 1854 1313 1899 Domini
1344 1854 1570 1910 divinum,
1603 1854 1705 1915 quia

310 1927 520 1971 Dominus
543 1930 671 1969 Deus.

368 2001 468 2042 vll.
502 1997 648 2041 Potuit
674 2006 818 2040 autem
848 1996 1058 2040 Dominus
1083 1999 1207 2041 Jesus
1239 1997 1458 2052 Christus,
1484 1997 1517 2041 si
1537 1996 1668 2041 vellet
1688 2032 1699 2052 ,

309 2069 412 2113 dare
445 2077 706 2128 potestatem
749 2067 877 2110 alicui
911 2082 1035 2111 servo
1065 2083 1164 2122 suo,
1195 2076 1244 2110 ut
1278 2068 1401 2111 daret
1437 2068 1703 2126 baptismum

308 2156 435 2185 suum
458 2149 669 2200 tanquam
691 2139 783 2182 vice
811 2153 909 2192 sua,
937 2147 980 2181 et
1001 2138 1234 2181 transferre
1252 2154 1273 2181 a
1291 2153 1334 2181 se
1357 2137 1603 2197 baptizandi
1624 2154 1702 2197 po-

308 2221 530 2266 testatem,
558 2219 601 2254 et
639 2209 903 2270 constituere
942 2209 987 2251 in
1025 2208 1172 2268 aliquo
1196 2224 1317 2253 servo
1341 2224 1418 2253 suo
1437 2244 1447 2259 ‚
1473 2219 1516 2253 et
1535 2218 1701 2253 tantam

309 2283 395 2326 vim
418 2283 521 2326 dare
543 2282 759 2341 baptismo
784 2279 992 2324 translato
1014 2279 1060 2322 in
1082 2295 1272 2335 servum,
1293 2289 1501 2339 quantam
1523 2281 1607 2324 vim
1626 2281 1701 2324 lia-

309 2355 432 2397 beret
457 2354 696 2412 baptismus
718 2352 845 2395 datus
868 2367 891 2394 a
914 2350 1115 2394 Domino.
1151 2353 1244 2394 Hoc
1274 2350 1416 2394 noluit
1436 2351 1555 2405 ideo,
1582 2360 1632 2395 ut
1654 2352 1698 2394 in

308 2424 383 2468 illo
411 2440 505 2483 spes
531 2433 638 2467 esset
670 2423 985 2482 baptizatorum
1003 2456 1013 2475 ,
1047 2438 1069 2465 a
1098 2437 1186 2481 quo
1215 2437 1258 2465 se
1282 2422 1519 2481 baptizatos
1542 2437 1699 2479 agnos--

307 2506 468 2540 cei-ent.
495 2495 645 2541 Noluit
666 2509 766 2552 ergo
791 2509 962 2538 servum
974 2509 1134 2553 ponere
1144 2508 1265 2552 spem
1281 2494 1324 2537 in
1346 2509 1485 2538 servo.
1504 2492 1699 2553 Ideoque

359 2589 364 2603 ¹
388 2583 458 2612 lsai.
482 2592 532 2622 xi„
551 2582 581 2612 3.
