1819 3301
337 248 417 286 368
748 258 780 288 s.
818 260 1051 288 Aucnsnm
1084 260 1266 288 zmscom

331 329 443 372 Cum
476 327 764 387 negligentius
803 337 979 387 agerent
1010 327 1229 387 praepositi
1260 326 1492 382 Ecclesiae,
1523 337 1597 372 aut
1620 343 1722 372 cum

330 397 638 443 dormitionem
655 399 804 443 mortis
823 399 1069 458 acciperent
1090 397 1313 457 Apostoli,
1329 399 1449 442 venit
1465 397 1664 443 diabolus
1679 407 1723 443 et

330 471 688 530 superseminavit
719 486 790 514 eos
809 504 820 524 ‚
847 486 956 531 quos
978 469 1114 515 malos
1141 469 1251 515 filios
1277 470 1488 515 Dominus
1508 470 1723 530 interpre-

330 551 461 587 tatur.
490 543 574 587 Sed
597 551 711 586 recte
735 542 960 602 quaeritur,
987 551 1136 586 utrum
1163 542 1358 586 haeretici
1386 542 1498 597 sint,
1529 557 1584 586 an
1611 541 1724 586 male

328 615 522 659 viventes
545 613 761 659 catholici.
786 617 973 660 Possunt
1005 615 1122 659 enim
1144 613 1230 659 dici
1253 613 1331 658 filii
1348 613 1450 658 mali
1478 614 1608 658 etiam
1634 614 1725 657 hae-

331 686 477 740 retici,
498 686 600 745 quia
623 701 675 729 ex
703 686 857 730 eodem
879 686 1101 744 Evangelii
1118 685 1284 730 semine
1306 694 1350 730 et
1371 684 1530 730 Christi
1548 685 1725 730 nomine

331 757 567 816 procreati,
597 757 739 816 pravis
768 757 1048 817 opinionibus
1084 756 1138 801 ad
1175 755 1281 801 falsa
1312 755 1515 815 dogmata
1539 771 1724 800 conver-

330 837 501 872 tuntur.
545 827 629 872 Sed
661 827 781 888 quod
814 828 919 873 dicit
951 844 1023 873 eos
1047 828 1092 871 in
1127 827 1271 872 medio
1309 827 1438 871 tritici
1460 827 1721 882 seminatos,

330 899 451 958 quasi
471 898 676 942 videntur
692 898 754 942 illi
772 899 997 958 significari
1017 899 1092 960 qui
1109 899 1237 942 unius
1251 898 1570 943 communionis
1596 907 1722 942 sunt:

331 979 634 1014 verumtamen
667 971 874 1029 quoniam
904 970 1114 1014 Dominus
1147 984 1297 1026 agrum
1326 969 1492 1028 ipsum,
1519 984 1608 1013 non
1640 971 1727 1013 Ee-

331 1041 503 1085 clesiam
523 1077 533 1095 ,
562 1039 636 1084 sed
658 1041 777 1085 hunc
810 1037 1027 1084 mun‘dum
1060 1040 1368 1099 interpretatus
1389 1049 1484 1093 est,
1521 1039 1632 1083 bene
1655 1039 1726 1082 in-

331 1111 591 1171 telliguntur
624 1112 838 1166 haeretici,
877 1112 977 1172 quia
1016 1127 1105 1156 non
1128 1112 1331 1155 societate
1359 1110 1490 1153 unius
1524 1109 1728 1154 Ecclesiae

331 1183 401 1228 vel
423 1185 551 1227 unius
579 1183 702 1239 fidei,
728 1183 804 1227 sed
828 1184 1032 1227 societate
1054 1181 1184 1226 solius
1212 1181 1399 1226 nominis
1422 1180 1655 1225 Christiani
1682 1181 1729 1224 in

331 1255 416 1298 hoc
438 1253 605 1298 mundo
624 1254 938 1314 permiscentur
962 1253 1086 1297 bonis
1115 1272 1123 1298 ;
1150 1262 1199 1296 ut
1221 1252 1284 1296 illi
1303 1252 1378 1312 qui
1401 1252 1447 1295 in
1469 1250 1622 1295 eadem
1642 1249 1729 1294 fide

331 1325 435 1369 mali
463 1334 588 1379 sunt,
624 1325 748 1384 palca
781 1325 926 1384 potius
959 1339 1091 1384 quam
1114 1324 1274 1367 zizania
1298 1323 1567 1382 deputentur
1592 1341 1600 1366 :
1627 1321 1730 1382 quia

332 1396 455 1455 palea
484 1399 613 1440 etiam
641 1395 980 1439 fundamentum
1008 1396 1150 1454 ipsum
1182 1393 1316 1437 habet
1349 1408 1449 1437 cum
1478 1391 1726 1447 frumento,

333 1468 614 1527 radicemque
636 1482 931 1511 communem.
960 1469 1011 1510 In
1028 1465 1101 1509 illa
1126 1464 1253 1525 plane
1286 1479 1465 1522 sagena,
1507 1480 1594 1523 qua
1621 1478 1729 1507 con-

334 1538 575 1583 cluduntur
627 1547 669 1581 et
702 1537 805 1581 mali
850 1547 892 1581 et
926 1537 1031 1581 boni
1064 1536 1232 1596 pisces,
1266 1551 1355 1579 non
1394 1533 1581 1579 absurde
1626 1533 1728 1577 mali

333 1608 535 1653 catholici
558 1607 860 1665 intelliguntur
885 1610 914 1651 ¹.
942 1607 1076 1651 Aliud
1097 1616 1161 1650 est
1183 1606 1298 1650 enim
1317 1621 1450 1661 mare,
1482 1603 1603 1665 quod
1637 1620 1730 1648 ma-

336 1680 397 1738 gis
420 1678 637 1723 mundum
660 1679 789 1723 istum
820 1678 1033 1737 significat
1058 1697 1067 1723 ε
1094 1677 1215 1722 aliud
1246 1691 1400 1735 sagena
1417 1712 1427 1732 ,
1463 1692 1562 1735 quae
1600 1675 1730 1719 unius

334 1751 436 1794 fidei
455 1751 524 1795 vel
543 1750 671 1794 unius
691 1748 896 1794 Ecclesiae
918 1748 1274 1793 communionem
1294 1747 1468 1791 videtur
1481 1746 1725 1791 ostendere.

336 1824 456 1865 Inter
484 1822 710 1865 haereticos
750 1828 793 1864 et
829 1819 965 1864 malos
1007 1819 1243 1864 catholicos
1267 1818 1350 1862 hoc
1381 1818 1581 1872 interest,
1608 1815 1729 1878 quod

335 1892 528 1936 haeretici
551 1890 653 1935 falsa
679 1890 865 1935 credunt
880 1925 891 1945 ,
916 1889 978 1934 illi
997 1899 1144 1934 autem
1170 1904 1271 1933 vera
1297 1887 1523 1933 credentes
1545 1903 1635 1932 non
1658 1887 1726 1931 vi·-

334 1972 446 2007 vunt
468 1964 526 2007 ita
548 1972 598 2007 ut
618 1962 819 2006 credunt.

396 2037 454 2078 II.
483 2033 601 2079 Solet
623 2042 769 2078 autem
792 2033 921 2076 etiam
942 2031 1106 2091 quaeri,
1143 2030 1403 2075 schismatici
1426 2029 1533 2089 quid
1559 2029 1614 2072 ab
1638 2029 1730 2072 hae-

334 2105 476 2149 reticis
494 2104 655 2149 distent
672 2139 682 2160 ,
704 2113 747 2148 et
763 2104 847 2148 hoc
864 2102 1049 2147 inveniri
1065 2102 1184 2162 quod
1203 2100 1494 2146 schismaticos
1513 2115 1600 2143 non
1621 2098 1729 2144 fides

334 2175 501 2220 diversa
540 2175 690 2230 faciat,
723 2173 797 2219 sed
834 2172 1154 2218 communionis
1190 2172 1383 2230 disrupta
1413 2170 1607 2215 societas.
1644 2168 1729 2214 Sed

335 2256 483 2291 utrum
508 2248 619 2291 inter
643 2247 802 2290 zizania
818 2242 1076 2289 numerandi
1098 2243 1206 2297 sint,
1233 2242 1425 2286 dubitari
1448 2250 1603 2301 potest.
1629 2243 1727 2285 Ma-

335 2319 396 2376 gis
419 2328 564 2363 autem
587 2318 793 2363 videntur
820 2316 945 2376 spicis
975 2314 1188 2373 corruptis
1220 2329 1307 2357 esse
1331 2312 1554 2357 similiores
1570 2348 1581 2368 ,
1617 2312 1728 2356 sicut

340 2409 357 2430 υ
384 2392 590 2450 scriptum
606 2399 668 2433 est
691 2408 699 2433 ε
722 2392 865 2433 Vento
883 2397 1028 2431 autem
1047 2394 1352 2445 corrumpetur
1365 2385 1479 2428 filius
1492 2384 1669 2443 iniquus
1685 2384 1723 2428 ²:

337 2460 402 2504 vel
422 2461 552 2519 paleis
566 2461 793 2504 aristarum
809 2458 952 2503 fractis
965 2493 976 2513 ,
988 2457 1057 2502 vel
1071 2457 1206 2501 scissis
1224 2465 1267 2500 et
1284 2455 1339 2500 de
1356 2464 1499 2514 segete
1513 2453 1723 2513 abruptis,

337 2533 433 2584 Quo
451 2533 567 2576 enim
591 2531 764 2576 altiores
781 2566 792 2586 ,
812 2530 855 2575 id
878 2540 962 2585 est,
983 2529 1255 2589 superbiores
1273 2563 1284 2583 ,
1311 2543 1362 2573 eo
1383 2526 1645 2587 fragiliores,
1662 2525 1727 2570 le-

383 2625 391 2640 ¹
410 2618 520 2651 Matth.
543 2629 596 2660 ιιι,
618 2616 671 2660 47.
694 2635 733 2640 —-
758 2624 768 2639 ⁷
784 2619 856 2659 Sap.
880 2615 972 2657 iv,s3.
