1819 3301
288 302 343 328 DE
374 301 584 328 CONSENSU
616 297 1032 336 EVANGEms'i-ARUM,
1068 299 1149 325 Lus.
1186 299 1252 325 111.
1402 288 1455 326 75

16 395 17 427 3
80 383 101 407 >›
135 379 256 409 more
278 374 423 408 autem
445 365 535 424 ejus
557 363 749 407 exterriti
771 371 872 407 sunt
891 360 1091 406 custodes
1111 395 1122 416 ,
1153 369 1196 404 et
1220 359 1323 405 facti
1356 371 1458 406 sunt

16 434 17 482 ᾖ
79 452 101 476 »
135 433 257 478 velut
286 433 463 477 mortui.
488 432 770 491 Respondens
794 441 939 475 autem
954 429 1146 489 Angelus
1164 428 1272 473 dixit
1298 430 1456 473 mulie-

14 528 15 558 3
77 520 98 544 »
133 503 253 546 ribus
276 522 284 547 :
310 502 453 547 Nolite
490 503 641 545 timere
662 517 738 546 vos
766 520 775 545 z
804 502 891 545 scio
913 501 1028 544 enim
1061 499 1180 560 quod
1213 502 1359 543 Jesum
1381 500 1457 559 qui

13 590 15 623 ᾗ
77 589 99 613 »
133 572 363 616 crucifixus
397 580 483 623 est,
517 570 707 630 quaeritis
736 590 743 614 :
770 586 859 613 non
892 579 955 613 est
990 570 1086 624 hic,
1125 569 1307 613 surrexit
1341 569 1457 611 enim

9 664 14 701 4
76 658 98 682 ³)
131 641 242 684 sieut
274 639 381 684 dixit
406 660 414 684 :
449 641 593 684 venite
611 675 621 693 ,
646 649 689 683 et
718 640 861 684 videte
890 639 1035 682 locum
1065 639 1143 682 ubi
1175 638 1340 698 positus
1366 647 1458 683 erat

75 728 96 752 »
131 711 339 755 Dominus
352 731 362 767 3
378 719 420 754 et
433 712 519 754 cito
532 719 698 765 euntes,
711 709 841 753 dicite
851 708 1076 767 Discipulis
1090 710 1195 768 ejus,
1207 709 1307 768 quia
1321 723 1456 751 surre-

9 789 13 826 :¹
74 797 95 820 »
130 780 215 837 xit3
234 788 276 823 et
299 795 397 823 ecce
412 779 618 838 praecedit
636 794 711 823 vos
725 779 771 822 in
786 778 1023 832 Gulussam,
1036 778 1095 821 ibi
1113 793 1213 821 eum
1230 778 1454 835 videbitis,

6 850 11 902 ξ
74 867 95 891 »
130 865 229 893 ecce
250 849 337 893 dixi
358 850 524 893 vobis1.
554 868 573 890 »
602 850 713 893 Huic
734 853 906 893 Marcus
928 852 1181 892 consonat2.
1212 849 1295 892 Sed
1318 857 1457 907 potest

8 928 10 931 ’
71 934 273 974 movere,
306 918 528 978 quomodo
557 919 797 963 secundum
826 919 1084 962 'Matthaeum
1116 918 1306 975 Angelus
1329 932 1457 976 super

70 987 260 1047 lapidem
283 988 462 1031 sedebat
488 987 732 1031 revolutum
756 1004 779 1031 a
797 996 1083 1031 monumento
1110 1006 1118 1031 :
1144 990 1317 1031 Marcus
1339 987 1455 1029 enim

2 1047 4 1094 [
70 1057 340 1101 introeuntes
359 1071 429 1099 eas
450 1056 495 1099 in
517 1065 852 1099 monumentum
874 1056 979 1099 dicit
1000 1056 1154 1099 vidisse
1169 1057 1375 1115 juvenem
1390 1070 1457 1098 se-

69 1125 245 1170 dentem
259 1127 304 1170 in
319 1126 479 1170 dextris
494 1135 746 1184 coopertum
763 1125 871 1169 stola
886 1126 1086 1175 candida,
1098 1135 1140 1169 et
1154 1126 1427 1184 obstupuisse
1443 1145 1452 1171 ς

2 1195 4 1242 ᾖ
69 1196 150 1239 nisi
171 1194 462 1253 intelligamus
503 1204 578 1238 aut
596 1195 854 1239 Matthaeum
884 1195 1068 1238 tacuisse
1098 1195 1153 1238 de
1170 1194 1246 1238 illo
1269 1194 1451 1251 Angelo,

70 1280 200 1324 quem
227 1266 438 1309 intrantes
460 1263 686 1322 viderunt,
710 1268 906 1309 Marcum
930 1280 1033 1309 vero
1070 1264 1124 1307 de
1145 1263 1220 1308 illo
1243 1264 1425 1308 tacuisse
1442 1299 1453 1320 ,

1 1347 3 1351 ’
68 1350 201 1394 quem
230 1334 333 1378 foris
362 1334 567 1379 viderunt
602 1334 824 1378 sedentem
858 1350 988 1393 super
1020 1334 1207 1393 lapidem
1230 1369 1240 1389 ,
1275 1343 1325 1377 ut
1347 1334 1455 1377 duos

67 1404 256 1448 viderint
273 1439 285 1458 ,
310 1413 354 1448 et
371 1420 394 1447 a
414 1404 587 1448 duobus
609 1403 856 1461 singillatim
880 1404 1096 1448 audierint
1128 1420 1228 1463 quae
1252 1403 1456 1447 dixerunt

68 1473 221 1531 Angeli
239 1473 293 1517 de
305 1476 422 1528 Jesu,
444 1475 561 1533 prius
586 1475 640 1518 ab
654 1474 729 1518 illo
747 1489 878 1533 quem
897 1474 1000 1518 foris
1014 1473 1218 1517 viderunt
1233 1473 1453 1517 sedentem

68 1558 196 1602 super
215 1543 403 1602 lapidem
419 1578 430 1598 ,
455 1544 616 1588 deinde
638 1545 693 1587 ab
718 1544 793 1588 illo
815 1560 944 1603 quem
966 1545 1168 1588 viderunt
1187 1544 1396 1587 intrantes
1409 1544 1454 1586 in

66 1623 398 1656 monumentum
423 1613 643 1657 sedentem
669 1630 692 1657 a
714 1613 890 1668 dextris,
906 1630 995 1673 quo
1018 1624 1067 1657 ut
1088 1614 1315 1667 intrarent,
1338 1614 1454 1657 ςΗίιιε

67 1683 143 1742 qui
163 1681 265 1726 foris
282 1682 460 1727 sedebat
471 1683 615 1727 verbis
627 1684 867 1737 exhortatae
889 1693 990 1726 sunt
1011 1683 1216 1727 dicentis:
1239 1703 1257 1724 «
1277 1684 1447 1737 Venite,

70 1769 90 1793 »
125 1760 168 1795 et
186 1751 328 1795 videte
349 1750 495 1795 locum
513 1752 590 1795 ubi
603 1753 764 1810 positus
777 1761 871 1801 ,erat
886 1753 1097 1796 Dominus
1114 1772 1121 1796 :
1144 1760 1267 1812 »quo
1281 1752 1452 1796 venien-

66 1830 150 1875 tes,
190 1829 239 1863 ut
271 1821 437 1863 dictum
459 1830 550 1875 est,
588 1830 631 1864 et
662 1822 872 1864 intrantes
894 1821 1098 1865 viderunt
1123 1837 1246 1875 eum,
1282 1820 1336 1864 de
1364 1836 1453 1880 quo

66 1890 298 1951 Matthaeus
318 1898 454 1943 tacet,
480 1893 651 1933 Marcus
673 1900 819 1933 autern
839 1889 1035 1949 loquitur
1063 1890 1286 1933 sedentem
1309 1906 1331 1933 a
1355 1889 1453 1933 dex-

65 1960 142 2004 tris
162 1994 173 2014 ,
198 1975 221 2003 a
243 1974 330 2018 quo
357 1958 459 2002 talia
477 1959 674 2002 similiter
695 1959 942 2003 audierunt.
972 1963 1060 2004 Aut
1093 1969 1208 2003 certe
1242 1960 1453 2004 intrantes

65 2029 110 2073 in
123 2031 509 2073 monumentumin
522 2028 664 2089 aliqua
677 2038 795 2088 septa
807 2031 1001 2073 maceriae
1015 2030 1223 2073 debemus
1236 2030 1449 2088 accipere,

64 2115 150 2159 qua
171 2099 491 2143 communitum
506 2097 653 2143 locum
667 2109 772 2143 tunc
789 2098 918 2143 fuisse
937 2100 1143 2144 credibile
1161 2110 1223 2143 est
1242 2100 1286 2143 in
1302 2099 1449 2158 aliquo

63 2169 200 2227 spatio
223 2177 323 2212 ante
344 2177 510 2227 petram
525 2203 535 2222 ,
563 2185 648 2227 qua
667 2170 806 2213 excisa
827 2168 947 2213 locus
970 2169 1110 2213 factus
1132 2169 1274 2212 fuerat
1298 2168 1447 2226 sepul-

62 2247 192 2282 turae:
210 2247 262 2282 ut
272 2239 415 2297 ipsum
423 2238 612 2282 viderint
625 2239 669 2283 in
685 2239 838 2282 eodem
851 2240 987 2298 spatio
999 2239 1221 2283 sedentem
1231 2254 1253 2281 a
1267 2238 1445 2293 dextris,

0 2325 1 2339 ¹
59 2322 191 2367 quem
203 2307 308 2352 dicit
319 2308 552 2353 Matthaeus
566 2307 790 2351 sedentem
807 2324 935 2367 super
947 2309 1155 2367 lapidem,
1172 2322 1306 2367 quem
1319 2316 1448 2351 terrae

0 2401 1 2407 =
56 2387 181 2422 motu
203 2377 259 2421 ab
280 2379 389 2422 ostio
406 2378 679 2422 monumenti
702 2378 957 2434 revolverat,
984 2379 1028 2422 id
1042 2387 1120 2433 est,
1142 2394 1164 2421 a
1184 2377 1282 2421 loco
1297 2376 1444 2436 sepul-

0 2459 2 2486 ὲ
56 2448 139 2502 cri,
163 2447 283 2506 quod
306 2448 515 2492 effossum
539 2456 632 2492 erat
654 2447 702 2491 in
721 2457 859 2507 petra.

114 2519 269 2562 LXIV.
285 2521 395 2562 Item
407 2519 543 2578 quaeri
561 2527 702 2578 potest
718 2517 1093 2578 quemadmodum
1106 2519 1278 2561 Marcus
1291 2516 1411 2560 dicat
1437 2535 1446 2561 ε

102 2606 112 2622 ¹
131 2600 250 2632 Matth.
276 2610 390 2641 xxvm,
413 2600 500 2633 1-15.
519 2618 560 2624 —-
576 2608 589 2624 2
608 2602 708 2634 Marc.
730 2612 795 2640 xw,
819 2612 915 2633 1—11.
