1819 3301
314 222 397 260 422
750 234 783 261 s.
821 235 1052 261 aucus-nm
1086 234 1264 260 Et’lscom

313 299 401 343 lam
412 299 540 343 traxit
552 299 966 359 concupiscentiam.
981 300 1139 352 Homo,
1158 307 1201 342 et
1216 299 1349 343 homo
1361 318 1372 344 ι
1382 299 1514 344 homo
1527 299 1581 344 ad
1593 316 1687 345 mor

312 379 423 425 tem,
450 378 492 412 et
508 370 641 413 homo
665 370 718 412 ad
741 369 888 412 vitam.
918 368 986 412 Sic
1012 367 1117 411 dicit
1151 367 1410 428 Apostolus,
1442 389 1461 410 «
1486 370 1702 422 Quoniam

315 458 336 482 n»
372 439 550 501 quidem
573 455 648 499 per
671 438 894 482 hominem
916 453 1031 482 mors
1049 473 1060 492 ,
1081 447 1124 482 et
1142 453 1219 498 per
1240 439 1462 483 hominem
1485 456 1703 485 resurrec—

315 530 335 553 »
371 511 432 555 tio
464 511 779 554 mortuorum&
807 528 825 549 »
863 512 944 552 Per
975 524 1107 569 quem
1136 509 1360 553 hominem
1388 526 1526 565 mors,
1552 520 1595 555 et
1626 527 1704 571 per

311 597 443 642 quem
465 582 698 631 hominem
718 580 974 623 resurrectio
1003 582 1305 623 mortuorum?
1328 580 1425 624 Noli
1463 580 1665 626 festinare
1691 602 1700 626 :

311 652 534 712 sequitur,
560 663 599 694 et
621 650 726 695 dicit
752 671 760 694 2
791 671 810 692 «
837 651 958 695 Sicut
979 651 1097 694 enim
1120 651 1162 694 in
1185 650 1323 694 Adam
1342 667 1491 695 omncs
1511 653 1708 697 moriun-

316 742 334 764 ι)
371 732 468 777 tur,
506 723 565 766 sic
601 731 642 766 et
680 723 724 766 in
758 723 930 767 Christo
962 738 1111 766 omnes
1143 722 1484 767 vivificabuntur
1506 727 1537 767 2.
1568 743 1586 764 η
1620 724 1708 777 Qui

311 795 532 854 pertinent
550 793 604 837 ad
626 793 794 838 Adam?
812 808 962 837 omnes
985 794 1060 852 qui
1083 794 1286 851 natisunt
1304 792 1358 837 de
1371 795 1526 838 Adam.
1543 795 1629 848 Qui
1652 795 1708 839 ad

312 864 566 910 Christum?
583 879 733 908 omnes
748 865 823 924 qui
836 864 926 914 nati
941 873 1042 907 sunt
1057 880 1132 923 per
1150 864 1388 908 Christum.
1405 866 1548 917 Quare
1558 881 1707 909 omncs

312 937 524 996 peccato?
558 936 661 995 quia
695 951 822 979 nemo
846 945 971 979 natus
1004 946 1066 979 est
1104 945 1261 994 praeter
1288 935 1444 979 Adam.
1479 938 1536 980 Ut
1561 945 1707 980 autem

311 1015 594 1050 nascerentur
628 1022 678 1049 ex
702 1005 840 1049 Adam
863 1041 872 1060 ,
900 1005 1163 1049 necessitatis
1188 1004 1271 1048 fuit
1308 1022 1360 1049 ex
1389 1005 1669 1050 damnatione
1695 1026 1704 1050 :

311 1077 430 1121 nasci
449 1091 527 1136 per
548 1076 792 1130 Christum,
821 1075 1056 1120 voluntatis
1078 1085 1142 1119 est
1164 1085 1207 1119 et
1225 1079 1388 1134 gratiae.
1420 1079 1518 1121 Non
1539 1091 1708 1134 cogun-

312 1157 385 1192 tur
412 1148 608 1192 homines
647 1147 763 1191 nasci
786 1163 863 1206 per
889 1147 1111 1191 Christum
1143 1167 1150 1190 :
1183 1162 1273 1190 non
1304 1147 1406 1206 quia
1444 1146 1705 1203 voluerunt,

312 1219 403 1262 nati
427 1228 530 1262 sunt
547 1233 596 1261 ex
616 1217 771 1261 Adam.
793 1219 954 1261 Omnes
978 1226 1124 1260 tamen
1148 1217 1294 1277 quiex
1317 1216 1473 1272 Adam,
1490 1233 1590 1261 cum
1609 1233 1710 1277 pec-

313 1298 411 1333 cato
445 1297 694 1347 peccatores
722 1307 729 1331 :
755 1303 905 1331 omnes
932 1287 1008 1347 qui
1044 1303 1121 1346 per
1143 1286 1389 1341 Christum,
1409 1288 1634 1347 justificati
1667 1298 1710 1332 et

309 1360 431 1420 justi,
449 1375 537 1402 non
555 1359 602 1401 in
619 1374 678 1413 se,
698 1358 772 1402 sed
789 1359 833 1401 in
857 1358 948 1402 illo.
970 1362 1079 1403 Nam
1103 1359 1147 1401 in
1166 1374 1210 1402 se
1235 1358 1268 1401 si
1291 1359 1545 1418 interroges,
1569 1356 1709 1403 Adam

314 1441 417 1475 sunt
446 1450 453 1474 ε
480 1431 525 1474 in
548 1430 622 1474 illo
645 1430 678 1474 si
710 1431 967 1489 interroges,
985 1430 1147 1475 Christi
1169 1440 1284 1474 sunt.
1313 1433 1482 1484 Quare?
1504 1432 1614 1485 Quia
1637 1430 1710 1475 ille

315 1511 448 1561 caput
471 1501 680 1544 Dominus
704 1509 851 1544 noster
874 1503 997 1544 Jesus
1020 1500 1217 1545 Christus
1237 1536 1247 1553 ‚
1274 1516 1362 1544 non
1398 1517 1499 1545 cum
1531 1503 1710 1546 traduce

314 1572 481 1633 peccati
505 1572 624 1615 venit
645 1591 653 1615 ;
676 1572 752 1615 sed
777 1581 922 1615 tamen
944 1572 1063 1615 venit
1085 1588 1186 1616 cum
1216 1587 1346 1615 carne
1369 1573 1559 1616 mortali,

372 1645 499 1687 XIII.
522 1644 638 1686 Mors
659 1651 937 1701 peccatorum
961 1658 1090 1701 poena
1115 1652 1205 1686 erat
1231 1662 1240 1686 z
1266 1642 1312 1685 in
1336 1644 1522 1687 Domino
1551 1659 1711 1688 munus

315 1710 622 1756 misericordiae
645 1721 737 1755 erat
753 1747 763 1766 ,
800 1728 888 1755 non
913 1728 1040 1770 poena
1076 1712 1254 1773 peccati.
1282 1715 1379 1757 Non
1406 1713 1522 1757 enim
1545 1713 1722 1774 aliquid-

316 1782 508 1827 habebat
531 1782 741 1825 Dominus
763 1798 897 1841 quare
909 1783 1025 1842 juste
1051 1792 1304 1826 moreretur.
1329 1787 1423 1842 Ipse
1442 1785 1500 1827 ait
1522 1804 1532 1829 2
1562 1787 1711 1829 «Ecce

319 1873 339 1895 »
376 1853 496 1897 venit
528 1854 726 1910 princeps
751 1853 880 1911 hujus
907 1853 1081 1907 mundi,
1111 1863 1153 1897 et
1177 1854 1219 1896 in
1243 1869 1310 1896 me
1333 1853 1443 1897 nihil
1471 1855 1651 1898 invenit.
1688 1874 1706 1895 υ

317 1929 457 1977 Quare
476 1939 577 1981 ergo
603 1924 814 1966 moreris?
841 1922 923 1967 Sed
948 1934 995 1967 ut
1017 1925 1153 1968 sciant
1172 1939 1341 1978 omnes,
1380 1925 1482 1984 quia
1508 1925 1712 1969 volunta-

319 2013 339 2035 »
375 2003 464 2037 tem
487 1993 623 2036 Patris
647 1993 731 2035 mei
748 1992 879 2047 facio,
907 1996 1083 2051 surgite,
1113 2010 1261 2038 eamus
1290 1994 1432 2038 hincss.
1463 2015 1481 2035 >›
1509 1998 1605 2040 Non
1634 1997 1713 2040 ha-

315 2064 446 2108 bebat
478 2062 551 2105 ille
589 2078 722 2122 quare
752 2073 994 2106 moreretur
1014 2099 1024 2118 ‚
1057 2074 1099 2107 et
1137 2074 1333 2107 mortuus
1364 2074 1427 2107 est
1464 2085 1470 2108 :
1500 2075 1547 2108 tu
1576 2065 1710 2110 habes

315 2150 453 2194 quare
474 2169 484 2188 ,
511 2142 554 2176 et
573 2133 684 2176 mori
705 2132 981 2191 dedignaris?
1005 2135 1192 2192 Dignare
1212 2151 1340 2194 {equo
1355 2135 1500 2179 animo
1521 2137 1612 2195 pati
1633 2152 1712 2196 per

316 2204 520 2248 meritum
542 2213 690 2258 tuum,
711 2204 831 2263 quod
853 2203 926 2247 ille
950 2204 1038 2263 pati
1067 2205 1271 2261 dignatus
1301 2214 1384 2260 est,
1416 2215 1465 2249 ut
1487 2215 1529 2250 te
1551 2223 1574 2250 a
1595 2222 1710 2250 sem-

317 2275 485 2334 piterna
519 2283 659 2317 morte
693 2273 911 2316 liberaret.
940 2276 1103 2329 Homo,
1130 2283 1172 2317 et
1208 2275 1341 2319 homo
1368 2275 1474 2319 :sed
1495 2275 1568 2320 ille
1594 2293 1709 2321 non-

315 2345 395 2388 nisi
418 2346 569 2399 homo,
590 2345 669 2388 iste
685 2347 798 2389 Deus
817 2346 963 2389 homo.
980 2344 1059 2388 Ille
1078 2346 1209 2389 homo
1234 2347 1415 2404 pcccati,
1436 2347 1515 2391 iste
1530 2339 1709 2407 justitiae

315 2419 516 2460 Mortuus
543 2432 586 2459 es
614 2416 658 2458 in
688 2415 849 2471 Adam,
883 2431 1055 2473 resurge
1088 2417 1133 2459 in
1159 2417 1332 2460 Christo
1362 2437 1370 2462 :
1398 2434 1498 2461 nam
1534 2428 1708 2463 utrum—

315 2502 400 2545 que
436 2487 622 2530 debetur
664 2486 759 2529 tibi.
798 2488 893 2529 Jam
926 2485 1146 2531 credidisti
1186 2487 1231 2529 in
1268 2488 1511 2544 Christum,
1550 2489 1705 2534 reddes

369 2588 377 2602 ¹
406 2594 415 2612 1
443 2584 514 2614 Cor.
536 2593 592 2623 xv,
613 2591 667 2614 21.
683 2599 725 2605 -—
741 2582 853 2613 ²1bid.
873 2591 926 2614 22.
945 2599 987 2606 --
1007 2581 1215 2623 3Joan.x1v‚
1238 2582 1292 2623 30,
1312 2584 1368 2614 31.
