1819 3301
321 306 405 346 266
755 322 787 347 s.
824 318 1054 347 Avens-rim
1087 319 1268 347 Emscom

320 386 545 430 ambulare
561 388 667 447 jam,
693 386 762 431 vel
783 387 909 430 etiam
936 401 1109 429 currere
1131 395 1289 445 potest,
1323 387 1356 430 si
1381 402 1457 446 per
1478 388 1603 432 devia
1635 389 1709 434 iti-

319 472 423 500 nera
445 457 674 501 erraverit?
698 456 939 501 secundum
962 465 1026 500 est
1049 471 1168 514 ergo,
1191 465 1240 500 ut
1263 456 1455 501 inveniat
1473 458 1590 501 viam
1611 474 1710 518 quae

320 527 442 571 ducit
460 544 510 571 eo
533 543 621 585 quo
645 526 739 570 vult
763 526 989 585 pervenire
1013 545 1021 570 :
1043 542 1174 586 quam
1194 543 1294 571 cum
1316 528 1526 582 tenuerit,
1547 537 1589 572 et
1610 544 1710 588 per-

318 600 485 643 venerit
508 598 561 641 ad
585 613 684 640 cum
707 598 849 655 ipsum
872 596 1036 652 locum,
1062 598 1139 641 ubi
1163 598 1359 642 habitare
1387 598 1504 653 vult,
1530 599 1563 642 si
1586 599 1707 643 clau-

320 685 413 713 sum
434 668 661 722 invenerit,
680 683 821 727 neque
840 667 1065 710 ambulare
1080 668 1286 727 potuisse,
1308 684 1451 728 neque
1470 668 1710 714 ambulasse

320 755 368 782 ac
394 738 637 797 pervenisse
665 737 896 797 profuerit,
923 738 1001 782 nisi
1025 740 1265 798 aperiatur3
1291 740 1345 783 ad
1376 741 1460 784 hoc
1483 756 1586 799 ergo
1609 756 1710 800 per-

319 809 428 854 tinet
445 808 565 868 quod
582 809 747 852 dictum
771 818 834 853 est
854 829 862 853 ε
897 828 916 850 «
942 809 1116 853 Pulsate
1137 813 1166 853 ¹.
1195 829 1214 852 »

379 883 582 924 LXXIII.
605 883 808 939 Magnam
828 890 973 924 autem
992 896 1111 940 spem
1134 881 1255 925 dedit
1271 890 1315 925 et
1335 881 1410 925 dat
1428 880 1501 925 ille
1518 883 1594 941 qui
1615 897 1710 941 pro-

318 950 533 995 mittendo
559 967 648 995 non
670 951 860 1011 decipit3
887 952 945 995 ait
983 952 1099 995 enim
1121 971 1131 997 ;
1161 952 1350 995 «Omnis
1375 952 1452 1012 qui
1475 952 1584 1011 petit
1604 953 1712 997 acci-

322 1039 342 1062 »
378 1023 465 1081 pit,
488 1031 531 1066 et
548 1023 624 1082 qui
647 1022 804 1082 quaerit
820 1023 1003 1077 invenit,
1026 1031 1069 1066 et
1085 1021 1277 1082 pulsanti
1295 1023 1528 1082 aperietur.
1552 1040 1573 1063 »
1594 1025 1711 1081 Ergo

317 1095 637 1153 perseverantia
660 1110 769 1153 opus
801 1103 891 1148 est,
927 1103 977 1138 ut
1000 1095 1259 1154 accipiamus
1285 1094 1406 1154 quod
1434 1095 1643 1154 petimus,
1669 1103 1712 1138 et

319 1164 591 1208 inveniamus
614 1164 733 1224 quod
756 1165 1009 1225 quaerimus,
1035 1174 1077 1208 et
1099 1164 1218 1224 quod
1236 1164 1456 1224 pulsamus
1475 1166 1706 1224 aperiatur.

320 1234 702 1288 Quemadmodum
721 1245 865 1278 autem
881 1237 970 1294 egit
993 1235 1047 1279 de
1068 1235 1316 1279 volatilibus
1333 1235 1449 1288 coeli,
1471 1244 1514 1278 et
1537 1234 1591 1278 de
1612 1235 1711 1279 liliis

320 1307 427 1364 agri,
465 1322 520 1350 ne
541 1306 705 1350 victum
729 1306 855 1351 nobis
878 1308 1173 1366 vestitumque
1193 1306 1520 1365 desperaremus
1543 1306 1711 1350 affutu-

320 1391 438 1429 rum,
468 1386 517 1420 ut
544 1393 639 1436 spes
664 1394 686 1421 a
709 1377 950 1420 minoribus
974 1377 1028 1420 ad
1057 1378 1219 1436 majora
1251 1385 1530 1435 consurgeret
1554 1392 1562 1416 :
1588 1377 1646 1420 ita
1670 1386 1713 1421 et

266 1482 270 1486 .
320 1447 404 1490 hoc
425 1446 522 1492 loeo
549 1467 556 1492 :
582 1468 601 1489 «
626 1452 715 1492 Aut
737 1449 834 1508 quis
857 1448 939 1491 erit
961 1463 1011 1491 ex
1031 1447 1155 1491 vobis
1177 1483 1186 1502 ‚
1215 1448 1357 1507 inquit
1373 1482 1383 1502 ‚
1404 1448 1553 1501 homo,
1580 1463 1712 1507 quem

322 1534 342 1558 >›
379 1518 411 1561 si
434 1519 605 1576 petierit
628 1518 740 1562 filius
765 1519 856 1579 ejus
875 1533 1046 1577 panem,
1069 1517 1285 1578 numquid
1310 1517 1497 1577 lapidem
1518 1519 1709 1576 porriget

324 1594 344 1617 »
371 1578 407 1620 ei
419 1579 437 1620 Ρ
449 1588 523 1621 aut
537 1578 568 1621 si
586 1579 741 1637 piscem
758 1578 945 1637 petierit,
960 1576 1177 1637 numquid
1188 1586 1432 1636 serpentem
1446 1577 1637 1635 porriget
1648 1577 1712 1620 ei?

324 1665 344 1689 »
373 1649 415 1692 Si
438 1663 540 1707 ergo
557 1665 649 1704 vos,
681 1665 781 1693 cum
800 1650 888 1693 sitis
911 1649 1031 1703 mali,
1060 1650 1194 1693 nostis
1218 1649 1334 1692 bona
1355 1647 1454 1691 data
1487 1647 1590 1691 dare
1614 1647 1712 1691 filiis

326 1737 343 1759 »
370 1719 520 1762 vestris
537 1740 547 1776 3
565 1730 729 1778 quanto
750 1720 885 1779 magis
901 1723 1027 1763 Pater
1043 1728 1181 1762 vester
1197 1719 1273 1778 qui
1294 1719 1337 1761 in
1355 1717 1474 1761 coelis
1493 1727 1571 1771 est,
1588 1717 1713 1761 dabit

324 1806 343 1829 n
366 1789 481 1832 bona
496 1791 744 1848 petentibus
756 1806 799 1833 se
810 1793 852 1831 2?
865 1809 883 1830 »
897 1788 1128 1840 Quomodo
1142 1788 1243 1831 mali
1258 1788 1364 1831 dant
1377 1788 1488 1831 bona
1503 1786 1613 1832 ‘?Sed
1628 1803 1712 1831 ma-

320 1857 384 1900 los
412 1858 645 1915 appellavit
663 1857 889 1900 dilectores
918 1858 1062 1901 adhuc
1078 1858 1226 1901 saeculi
1245 1858 1372 1917 hujus
1392 1867 1434 1901 et
1448 1856 1709 1916 peccatores.

320 1928 440 1970 Bona
459 1942 559 1970 vero
582 1943 682 1986 quae
705 1927 811 1971 dant
829 1963 839 1982 ,
864 1927 1103 1971 secundum
1129 1944 1280 1972 eorum
1303 1944 1475 1972 sensum
1506 1929 1621 1973 bona
1641 1927 1710 1972 di-

320 1996 456 2040 cenda
480 2007 603 2051 sunt,
631 1998 731 2056 quia
766 1998 859 2041 haec
894 2013 972 2056 pro
1011 1998 1136 2042 nobis
1168 1999 1348 2042 habent.
1387 2003 1645 2058 Quanquam
1669 2008 1711 2042 et

320 2067 366 2110 in
385 2082 526 2110 rerum
552 2077 703 2111 natura
726 2068 802 2111 ista
827 2069 941 2111 bona
956 2070 1056 2123 sint,
1077 2070 1152 2113 sed
1169 2069 1418 2128 temporalia
1448 2079 1491 2113 et
1514 2069 1568 2112 ad
1585 2070 1710 2113 istam

320 2139 452 2182 vitam
487 2138 703 2181 infirmam
740 2138 1000 2197 pertinentia
1027 2158 1035 2182 2
1062 2149 1105 2182 et
1137 2139 1331 2199 quisquis
1353 2155 1401 2183 ea
1436 2139 1575 2183 malus
1607 2139 1706 2195 dat⁷

320 2224 407 2252 non
433 2208 487 2251 de
504 2224 582 2251 suo
605 2208 700 2261 dat,
721 2227 737 2247 «
768 2209 939 2252 Domini
963 2218 1024 2252 ost
1040 2210 1153 2252 enim
1170 2219 1280 2253 terra
1299 2219 1339 2252 et
1358 2209 1587 2269 plenitudo
1599 2211 1706 2269 ejus,

321 2297 340 2320 »
377 2279 453 2338 qui
473 2278 577 2322 secit
605 2278 767 2322 coelum
793 2288 834 2322 et
853 2288 1006 2321 terram
1025 2314 1035 2333 ‚
1076 2295 1192 2322 mare
1221 2289 1264 2323 ct
1287 2280 1430 2323 onmia
1456 2296 1555 2339 quae
1583 2281 1626 2323 in
1649 2281 1708 2324 eis

320 2367 340 2390 »
377 2357 478 2392 sunt
497 2350 527 2392 ³.
559 2368 577 2388 »
606 2351 827 2401 Quantum
851 2365 953 2407 ergo
977 2349 1238 2408 sperandum
1263 2359 1325 2393 est
1347 2350 1553 2393 daturum
1569 2341 1723 2394 Deum*
1777 2345 1782 2350 ’

316 2419 442 2462 nobis
468 2419 578 2462 bona
604 2420 854 2478 petentibus
872 2454 882 2473 7
908 2435 987 2462 nec
1011 2435 1087 2462 nos
1111 2435 1233 2478 posse
1256 2419 1425 2479 decipi,
1455 2429 1501 2463 ut
1523 2421 1707 2479 accipia-

320 2505 414 2532 mus
437 2489 555 2533 aliud
576 2506 652 2548 pro
677 2490 759 2534 alio
781 2525 791 2544 ‚
819 2505 917 2533 eum
937 2490 990 2533 ab
1014 2490 1106 2549 ipso
1132 2491 1316 2549 petimus
1338 2511 1348 2547 3
1373 2490 1550 2550 quando
1574 2492 1703 2534 etiam

367 2590 374 2606 ¹
409 2584 484 2616 Vide
517 2588 655 2617 Reti-act.
683 2585 737 2618 lib.
762 2597 784 2626 1,
812 2596 884 2627 cap.
910 2597 961 2628 19,
981 2596 1011 2617 u⁴
1037 2588 1068 2617 9.
1096 2602 1136 2608 —-
1164 2592 1175 2607 ²
1197 2586 1308 2617 matth.
1332 2596 1504 2627 vn‚9-1i.
1526 2603 1566 2608 —
1589 2584 1602 2608 3
1621 2585 1700 2617 Psal.

320 2649 409 2679 xxiii,
439 2651 469 2679 1,
491 2644 522 2670 et
540 2651 611 2680 xiv,
637 2641 668 2671 6,
