1819 3301
385 305 466 342 108
807 314 840 342 s.
876 312 1108 343 Aneusnm
1140 314 1321 341 muscom

384 398 405 421 »
439 379 662 434 videbitis,
691 397 712 421 »
738 378 783 424 id
805 388 889 434 est,
913 379 974 422 ibi
996 380 1087 438 ejus
1116 378 1311 423 membra
1333 378 1561 424 invenietis
1582 414 1593 434 ,
1618 379 1680 423 ibi
1703 381 1771 425 vi-

381 465 486 494 vum
509 465 666 509 corpus
688 451 780 510 ejus
801 450 845 493 in
863 450 911 493 iis
928 450 1097 509 quivos
1114 449 1382 508 susceperint
1410 451 1662 507 agnoscetis.
1692 452 1767 495 Se·
1818 500 1819 506 χ

381 520 577 565 cundum
593 519 702 564 illud
720 529 865 564 autem
879 519 999 579 quod
1012 519 1188 564 Galilaea
1203 519 1515 580 interpretatur
1528 520 1767 572 Revelatio‚

381 607 469 635 non
487 592 576 651 jam
599 592 644 633 in
668 589 806 635 forma
827 589 938 634 servi
951 589 1280 649 intelligendum
1299 600 1378 644 est,
1396 589 1471 634 sed
1484 591 1668 635 inillain
1685 607 1771 651 qua
1818 611 1819 619 ¹

382 661 562 721 aequalis
586 669 649 704 est
671 661 808 704 Patri1
837 680 845 705 ε
864 676 996 720 quam
1013 660 1211 720 promisit
1227 660 1346 720 apud
1362 664 1574 705 Joannem
1589 661 1772 706 dilecto·
1818 715 1819 718 Ἴ

382 732 500 774 ribus
522 731 633 785 suis,
659 746 760 775 cum
783 729 947 775 diceret
972 751 980 775 z
1001 750 1020 773 «
1046 734 1101 775 Et
1117 746 1196 790 ego
1218 731 1397 790 diligam
1422 747 1544 786 eum,
1570 741 1613 775 et
1627 741 1774 776 osten-
1818 747 1819 796 j

384 820 404 842 »
440 800 540 844 dam
558 816 627 845 me
649 802 792 860 ipsum
813 801 874 844 illi
892 805 924 844 ².
955 804 1091 846 »Non
1114 802 1266 861 utique
1305 801 1545 846 secundum
1574 801 1619 845 id
1650 802 1773 862 quod
1818 818 1819 829 ¹

377 872 467 931 jam
486 871 719 925 videbant,
743 880 785 915 et
801 870 921 931 quod
939 871 1068 915 etiam
1091 886 1317 929 resurgens
1340 887 1441 916 cum
1470 872 1742 916 cicatricibus
1758 907 1769 927 ‚
1818 891 1819 895 ¹

382 953 471 986 non
491 941 632 986 solum
654 941 916 997 videndum,
941 941 1016 986 sed
1045 943 1175 986 etiam
1194 942 1466 1001 tangendum
1491 942 1773 1002 postmodum
1818 970 1819 1005 3

383 1012 595 1057 ostendit3
624 1033 632 1057 :
658 1012 729 1056 sed
761 1013 1003 1057 secundum
1026 1012 1146 1057 illam
1174 1013 1447 1058 ineffabilem
1475 1013 1620 1058 lucem
1638 1049 1648 1069 ,
1688 1030 1774 1074 qua

382 1083 601 1127 illuminat
640 1099 815 1128 omnem
855 1084 1077 1128 hominem
1110 1084 1357 1129 venientem
1397 1085 1442 1128 in
1475 1085 1593 1137 hunc
1640 1099 1773 1128 mun-

383 1154 488 1198 dum
506 1191 515 1208 ‚
537 1155 778 1199 secundum
801 1171 935 1215 quam
956 1155 1074 1200 lucet
1096 1156 1142 1199 in
1160 1156 1371 1210 tenebris,
1393 1165 1436 1199 et
1456 1156 1650 1200 tenebrae
1672 1171 1773 1201 eum

384 1241 472 1270 non
490 1226 910 1285 comprehendunt&
945 1227 1055 1271 Illuc
1082 1243 1159 1271 nos
1193 1228 1434 1286 praecessit,
1462 1226 1580 1270 unde
1609 1226 1664 1270 ad
1695 1242 1774 1271 nos

383 1297 560 1340 veniens
593 1312 682 1341 non
714 1298 906 1352 recessit,
945 1306 988 1341 et
1022 1313 1110 1356 quo
1139 1313 1217 1341 nos
1245 1296 1494 1356 praecedens
1524 1312 1613 1341 non
1653 1296 1775 1340 dese-

385 1367 486 1410 ruit.
526 1366 606 1410 Illa
635 1367 716 1410 erit
744 1367 950 1411 revelatio
984 1376 1193 1427 tanquam
1228 1382 1327 1411 vera
1361 1367 1561 1422 Galilaea,
1594 1383 1694 1410 cum
1717 1368 1773 1410 si—

385 1437 506 1481 miles
528 1438 565 1481 ei
589 1439 773 1495 erimus,
803 1438 864 1482 ibi
887 1454 987 1482 eum
1013 1439 1259 1483 videbimus
1282 1439 1409 1482 sicuti
1435 1448 1498 1483 est
1515 1442 1545 1482 ⁵.
1572 1442 1668 1498 Ipsa
1695 1440 1776 1483 erit

385 1508 514 1551 etiam
548 1509 715 1553 beatior
735 1510 1052 1567 transmigratio
1085 1525 1135 1553 ex
1156 1509 1238 1554 isto
1260 1509 1419 1553 saeculo
1441 1510 1487 1552 in
1505 1509 1624 1553 illam
1648 1519 1776 1553 aeter-

385 1578 588 1633 nitatem,
614 1579 648 1622 si
679 1581 770 1639 ejus
805 1589 1021 1639 praecepta
1054 1580 1112 1624 sic
1145 1579 1482 1639 amplectamur,
1513 1589 1564 1624 ut
1598 1580 1653 1623 ad
1685 1582 1775 1640 ejus

386 1647 605 1691 dexteram
639 1649 849 1707 segregari
880 1665 1135 1694 mereamus.
1177 1653 1298 1693 Tunc
1340 1650 1453 1692 enim
1488 1649 1619 1694 ibunt
1650 1650 1773 1694 sinis-

386 1719 440 1761 tri
482 1719 526 1762 in
570 1720 918 1764 combustionem
953 1729 1182 1775 aeternam,
1221 1721 1326 1780 justi
1371 1730 1516 1765 autem
1556 1720 1603 1764 in
1638 1721 1773 1765 vitam

386 1798 590 1832 aeternam
607 1791 639 1834 ⁰.
669 1790 778 1834 Hinc
800 1789 904 1834 illuc
927 1790 1319 1848 transmigrabunt,
1346 1800 1389 1834 et
1419 1791 1482 1833 ibi
1520 1806 1622 1834 eum
1656 1792 1776 1835 vide-

386 1858 520 1912 bunt,
542 1859 765 1918 quomodo
789 1876 878 1903 non
899 1859 1049 1903 vident
1065 1859 1202 1918 impii.
1232 1859 1427 1904 Tolletur
1450 1861 1564 1903 enim
1586 1861 1744 1920 impius
1761 1897 1772 1916 ‚

386 1938 436 1972 ut
458 1944 547 1972 non
569 1928 715 1974 videat
736 1930 976 1973 claritatem
997 1930 1170 1975 Domini
1184 1931 1200 1956 ⁷
1221 1949 1228 1974 :
1246 1931 1422 1989 etimpii
1438 1931 1590 1974 lumen
1602 1946 1690 1975 non
1707 1932 1774 1975 vi-

387 1997 556 2043 debunt
582 2019 591 2044 2
616 2019 634 2040 «
662 2002 765 2043 Haec
788 2009 851 2044 est
870 2009 1015 2043 autem
1032 2035 1042 2051 ‚
1066 2000 1209 2059 inquit
1229 2035 1239 2054 ,
1273 2001 1360 2044 vita
1384 2010 1566 2055 aeterna,
1594 2011 1643 2046 ut
1667 2017 1772 2062 cog·-

390 2087 409 2109 »
446 2080 626 2114 noscant
651 2081 690 2114 te
713 2088 852 2115 unum
874 2087 1026 2115 verum
1043 2074 1179 2115 Deum
1195 2106 1206 2125 ,
1233 2080 1275 2114 et
1297 2087 1426 2131 quem
1457 2072 1606 2115 misisti
1625 2075 1773 2117 Jesum

387 2158 407 2181 »
443 2142 689 2185 Christum8
718 2163 725 2186 :
756 2161 776 2183 ³>
799 2144 909 2186 sicut
925 2144 970 2185 in
992 2142 1064 2186 illa
1082 2143 1325 2186 aeternitate
1347 2152 1652 2200 cognoscetur,
1682 2159 1770 2203 quo

384 2226 526 2255 servos
550 2213 756 2270 perducet
780 2229 854 2271 per
881 2213 1066 2256 formam
1089 2212 1199 2257 servi
1219 2248 1228 2267 ,
1254 2222 1303 2256 ut
1323 2212 1451 2257 liberi
1473 2212 1773 2274 contemplen-

384 2291 455 2326 tur
478 2281 663 2326 formam
686 2285 872 2328 Domini.

432 2401 440 2417 ¹
461 2396 574 2437 Philip.
594 2406 628 2435 ιι,
650 2396 683 2436 6,
700 2408 731 2438 7.
746 2413 786 2418 —
807 2403 818 2418 ²
838 2399 927 2428 Joan.
955 2407 1023 2435 xiv,
1054 2404 1105 2427 21.
1129 2413 1166 2417 —
1191 2393 1203 2417 3
1223 2398 1300 2427 Luc.
1323 2407 1408 2430 xxiv.
1426 2396 1478 2439 39.
1498 2412 1534 2418 -·
1553 2395 1569 2426 4
1587 2399 1678 2428 Joan.
1703 2408 1724 2437 1,
1745 2398 1764 2429 5

383 2455 415 2481 et.
431 2462 462 2492 ς).
481 2468 522 2474 —
540 2450 555 2473 5
573 2463 584 2483 1
606 2454 697 2484 Joau.
720 2464 769 2494 ιιι,
790 2462 820 2485 2.
842 2470 883 2475 -—-
898 2452 911 2473 ‘3
931 2453 1051 2485 Matth.
1073 2463 1146 2494 xxv,
1167 2452 1206 2483 33
1226 2453 1329 2494 1:th.
1358 2454 1628 2495 -71sa1.xxv=‚
1655 2464 1702 2484 10.
1722 2470 1764 2476 —-

386 2504 596 2547 SJoauszvn,
618 2508 647 2539 3.
