1819 3301
341 251 426 289 376
785 262 817 288 s.
855 259 1085 286 Aucus'ruw
1121 259 1298 285 Episcom

342 327 463 387 quod
495 336 558 370 est
579 326 774 370 Verbum
802 324 894 368 Dei.
915 322 1151 375 Quodlibet
1173 332 1317 367 autem
1345 324 1500 367 horum
1523 324 1654 368 trium
1676 324 1731 369 sit

338 396 409 442 vel
434 396 468 439 si
491 395 655 455 aliquid
685 393 802 438 aliud
838 408 1063 437 occurrere
1096 393 1287 451 potuerit
1308 429 1318 448 ,
1344 393 1464 453 quod
1487 394 1728 452 margaritae

338 467 468 511 unius
486 476 528 510 et
551 466 747 524 pretiosae
786 464 962 507 nomine
985 463 1097 506 bene
1121 463 1405 521 significetur,
1431 464 1620 523 pretium
1638 465 1728 524 ejus

337 548 403 583 est
436 554 513 581 nos
535 537 642 594 ipsi:
675 535 750 595 qui
780 535 832 578 ad
857 549 952 578 eam
971 533 1275 593 possidendam
1301 536 1561 579 non'sumus
1582 535 1725 592 liberi,

340 609 420 652 nisi
443 608 646 652 omnibus
667 622 747 665 pro
770 615 915 650 nostra
943 605 1198 649 liberatione
1215 606 1491 665 contemptis,
1506 621 1605 665 quae
1623 615 1730 650 tem-

339 679 542 739 poraliter
560 676 851 736 possidentur.
878 677 1075 720 Venditis
1093 677 1208 720 enim
1232 677 1361 720 rebus
1383 677 1538 721 nostris
1558 677 1730 721 nullum

340 765 487 794 earum
510 750 648 808 majus
668 748 900 807 accipimus
923 747 1128 807 pretium,
1149 764 1280 807 quam
1304 764 1381 792 nos
1395 748 1532 807 ipsos3
1550 749 1651 808 quia
1669 757 1731 792 ta-

337 821 452 864 libus
475 819 707 879 implicati,
740 818 876 862 nostri
899 834 989 862 non
1018 815 1188 863 eram'us
1220 838 1229 863 ε
1255 828 1304 862 ut
1332 835 1478 863 rursus
1514 834 1592 863 nos
1615 820 1727 878 ipsos

339 908 417 951 pro
442 890 514 934 illa
544 890 774 948 margarita
793 889 962 943 demus,
984 904 1074 932 non
1107 890 1210 949 quia
1238 891 1348 934 tanti
1377 889 1624 945 valeamus,
1653 888 1730 934 sed

337 963 440 1022 quia
470 961 567 1022 plus
596 962 698 1005 dare
729 975 818 1005 non
852 974 1096 1020 possumus.

841 1111 1080 1162 QUAEsrio
1111 1113 1214 1152 xlv.

399 1248 418 1289 Ι
455 1264 472 1284 «
502 1247 566 1288 ΕΤ
584 1243 733 1289 oculos
755 1259 854 1288 suos
877 1243 1149 1298 clauserunt,
1178 1258 1233 1287 ne
1248 1243 1484 1304 aliquando
1504 1244 1640 1289 oculis
1662 1245 1731 1289 vi-

345 1339 361 1357 »
398 1315 531 1358 deant
553 1334 562 1358 :
586 1333 606 1355 »
627 1314 671 1357 id
694 1323 782 1369 est,
807 1315 886 1373 ipsi
909 1330 1036 1358 causa
1061 1312 1241 1358 suerunt
1257 1349 1267 1368 7
1290 1323 1338 1357 ut
1359 1317 1474 1358 Deus
1501 1316 1560 1358 cis
1583 1314 1732 1359 oculos

339 1385 577 1430 clauderet.
620 1384 743 1428 Alius
783 1385 896 1427 enirn
946 1382 1222 1442 Evangelista
1259 1383 1365 1428 dicit
1395 1404 1402 1428 :
1428 1403 1444 1423 «
1489 1385 1733 1429 Excaecavit

346 1477 363 1497 »
401 1455 548 1500 oculos
572 1457 770 1499 eorum1.
798 1476 815 1495 »
845 1453 929 1499 Sed
957 1465 1102 1498 utrum
1126 1464 1176 1498 ut
1203 1470 1430 1514 nunquam
1453 1454 1650 1510 videant,
1677 1471 1733 1500 an

338 1541 441 1570 vero
465 1541 519 1569 ne
540 1525 608 1569 vel
629 1526 686 1569 sic
704 1525 939 1584 aliquando
955 1524 1155 1579 videant,
1176 1526 1369 1569 caecitate
1386 1541 1461 1568 sua
1483 1525 1563 1569 sibi
1580 1525 1731 1585 displi-

339 1607 506 1651 centes,
531 1606 574 1640 et
598 1612 642 1640 se
661 1595 857 1640 dolentes
873 1632 884 1651 ,
905 1606 948 1640 et
963 1612 1014 1640 ex
1033 1597 1117 1641 hoc
1138 1597 1353 1640 humiliati
1379 1606 1508 1657 atque
1524 1599 1732 1641 commoti

341 1667 395 1712 ad
412 1665 660 1711 confitenda
690 1676 866 1725 peccata
893 1683 967 1710 sua
983 1702 993 1720 ‚
1020 1676 1061 1710 et
1083 1667 1153 1725 pie
1173 1666 1459 1726 quaerendum
1478 1667 1728 1711 Dominum.

342 1738 411 1782 Sic
434 1737 550 1780 enim
568 1739 739 1780 Marcus
762 1737 845 1780 hoc
868 1735 976 1780 dicit
998 1755 1006 1780 ε
1033 1756 1049 1776 «
1077 1739 1140 1781 Ne
1158 1735 1336 1795 quando
1361 1746 1670 1781 convertantur
1689 1746 1732 1781 et

344 1829 360 1849 »
397 1807 675 1850 dimittantur
708 1807 766 1850 eis
799 1808 1006 1865 peccata2
1042 1827 1057 1846 »
1094 1807 1176 1849 Ubi
1208 1805 1514 1864 intelliguntur
1546 1807 1731 1866 peccatis

339 1877 425 1920 suis
458 1877 665 1919 meruisse
688 1885 738 1919 ut
758 1891 848 1920 non
876 1875 1193 1934 intelligerent,
1232 1885 1275 1919 et
1305 1885 1451 1920 tamen
1475 1877 1558 1921 hoc
1589 1878 1732 1936 ipsum

340 1945 675 1990 misericorditer
703 1946 761 1988 eis
790 1944 952 1989 factum
969 1981 983 2001 ,
1009 1956 1058 1989 ut
1087 1955 1260 2004 peccata
1285 1962 1359 1990 sua
1389 1956 1726 2005 cognoscerent,

340 2026 383 2061 et
415 2016 607 2060 conversi
656 2015 829 2059 veniam
872 2017 1158 2060 mererentur.
1196 2016 1324 2069 Quod
1359 2027 1501 2061 autem
1539 2021 1727 2061 Joannes

338 2089 457 2131 hunc
480 2086 625 2130 locum
649 2085 707 2128 ita
730 2085 834 2129 dicit
857 2105 864 2129 :
889 2105 903 2124 «
933 2089 1166 2144 Propterea
1189 2102 1278 2130 non
1301 2096 1503 2144 poterant
1524 2086 1700 2131 credere
1715 2122 1726 2143 ,

344 2181 359 2200 »
396 2157 498 2217 quia
523 2156 683 2199 iterum
706 2155 814 2199 dixit
846 2158 975 2199 Isa'i'as
999 2175 1007 2200 :
1028 2156 1270 2199 Excaecavit
1298 2156 1447 2200 oculos
1476 2172 1626 2200 eorum
1643 2193 1653 2211 ,
1687 2167 1730 2201 et

342 2250 358 2269 »
395 2226 615 2271 induravit
637 2242 712 2270 cor
733 2241 906 2280 eorum,
938 2236 987 2269 ut
1010 2241 1097 2268 non
1119 2225 1294 2269 videant
1317 2226 1474 2281 oculis,
1501 2238 1544 2271 ct
1565 2227 1729 2271 intelli-

343 2321 359 2340 »
398 2307 502 2356 gant
515 2295 666 2350 corde,
684 2306 728 2340 et
742 2305 1053 2340 convertantur
1068 2331 1078 2350 ‚
1097 2305 1138 2339 et
1160 2311 1305 2339 sanem
1322 2299 1419 2340 eos3
1439 2317 1446 2341 :
1470 2318 1486 2338 »
1513 2297 1728 2342 adversari

336 2367 509 2412 videtur
532 2366 632 2409 huic
659 2366 910 2419 sententiae,
947 2375 990 2409 et
1011 2366 1190 2410 omnino
1222 2382 1375 2426 cogere
1391 2403 1402 2422 ,
1436 2376 1485 2411 ut
1507 2366 1628 2427 quod
1654 2368 1725 2412 hic

336 2437 502 2482 dictum
522 2446 584 2480 est
602 2456 610 2481 :
636 2454 655 2477 «
678 2438 742 2481 Ne
761 2436 939 2496 quando
961 2435 1096 2480 oculis
1113 2436 1304 2492 videant,
1334 2456 1352 2478 »
1378 2453 1468 2482 non
1490 2437 1727 2497 accipiatur

388 2538 397 2553 ¹
423 2533 542 2565 Matth.
569 2544 645 2576 xm,
669 2532 720 2566 15.
746 2549 789 2556 --
812 2541 824 2556 ²
850 2535 956 2566 Marc.
977 2544 1020 2576 tv,
1047 2542 1096 2566 12.
1120 2550 1161 2556 --
1192 2532 1205 2557 3
1229 2536 1322 2567 Joan.
1342 2546 1405 2577 xn,
1436 2535 1490 2578 39,
1516 2533 1570 2575 40,
1600 2538 1634 2566 et
1650 2535 1721 2567 lsai.

338 2598 394 2629 vt,
428 2599 479 2622 10.

1479 2675 1496 2685 a
