1819 3301
378 289 515 316 saffiro
548 287 704 314 nomm
738 285 782 312 ιΝ
816 283 991 321 MONTE,
1027 280 1108 308 ΜΒ.
1146 283 1192 307 11.
1382 271 1465 310 269

86 362 255 414 pectet,
277 361 320 396 et
343 368 392 397 ea
414 353 656 397 intentione
678 351 828 400 faciat,
847 349 902 394 de
919 365 1004 410 qua
1023 347 1218 407 superius
1240 347 1338 391 satis
1356 355 1469 392 trac-

86 426 271 470 tavimus
288 461 298 479 ,
322 440 422 469 cum
445 425 499 468 de
522 423 649 468 oculo
666 422 850 482 simplici
872 421 1164 482 loqueremur.

147 498 343 539 LXXVI.
366 495 603 539 Mundatus
636 509 739 552 ergo
767 493 919 537 oculus
952 491 1221 552 simplexque
1256 488 1469 544 redditur,

90 574 214 625 aptus
237 574 279 608 et
301 565 482 609 idoneus
503 564 583 607 erit
601 563 655 607 ad
676 562 933 607 intuendam
951 571 993 606 ct
1012 560 1391 620 contemplandam
1410 560 1475 603 in-

90 637 292 681 teriorem
322 635 466 681 lucem
494 650 631 680 suam.
654 638 737 678 Iste
767 635 881 678 enim
903 634 1054 678 oculus
1074 633 1215 678 cordis
1237 641 1315 677 est.
1348 634 1477 676 Hunc

92 717 236 751 autem
261 706 438 751 oculum
460 706 591 751 talem
605 705 739 749 habet
759 705 853 760 ille,
875 704 951 764 qui
970 704 1101 748 finem
1130 704 1347 748 bonorum
1371 717 1477 762 ope-

90 793 186 822 rum
208 792 411 831 suorum,
439 786 488 821 ut
510 792 608 821 vere
631 776 744 820 bona
767 790 897 835 opera
920 774 1031 830 sint,
1056 790 1144 818 non
1172 774 1218 817 in
1246 789 1296 818 eo
1317 771 1480 818 consti-

93 849 178 893 tuit
198 861 247 893 ut
269 848 519 893 hominibus
541 848 709 907 placeat
724 882 735 901 ‚
761 846 834 890 sed
865 845 993 902 etiam
1016 845 1050 889 si
1072 846 1319 903 provenerit
1341 853 1390 888 ut
1422 841 1481 887 eis

95 919 284 980 placeat,
310 918 365 962 ad
386 934 535 963 eorum
555 918 737 962 salutem
755 917 898 977 potius
916 917 999 961 hoc
1021 914 1152 960 refert
1167 925 1210 960 et
1227 915 1280 960 ad
1302 914 1483 974 gloriam

95 991 202 1045 Dei,
229 1006 318 1034 non
351 989 406 1034 ad
440 990 615 1033 inanem
634 988 885 1049 jactantiam
909 1002 1054 1045 suam3
1078 1001 1221 1046 neque
1256 995 1485 1045 propterea

96 1060 200 1105 boni
224 1060 388 1120 aliquid
411 1061 466 1105 ad
486 1060 668 1104 salutem
691 1058 873 1119 proximi
897 1067 1101 1118 operatur
1116 1092 1127 1112 ,
1152 1066 1201 1101 ut
1222 1072 1271 1100 ex
1291 1072 1342 1100 eo
1366 1071 1487 1100 com-

98 1141 220 1192 paret
237 1147 285 1176 ea
307 1167 317 1187 ,
357 1149 455 1192 quae
478 1131 579 1175 huic
619 1132 719 1175 vitae
752 1128 1041 1187 transigendae
1078 1138 1179 1172 sunt
1215 1127 1485 1185 necessaria3

100 1218 243 1263 neque
256 1212 418 1246 temere
434 1202 628 1246 animum
647 1201 834 1245 hominis
851 1199 1211 1260 voluntatemque
1225 1198 1489 1244 condemnat

100 1275 145 1319 in.
169 1290 221 1318 eo
244 1273 381 1329 facto,
413 1276 457 1318 in
479 1290 567 1334 quo
590 1290 679 1318 non
700 1280 878 1333 apparet
900 1289 989 1332 quo
1012 1274 1156 1317 animo
1196 1281 1239 1316 et
1266 1271 1490 1316 voluntate

107 1345 160 1388 sit
179 1344 372 1402 factum3
401 1354 443 1389 et
465 1343 681 1404 quidquid
705 1344 948 1387 officiorum
981 1343 1156 1386 exhibet
1191 1342 1385 1397 homini,
1411 1341 1492 1385 hac

104 1417 348 1460 intentione
372 1416 567 1470 exhibet,
593 1431 680 1475 qua
701 1415 783 1458 sibi
806 1415 1001 1458 exhiberi
1023 1414 1143 1469 vult,
1170 1413 1214 1457 id
1233 1423 1311 1469 est,
1332 1422 1382 1457 ut
1404 1427 1494 1456 non

105 1487 159 1531 ab
183 1503 234 1532 co
258 1486 423 1547 aliquid
442 1487 662 1531 commodi
690 1485 939 1545 temporalis
960 1495 1159 1546 expectet
1184 1505 1192 1530 :
1224 1486 1282 1529 ita
1311 1485 1390 1528 erit
1422 1499 1496 1528 cor

108 1557 288 1617 simplex
320 1566 363 1601 ct
384 1556 600 1601 mundum
623 1557 667 1600 in
691 1572 779 1617 quo
802 1557 1013 1617 quaeritur
1050 1560 1177 1600 Deus.
1205 1575 1224 1597 «
1250 1555 1370 1600 Beati
1397 1568 1497 1613 ergo

113 1646 132 1670 »
169 1627 322 1672 mundi
344 1627 503 1687 corde3
528 1628 734 1689 quoniam
754 1628 833 1687 ipsi
856 1631 996 1672 Deum
1012 1626 1269 1672 videbunt1.
1298 1645 1318 1668 »

115 1802 1500 1824 wuwmwwumm«wvxmmwwvwwxzmmmmmmmmmwwxwumwmwmw

578 1940 795 1989 CAPUT
835 1941 1024 1986 xxiii-

182 2111 406 2155 LXXVII.
431 2106 514 2154 Sed
532 2108 613 2153 hoc
630 2107 729 2166 quia
747 2121 986 2166 paucorum
1003 2113 1088 2160 est,
1108 2104 1198 2164 jam
1217 2103 1368 2163 incipit
1383 2103 1437 2147 de
1451 2103 1512 2147 in-

126 2180 379 2238 vestiganda
394 2189 436 2224 et
457 2178 716 2239 possidenda
738 2178 945 2237 sapientia
963 2175 1100 2236 loqui,
1121 2174 1242 2235 quod
1263 2183 1324 2218 est
1343 2173 1514 2233 lignum

128 2251 228 2296 vitae
247 2269 255 2294 ;
274 2250 345 2293 cui
367 2250 518 2308 utique
540 2248 851 2307 investigandae
874 2264 922 2292 ac
943 2244 1228 2307 possidendae,
1244 2243 1288 2288 id
1310 2253 1388 2299 est,
1414 2260 1517 2289 con-

131 2319 396 2379 templandae
416 2354 426 2373 ‚
464 2318 559 2362 talis
583 2317 735 2362 oculus
757 2333 834 2377 per
856 2318 999 2362 omnia
1021 2316 1254 2375 'superiora
1282 2314 1519 2374 perductus

134 2401 212 2446 est,
231 2406 318 2451 quo
332 2389 467 2435 videri
483 2391 573 2449 jam
592 2390 725 2448 possit
743 2399 857 2433 arcta
875 2389 942 2432 via
966 2397 1008 2432 et
1028 2396 1207 2445 angusta
1221 2396 1360 2446 porta.
1386 2385 1516 2440 Quod

135 2478 238 2522 ergo
251 2461 455 2520 deinceps
471 2459 575 2504 dicit
592 2479 600 2504 ε
621 2479 639 2501 «
663 2460 842 2503 Introitc
858 2475 933 2518 per
957 2467 1181 2517 angustam
1198 2467 1365 2517 portam
1385 2478 1396 2516 3
1415 2457 1519 2517 quia

139 2551 159 2574 »
194 2531 281 2577 lata
303 2539 428 2591 porta
450 2539 493 2573 et
514 2530 697 2588 spatiosa
717 2530 805 2585 via,
825 2545 923 2588 quae
941 2529 1062 2573 ducit
1077 2528 1130 2572 ad
1146 2527 1431 2587 perditionem
1454 2546 1462 2573 ;
1481 2536 1524 2571 et

188 2634 195 2651 ¹
219 2627 332 2661 Matth.
351 2637 384 2668 ν,
403 2628 437 2659 8.
