1819 3301
375 290 513 317 sERMO
545 290 702 317 noivum
734 290 779 317 IN
811 290 985 327 MONTE,
1021 291 1104 316 Lm.
1140 291 1188 317 ιι.
1378 280 1461 319 253

87 371 106 394 »
142 367 324 412 operans
344 355 545 399 manibus
568 356 653 400 suis
674 357 838 400 bonum
855 390 865 410 ‚
885 364 935 400 ut
957 356 1116 399 habeat
1137 355 1255 399 unde
1272 355 1463 401 tribuere

86 441 106 464 »
134 424 203 468 cui
225 439 333 483 opus
344 428 447 469 est¹.
468 426 617 470 »Male
639 426 980 484 intelligentibus
994 441 1083 470 non
1104 425 1276 469 videtur
1297 441 1464 470 servare

83 504 349 553 praeceptum
374 495 573 550 Domini,
608 511 696 556 quo
715 496 773 540 ait
801 515 809 540 :
839 515 858 537 «
880 487 1097 556 Respicite
1124 495 1315 541 volatilia
1343 495 1461 551 coeli,

86 582 106 606 »
142 566 348 624 quoniam
370 581 458 610 non
481 575 645 621 serunt,
668 582 810 627 neque
831 576 1016 622 metunt,
1041 582 1184 627 neque
1201 576 1466 625 congregant

86 651 107 675 »
141 634 188 678 in
210 636 390 681 horrea:
416 655 435 678 »
455 645 513 691 et,
540 654 560 679 «
582 636 864 681 Considerate
880 635 969 682 lilia
992 637 1095 695 agri,
1117 637 1339 697 quomodo
1352 653 1467 681 cres-

86 721 107 745 »
142 714 248 749 cunt
267 740 278 761 ,
305 721 394 750 non
416 706 632 762 laborant,
658 722 801 767 neque
818 711 973 751 nent22
1003 726 1022 748 »
1039 722 1138 751 eum
1155 708 1242 752 istis
1271 707 1466 767 praecipit

84 784 132 819 ut
152 775 370 832 laborent,
389 788 616 837 operantes
638 778 839 822 manibus
862 779 964 830 suis,
985 779 1043 822 ita
1065 787 1114 822 ut
1135 779 1325 823 habeant
1347 777 1467 839 quod

83 846 210 890 etiam
227 846 316 891 aliis
339 849 501 906 possint
522 849 729 894 tribuere.
751 852 808 893 Et
829 848 950 909 quod
965 864 1079 908 saepe
1096 848 1150 893 de
1167 865 1210 892 se
1228 850 1321 908 ipso
1342 849 1464 904 dicit,

83 918 204 976 quod
226 918 426 963 manibus
451 920 538 964 suis
560 929 762 979 operatus
788 920 857 972 sit,
892 935 946 964 ne
975 935 1106 979 quem
1141 921 1366 978 gravaret3
1394 939 1402 964 z
1425 928 1468 964 et

83 986 138 1029 de
159 986 234 1031 illo
257 989 465 1047 scriptum
489 999 579 1044 est,
605 990 724 1049 quod
747 991 1021 1049 conjunxerit
1042 1005 1086 1034 se
1108 989 1278 1049 Aquilae
1290 998 1468 1048 propter

83 1056 182 1099 artis
194 1056 537 1113 similitudinem,
549 1068 597 1103 ut
610 1059 739 1103 simul
750 1069 1034 1118 operarentur
1044 1058 1161 1103 unde
1175 1059 1338 1103 vietum
1352 1068 1470 1102 tran-

82 1125 422 1184 sige1·ent⁴,non
442 1128 615 1173 videtur
635 1129 827 1173 imitatus
850 1145 947 1173 aves
969 1129 1069 1173 coeli
1092 1138 1135 1173 et
1155 1129 1244 1173 lilia
1268 1129 1370 1187 agri.
1392 1129 1468 1172 His

83 1205 126 1239 et
142 1197 391 1256 hujusmodi
412 1199 732 1258 Scripturarum
756 1200 860 1243 locis
875 1234 886 1253 ,
913 1200 1012 1243 satis
1030 1208 1208 1258 apparet
1232 1199 1467 1243 Dominum

82 1275 278 1310 nostrum
295 1283 386 1312 non
422 1269 504 1313 hoc
538 1269 785 1328 improbare
805 1304 815 1324 ,
853 1269 886 1312 si
907 1269 1002 1329 quis
1026 1270 1219 1314 humano
1246 1284 1366 1313 more
1389 1269 1468 1312 ista

83 1347 286 1395 procuret
311 1357 319 1382 :
344 1338 420 1382 sed
442 1340 473 1383 si
493 1340 590 1399 quis
608 1349 786 1399 propter
807 1339 886 1383 ista
908 1343 997 1383 Deo
1019 1338 1189 1393 militet,
1219 1348 1268 1383 ut
1289 1340 1334 1382 in
1360 1354 1466 1398 ope-

83 1406 200 1450 ribus
219 1407 306 1451 suis
323 1423 412 1452 non
434 1423 618 1467 regnum
641 1410 734 1465 Dei,
759 1408 835 1452 sed
855 1409 1037 1453 istorum
1062 1409 1392 1468 acquisitionem
1407 1409 1468 1452 in-

82 1487 272 1522 tueatur.

142 1551 300 1593 LVIII.
324 1549 393 1593 Ad
413 1550 525 1594 hanc
560 1566 663 1609 ergo
695 1550 889 1608 regulam
918 1551 1001 1595 hoc
1037 1560 1178 1595 totum
1201 1560 1468 1610 praeceptum

82 1619 318 1678 redigitur,
344 1630 394 1665 ut
416 1622 544 1666 etiam
565 1622 611 1665 in
627 1623 808 1667 istorum
829 1623 1074 1681 provisione
1094 1638 1274 1680 regnum
1296 1622 1371 1666 Dei
1394 1637 1468 1666 co-

84 1690 288 1748 gitemus,
322 1691 367 1735 in
401 1691 554 1735 militia
584 1708 687 1736 vero
714 1693 833 1750 regni
857 1693 958 1746 Dei,
984 1692 1063 1738 ista
1090 1708 1178 1736 non
1211 1692 1464 1750 cogitemus.

84 1763 149 1804 Ita
175 1761 290 1805 enim
328 1762 494 1805 etiamsi
517 1762 753 1822 aliquando
787 1763 1033 1818 defuerint,
1067 1762 1186 1822 quod
1210 1763 1469 1822 plerumque

82 1841 260 1889 propter
298 1832 646 1875 exercitationem
679 1841 870 1875 nostram
902 1835 1013 1876 Deus
1047 1833 1173 1887 sinit,
1206 1848 1295 1876 non
1328 1833 1470 1876 solum

83 1916 172 1944 non
208 1900 436 1944 debilitant
470 1902 739 1961 propositum
774 1910 970 1945 nostrum
991 1937 1002 1956 ,
1040 1901 1116 1946 sed
1144 1902 1273 1946 etiam
1306 1902 1470 1945 exami-

84 1984 234 2015 natum
259 1972 582 2033 probatumque
615 1973 888 2017 confirmant.
912 1992 930 2013 «
954 1971 1201 2017 Gloriamur
1233 1973 1346 2016 enirn
1365 2008 1376 2027 ,
1402 1973 1471 2015 in-

87 2060 107 2083 »
142 2042 238 2102 quit
261 2077 271 2097 ,
323 2043 369 2087 in
411 2032 794 2099 tribulationibus,
845 2044 1026 2088 scientes
1073 2043 1194 2103 quod
1246 2042 1470 2087 tribulatio

88 2130 108 2153 »
143 2114 396 2171 patientiam
415 2124 634 2174 operatur,
652 2114 858 2174 patientia
877 2123 1021 2158 autem
1035 2114 1354 2174 probationem,
1374 2129 1472 2173 pro-

88 2201 108 2223 »
144 2183 260 2227 batio
284 2192 427 2227 autem
452 2200 570 2244 spem
590 2221 600 2240 ,
620 2201 715 2244 spes
737 2200 837 2229 vero
857 2201 944 2229 non
963 2184 1195 2229 confundit
1214 2205 1224 2242 3
1250 2185 1350 2244 quia
1369 2184 1471 2228 cha-

89 2272 108 2294 »
145 2253 244 2298 ritas
268 2255 345 2298 Dei
367 2254 525 2299 diffusa
560 2265 623 2300 est
657 2256 701 2300 in
741 2256 945 2300 cordibus
973 2256 1128 2300 nostris
1158 2271 1233 2314 per
1263 2255 1471 2313 Spiritum

90 2341 111 2364 »
146 2333 342 2368 sanctum
364 2360 374 2379 ,
400 2326 474 2385 qui
498 2324 623 2369 datus
650 2335 713 2370 est
734 2326 860 2370 nobis
880 2329 910 2369 ⁵.
937 2344 956 2367 »
992 2328 1043 2369 In
1061 2325 1472 2370 commemoratione

88 2403 233 2438 autem
256 2395 587 2440 tribulationum
611 2412 659 2440 ac
681 2396 882 2441 laborum
905 2412 1081 2440 suorum
1104 2395 1220 2439 idem
1239 2395 1471 2454 Apostolus

87 2480 176 2509 non
199 2475 368 2510 tantum
389 2466 435 2509 in
457 2467 700 2511 carceribus
726 2477 769 2511 et
791 2465 1048 2525 naufragiis,
1071 2475 1201 2526 atque
1223 2464 1471 2526 hujusmodi

136 2569 144 2584 ¹
161 2562 274 2604 EpheS.
296 2573 341 2602 iv,
362 2562 415 2594 28.
437 2579 477 2585 —-
499 2570 510 2585 ²
531 2563 651 2595 Matth.
673 2573 716 2594 v1.
738 2563 858 2595 26—28.
877 2579 918 2585 --
947 2561 959 2585 3
980 2574 991 2595 1
1009 2562 1121 2595 Thess.
1139 2573 1184 2604 lx,
1203 2574 1236 2606 9,
1263 2567 1296 2595 et
1321 2571 1339 2596 2
1361 2561 1470 2595 Thess.

87 2629 135 2659 in,
150 2613 187 2651 8.
209 2635 249 2641 —-
268 2617 283 2648 4
303 2620 376 2651 Act.
398 2618 485 2661 xvni,
505 2618 536 2651 3.
557 2634 598 2642 —-
616 2617 632 2642 5
647 2621 738 2652 Rom.
760 2630 792 2660 v,
810 2618 887 2651 3-5.
