1819 3301
288 327 340 352 DE
372 325 579 353 CONSENSU
615 326 1023 365 Evauosstisunvu,
1060 328 1139 353 ΗΒ.
1178 329 1242 354 ιιι.
1404 319 1452 355 21

79 400 197 436 runt.
233 394 329 436 Non
363 392 478 435 enim
501 391 688 447 diceret,
724 411 744 434 «
777 391 1060 451 Respondens
1094 401 1240 435 autem
1275 394 1413 448 Jesus,
1439 412 1460 435 »

78 462 159 505 nisi
191 461 365 506 illorum
392 462 718 519 interrogationi
746 463 1046 521 responderet,
1080 478 1169 506 non
1192 461 1305 507 facto
1329 464 1460 508 Petri.

79 534 189 576 Nam
226 532 280 575 de
314 531 428 576 facto
467 533 581 576 Petri
620 531 727 592 quid
761 532 1041 592 judicaverit,
1085 534 1319 577 Matthaeus
1347 532 1464 578 solus

79 600 199 644 dixit.
229 601 312 645 Ubi
348 601 474 645 etiam
510 617 598 645 non
628 601 735 646 dixit
772 603 1031 658 Matthaeus,
1070 603 1292 662 respondit
1339 606 1462 648 Jesus

79 675 231 726 Petro,
265 674 479 717 Converte
516 671 707 731 gladium
741 682 867 716 tuum
905 691 914 718 :
940 673 1014 716 sed
1043 673 1180 719 dixit:
1210 693 1230 716 «
1262 677 1384 719 Tunc
1405 676 1463 718 ait

81 759 102 783 n
137 741 199 785 illi
230 745 378 797 Jesus,
410 745 625 787 Converte
659 741 851 801 gladium
870 752 996 786 tuum
1023 762 1031 787 ε
1061 762 1080 783 »
1116 744 1236 803 quod
1256 753 1354 803 post
1372 743 1469 801 fac-3

78 821 173 856 tum
193 822 383 872 apparet
417 813 569 857 dixisse
597 814 848 858 Dominum.
887 813 1004 857 Illud
1037 829 1139 858 vero
1171 814 1292 873 quod
1324 818 1463 859 Lucas

77 883 247 941 posuit,
289 902 307 924 ι(
350 882 634 942 Respondens
668 892 813 927 autem
856 886 980 927 Jesus
1019 883 1079 927 ait
1112 902 1120 928 :
1156 885 1290 928 Sinite
1325 900 1463 944 usque

81 971 100 994 n
136 954 248 1008 huc,
291 973 309 994 »
344 953 426 998 illis
463 955 538 1014 qui
576 956 944 1012 interrogaverant
981 969 1233 1014 responsum
1267 970 1354 999 esse
1387 971 1461 1000 ac-

77 1023 325 1082 cipiendum
360 1033 421 1067 est
456 1043 465 1069 :
501 1023 575 1067 sed
607 1024 730 1084 quia,
762 1033 811 1067 ut
839 1024 1044 1079 diximus,
1084 1025 1196 1068 inter
1231 1026 1363 1070 verba
1395 1026 1463 1069 in-

77 1094 388 1152 terrogantium
412 1103 453 1137 et
482 1093 782 1153 respondentis
805 1094 978 1138 Domini
999 1129 1009 1149 ,
1031 1093 1143 1139 facta
1176 1104 1238 1139 est
1260 1112 1349 1140 uno
1371 1097 1462 1140 ictu

77 1163 310 1223 percussio,
325 1164 408 1208 hoc
431 1163 582 1207 ordine
598 1163 810 1223 judicavit
838 1180 927 1208 esse
950 1164 1232 1219 narrandum,
1262 1175 1312 1210 ut
1333 1166 1461 1210 etiam
1484 1158 1488 1161 Δ

77 1235 190 1278 inter
213 1234 343 1279 verba
367 1235 714 1293 interrogationis
737 1244 780 1279 et
801 1235 1087 1295 responsionis
1110 1251 1204 1279 eam
1238 1236 1459 1281 insereret.

76 1307 175 1349 Non
199 1313 262 1348 est
291 1320 392 1362 ergo
424 1306 688 1349 contrarium
722 1306 804 1349 hoc
838 1306 876 1349 ei
907 1305 1027 1365 quod
1054 1305 1161 1350 dixit
1192 1307 1424 1352 Matthaeus
1450 1327 1459 1353 ε

82 1395 101 1417 «
137 1377 296 1419 Omnes
315 1375 428 1418 enim
446 1376 521 1434 qui
544 1376 791 1434 acceperint
806 1376 995 1435 gladium
1010 1412 1020 1431 ,
1043 1376 1184 1434 gladio
1197 1378 1418 1437 peribunt,
1440 1398 1460 1420 »

79 1444 123 1488 id
143 1454 236 1499 est,
264 1445 339 1504 qui
363 1444 426 1487 usi
444 1445 607 1488 fuerint
638 1445 796 1503 gladio.
829 1446 976 1490 Vidcri
1011 1456 1157 1490 autem
1190 1458 1334 1507 posset
1355 1465 1464 1493 con-

78 1516 257 1559 trarium
280 1550 290 1569 ,
317 1515 350 1558 si
369 1515 578 1558 Dominus
606 1531 655 1558 ex
691 1515 762 1559 illa
792 1516 1096 1575 responsione,
1133 1517 1284 1561 saltem
1326 1535 1464 1579 usque

77 1586 131 1630 ad
161 1601 325 1640 unum,
352 1601 432 1629 nec
462 1585 603 1644 ipsum
621 1585 748 1629 letale
781 1586 940 1629 vulnus
961 1621 970 1640 ,
995 1603 1122 1630 usum
1151 1596 1296 1631 tamen
1330 1589 1462 1647 gladii

76 1666 366 1715 spontaneum
386 1656 646 1715 approbasse
660 1655 1044 1702 demonstraretur.
1060 1662 1318 1717 Quanquam
1333 1659 1462 1703 etiam

76 1731 204 1771 Petro
234 1726 399 1770 dictum.
424 1735 561 1770 totum
599 1736 890 1785 congruenter
912 1727 1095 1785 intelligi
1131 1728 1284 1786 possit,
1322 1738 1371 1773 ut
1402 1730 1461 1774 sic

74 1806 358 1843 connectatur
393 1806 435 1840 et
455 1796 574 1857 quod
603 1800 739 1840 Lucas
783 1806 826 1840 et
859 1796 980 1856 quod
1012 1799 1245 1842 Matthaeus
1277 1800 1425 1844 retulit
1446 1836 1456 1856 ,

76 1866 445 1928 quemadmodum
474 1883 602 1926 supra
625 1868 959 1912 commemoravi
980 1903 990 1922 ,
1032 1868 1166 1912 Sinite
1191 1885 1326 1929 usque
1349 1871 1457 1926 huc,

79 1957 99 1979 »
135 1947 177 1981 et
193 1947 396 1981 converte
416 1937 607 1995 gladium
625 1947 746 1981 tuum
773 1939 816 1981 iu
838 1938 984 1982 locum
999 1955 1141 1982 suum.
1161 1941 1322 1985 Omnes
1345 1943 1460 1985 enim

79 2028 99 2050 »
135 2009 210 2069 qui
234 2009 477 2068 acceperint
508 2008 700 2066 gladium
722 2008 901 2066 ,gladio
924 2009 1154 2067 peribunt,
1189 2028 1208 2051 »
1234 2020 1315 2055 etc.
1339 2014 1461 2064 Quo-

76 2080 208 2125 modo
225 2089 371 2124 autem
394 2081 446 2124 sit
468 2078 826 2137 intelligendum,
853 2099 873 2121 (ι
896 2080 1029 2124 Sinite
1052 2082 1318 2140 usquehuc,
1340 2085 1461 2142 »jam

77 2151 252 2209 exposui
279 2149 406 2194 :etsi
441 2149 564 2193 aliter
597 2149 752 2192 melius
779 2158 947 2208 potest,
980 2149 1039 2193 ita
1076 2149 1153 2199 sit,
1188 2150 1292 2193 dum
1318 2159 1462 2194 tamen

76 2220 450 2278 Evangelistarum
471 2220 627 2264 veritas
649 2228 831 2264 constet.

138 2293 300 2334 XVIII.
329 2294 479 2334 Postea
502 2290 963 2349 sequiturMatthaeus,
981 2298 1023 2333 ct
1036 2299 1463 2335 commemorateum

78 2362 122 2404 in
142 2359 215 2403 illa
236 2361 342 2404 hora
359 2359 511 2403 dixisse
534 2360 671 2403 turbis
685 2395 695 2415 ,
722 2378 737 2399 «
767 2363 990 2419 'l'anquam
1010 2359 1064 2403 ad
1080 2359 1292 2403 latronem
1322 2360 1464 2419 existis

82 2449 101 2470 »
137 2445 236 2473 cum
260 2428 409 2488 gladiis
438 2439 479 2473 et
515 2428 700 2473 fustibus
732 2429 1103 2489 comprehendere
1138 2445 1221 2473 me.
1259 2430 1464 2483 Quotidie

82 2519 102 2542 »
137 2501 254 2560 apud
290 2516 363 2544 vos
384 2500 587 2556 sedebam
620 2500 780 2544 doeens
812 2501 1062 2559 intemplo,
1098 2509 1140 2544 et
1172 2516 1261 2544 non
1298 2517 1367 2545 me
1395 2511 1462 2545 te-

83 2589 102 2611 »
138 2570 291 2613 nuistis
310 2572 339 2613 1.
365 2588 383 2611 n
412 2573 533 2614 Tunc
556 2570 723 2615 addidit
745 2570 872 2614 etiam
907 2570 1037 2615 verba
1060 2604 1069 2623 ,
1101 2586 1200 2629 quae
1232 2574 1370 2615 Lucas
1386 2587 1466 2630 po-

131 2661 137 2675 ¹
167 2653 285 2684 Matth.
309 2663 392 2691 xxx-1,
420 2652 471 2684 135.
