1819 3301
314 281 397 319 372
739 289 771 318 S.
809 289 1039 317 Anccsnm
1072 289 1253 316 Eriscoel

310 356 503 402 tionibus
523 391 534 412 ,
561 371 668 416 quas
685 356 761 416 qui
789 354 1074 413 comprimere
1096 367 1186 397 non
1206 352 1398 412 potuerit
1418 351 1598 397 veritate
1620 351 1698 395 de-

309 427 446 482 sensa,
465 428 637 471 cesserit
654 427 821 470 unitate
844 433 1024 468 servata.
1051 427 1310 484 Quanquam
1326 422 1373 466 in
1388 422 1471 467 hac
1491 420 1699 482 parabola

311 499 539 553 Dominus,
560 499 670 542 sicut
682 497 728 540 in
745 497 835 557 ejus
848 494 1114 555 expositione
1127 493 1356 549 conclusit,
1376 508 1466 538 non
1478 492 1696 554 quaedam,

311 570 387 616 sed
415 570 559 615 omnia
580 567 780 613 scandala
795 603 806 623 ,
832 576 875 611 et
898 582 970 611 eos
991 567 1066 627 qui
1095 565 1259 610 faciunt
1281 565 1572 627 iniquitatem,
1598 564 1700 609 ziza-

310 642 482 687 niorum
502 639 679 686 nomine
698 639 962 700 significasse
983 637 1256 697 intelligitur.

832 789 1069 841 QUAEsrlo
1100 790 1187 829 xil.

373 927 407 968 Ι.
447 943 467 966 «
485 925 587 969 CUM
627 932 774 967 autem
798 922 1003 967 crevisset
1029 920 1180 976 herba,
1208 929 1250 964 et
1273 919 1465 964 fructum
1501 917 1670 963 fecisset
1689 953 1700 973 ,

315 1004 466 1040 »tunc
509 1003 808 1054 apparuerunt
840 1002 883 1037 et
917 993 1107 1037 zizania1
1130 1011 1150 1033 n
1188 993 1300 1036 Cum
1344 992 1460 1035 enim
1499 988 1700 1050 spiritalis

315 1067 447 1110 homo
465 1081 553 1109 esse
576 1065 760 1124 coeperit
786 1063 1028 1124 dijudicans
1050 1063 1211 1118 omnia,
1236 1072 1342 1107 tunc
1361 1062 1399 1105 ei
1414 1077 1577 1105 errores
1599 1060 1708 1104 inci-

316 1137 444 1196 piunt
471 1139 719 1196 apparere‘2.
751 1135 868 1180 Servi
888 1144 1035 1179 autem
1059 1133 1263 1178 dixerunt
1276 1133 1331 1186 ei,
1368 1152 1387 1174 z<
1410 1132 1500 1187 Vis,
1521 1132 1650 1186 imus,
1666 1140 1709 1175 et

319 1226 338 1248 »
364 1207 608 1266 colligimus
637 1207 747 1250 ea3?
772 1225 791 1247 »
836 1208 992 1250 Utrum
1024 1206 1105 1264 ipsi
1130 1213 1232 1248 sunt
1257 1204 1393 1258 servi,
1430 1219 1539 1264 quos
1575 1201 1707 1261 paulo

318 1288 415 1339 post
445 1293 653 1322 messores
675 1276 892 1337 appellat?
918 1277 974 1321 an‘
1003 1277 1104 1337 quia
1126 1277 1172 1319 in
1201 1275 1468 1335 expositione
1489 1272 1710 1333 parabolae

316 1365 523 1394 messores
554 1348 663 1392 dixit
692 1363 779 1391 esse
813 1348 1024 1405 Angelos,
1051 1363 1131 1391 nec
1164 1347 1395 1406 quisquam
1417 1344 1542 1389 facile
1564 1344 1706 1388 dicere

319 1436 446 1464 ausus
469 1419 601 1463 fuerit
624 1418 812 1477 Angelos
833 1418 1016 1462 nescisse
1038 1418 1135 1478 quis
1157 1417 1317 1461 zizania
1339 1415 1711 1476 superseminave-

319 1491 401 1545 rit,
427 1500 469 1534 et
487 1506 535 1534 ca
562 1499 668 1534 tunc
691 1490 937 1550 apparuisse
956 1489 1131 1548 Angelis
1159 1504 1259 1533 cum
1279 1488 1414 1531 herba
1439 1487 1630 1531 fructum
1654 1485 1711 1529 fe-

320 1562 467 1619 cisset,
493 1561 626 1619 magis
644 1570 817 1620 oportet
838 1559 1024 1619 intelligi
1043 1559 1239 1604 homines
1265 1559 1376 1618 ipsos
1399 1557 1548 1601 fideles
1572 1572 1713 1601 servo-

321 1648 417 1677 rum
436 1633 611 1676 nomine
630 1632 713 1676 hoc
736 1631 833 1676 loco
855 1631 1118 1689 significatos
1136 1665 1147 1685 ,
1182 1645 1291 1689 quos
1315 1629 1444 1673 etiam
1462 1628 1628 1672 bonum
1652 1642 1714 1671 se-

321 1720 423 1748 men
440 1703 574 1748 dicit?
596 1705 684 1748 Nec
714 1702 875 1745 mirum
904 1702 938 1745 si
961 1711 1004 1745 et
1025 1702 1189 1745 bonum
1213 1716 1361 1744 semen
1386 1700 1466 1760 ipsi
1487 1698 1712 1754 dicuntur,

322 1784 366 1819 et
387 1775 497 1818 servi
528 1771 850 1833 patrisfamilias
873 1792 881 1817 2
910 1772 1020 1816 sicut
1042 1780 1085 1815 et
1103 1772 1157 1815 de
1176 1786 1220 1814 se
1243 1771 1317 1825 ait,
1343 1769 1465 1830 quod
1485 1778 1528 1813 et
1550 1769 1641 1829 ipse
1663 1769 1718 1813 sit

316 1846 466 1906 janua,
490 1846 580 1903 ipse
603 1844 656 1888 sit
679 1853 823 1902 pastor
840 1845 871 1887 ⁴.
898 1846 962 1887 Ex
985 1842 1161 1886 diversis
1179 1842 1294 1885 enim
1327 1839 1718 1899 significationibus

325 1932 413 1960 una
446 1932 512 1959 res
548 1915 678 1958 etiam
712 1914 858 1973 plures
893 1923 936 1958 et
968 1913 1157 1957 diversas
1198 1912 1501 1957 similitudines
1545 1912 1713 1970 recipit.

328 1986 571 2030 Praesertim
593 1986 693 2045 quia
716 2000 817 2028 cum
839 1983 894 2028 ad
924 1999 1067 2028 servos
1108 1983 1379 2043 loqueretur,
1405 1998 1494 2026 non
1525 1982 1598 2026 ait.
1629 2000 1649 2023 «
1666 1984 1719 2025 In

332 2076 351 2098 »
374 2066 568 2116 tempore
601 2056 747 2099 messis
785 2055 925 2098 dicam
958 2054 1082 2099 vobis
1108 2089 1118 2109 ,
1143 2053 1566 2112 Colligitessprimum
1606 2044 1735 2095 ziza-i

334 2148 351 2168 »
378 2127 447 2170 nia
464 2161 474 2181 ,
509 2145 523 2168 .›
547 2125 622 2170 sed
648 2144 668 2166 «
693 2125 857 2179 Dicam,
876 2124 1021 2184 inquit
1037 2158 1048 2179 ,
1074 2124 1380 2168 messoribus⁵.
1401 2140 1419 2162 »
1448 2120 1573 2166 Unde
1596 2120 1721 2165 intel-

333 2197 481 2256 ligitur
507 2195 855 2255 colligendorum
885 2195 1147 2239 zizaniorum
1180 2192 1235 2237 ad
1261 2191 1610 2237 comburendum
1639 2190 1722 2235 alia

332 2283 421 2312 esse
444 2267 694 2321 ministeria,
715 2281 795 2310 nec
812 2279 1077 2325 quemquam
1094 2262 1298 2308 Ecclesiae
1315 2263 1455 2308 filium
1477 2262 1638 2306 debere
1659 2276 1723 2305 ar-

334 2339 484 2383 bitrari
504 2338 558 2382 ad
577 2353 621 2382 se
642 2338 726 2382 hoc
749 2336 941 2381 officium
965 2335 1196 2396 pertinere.

394 2413 451 2454 11.
487 2412 599 2455 Cum
621 2409 755 2468 igitur
778 2423 867 2452 esse
890 2408 1075 2468 quisque
1097 2406 1299 2466 spiritalis
1317 2405 1520 2465 coeperit,
1546 2418 1721 2463 cognos-

335 2482 394 2526 cit
406 2496 570 2525 errores
584 2479 905 2534 haereticorum,
926 2487 969 2522 et
984 2477 1162 2523 omnino
1184 2475 1395 2537 dijudicat
1411 2485 1543 2536 atque
1564 2474 1723 2519 discer-

386 2585 392 2601 ¹
419 2578 538 2610 Manli.
558 2589 621 2615 xin,
642 2576 695 2609 26,
723 2594 763 2598 —
786 2583 797 2598 ²
822 2587 832 2607 1
856 2578 926 2608 Cor.
947 2587 983 2616 ιι,
1008 2574 1059 2607 ι5.
1087 2589 1129 2596 --
1158 2571 1305 2606 ³Matth.
1326 2585 1391 2616 xm,
1411 2573 1465 2606 28.
1485 2589 1527 2595 —
1546 2570 1561 2602 4
1577 2574 1669 2605 Joan.
1686 2581 1719 2613 x,

339 2645 356 2675 7
378 2638 411 2666 et
431 2645 481 2666 11.
502 2650 543 2656 —
562 2631 576 2656 5
599 2632 718 2664 Matth.
742 2643 808 2673 nn,
826 2632 878 2663 30.
