1819 3301
357 252 402 277 m
436 249 610 279 JoANNIS
642 248 946 291 EvANGELmM,
981 254 1126 281 TRAcT.
1163 259 1222 283 v1.
1395 247 1477 287 465

99 312 282 374 lapidari
309 333 317 360 ε
343 324 386 359 et
407 316 480 375 qui
511 315 641 374 paulo
671 326 770 360 ante
803 316 990 361 fremens
1027 327 1071 362 et
1102 318 1272 364 fervens
1299 322 1477 380 spiritu,

99 394 309 445 tanquam
330 385 376 428 in
408 386 604 430 inimicos
624 385 836 446 impetum
870 386 1031 432 fecerat
1049 423 1059 443 ,
1089 398 1132 433 et
1158 398 1362 449 tanquam
1393 395 1482 438 vio-
1524 423 1525 442 ³

100 453 244 499 lentus
264 455 461 500 invectus
489 466 580 500 erat
600 456 645 500 in
666 457 809 501 verbis
829 457 961 514 igneis
982 466 1112 517 atque
1133 459 1190 503 ita
1217 460 1481 505 flammanti-
1528 487 1529 490 =

100 524 182 568 bus
199 560 209 580 ,
235 535 285 569 ut
305 525 482 570 audistis
500 561 510 581 ,
535 544 555 568 «
585 529 700 570 Dura
720 527 884 571 cervice
905 561 915 582 ,
933 535 975 570 et
990 543 1078 572 non
1095 529 1331 574 circumcisi
1352 531 1482 575 corde

102 612 122 635 »
159 604 201 639 et
220 595 424 640 auribus:
448 614 469 637 »
493 605 543 640 ut
565 596 643 656 qui
659 611 708 640 ea
723 595 856 641 verba
880 597 1049 642 audiret
1064 633 1074 653 ,
1103 608 1275 657 putaret
1302 602 1484 660 Stepha-

99 680 222 720 num,
241 665 274 709 si
295 666 333 709 ei
347 665 512 721 liceret,
535 667 680 710 statim
704 666 800 711 illos
822 666 934 711 velle
957 669 1152 712 consumi
1176 688 1185 714 ι
1209 671 1484 715 venientibus

99 735 145 779 in
168 751 212 779 se
228 735 443 795 lapidibus
465 752 515 780 ex
544 737 748 781 manibus
780 752 928 781 eorum
944 772 954 791 ,
983 753 1097 797 genu
1120 740 1203 784 fixo
1228 741 1286 784 ait
1312 757 1320 782 :
1350 760 1369 783 «
1395 745 1483 786 Do-

104 825 123 847 »
159 807 289 861 mine,
310 823 365 851 ne
380 817 541 852 statuas
558 807 639 851 illis
653 808 737 852 hoc
758 807 1008 852 delictum1.
1034 826 1053 849 »
1071 809 1308 855 Inhaeserat
1326 812 1486 856 unitati

100 876 329 922 columbae.
353 878 474 922 Prior
491 879 607 922 enim
624 877 735 922 illud
757 877 917 922 fecerat
945 878 1147 936 magister
1168 915 1178 935 ,
1204 896 1333 940 super
1352 897 1485 941 quem

100 946 322 991 descendit
351 948 554 992 columba
582 967 590 992 :
614 948 690 1008 qui
707 947 903 1007 pendens
928 949 973 991 in
1006 965 1133 993 cruce
1166 951 1226 995 ait
1250 970 1258 995 :
1293 970 1309 991 «
1338 955 1480 1008 Pater,

103 1035 123 1058 »
160 1017 333 1076 ignosce
355 1017 459 1073 illis,
491 1019 594 1078 quia
631 1018 830 1063 nesciunt
862 1017 969 1078 quid
1008 1018 1214 1064 faciunt2.
1243 1039 1263 1062 >›
1291 1025 1406 1081 Ergo
1428 1038 1484 1067 ne

103 1088 265 1147 Spiritu
292 1090 543 1133 sanctificati
566 1088 719 1134 dolum
741 1089 959 1144 habeant,
986 1089 1029 1133 in
1048 1090 1253 1135 columba
1281 1091 1484 1137 demons-

100 1167 259 1202 tratum
284 1168 347 1203 est
370 1178 379 1204 ι
407 1174 462 1203 ne
484 1159 730 1218 simplicitas
760 1159 914 1217 frigida
941 1169 1182 1215 remaneat,
1207 1162 1253 1204 in
1278 1162 1379 1220 igne
1408 1161 1486 1206 de-

99 1239 366 1273 montratum
402 1239 479 1274 est.
505 1233 593 1275 Nec
619 1239 820 1284 moveat,
855 1230 956 1289 quia
995 1229 1157 1288 linguae
1187 1230 1335 1275 divisae
1365 1241 1481 1276 sunt.

101 1300 271 1344 Distant
293 1300 410 1344 enim
433 1300 596 1359 linguae
613 1301 736 1356 ,ideo
760 1299 906 1344 divisis
919 1299 1080 1357 linguis
1098 1301 1310 1359 apparuit.
1341 1320 1360 1344 «
1385 1303 1486 1346 Lin-

104 1389 124 1411 »
161 1386 278 1428 guae,
301 1371 443 1430 inquit
460 1405 470 1425 ,
496 1370 643 1415 divisae
666 1369 786 1415 velut
816 1370 949 1427 ignis,
975 1370 1052 1429 qui
1086 1379 1129 1414 et
1159 1370 1317 1415 insedit
1357 1388 1486 1432 super

104 1458 123 1481 »
159 1455 519 1500 unumquemque
541 1455 706 1485 eorum.
733 1458 752 1481 »
778 1440 947 1484 Distant
985 1440 1098 1484 inter
1118 1455 1162 1484 se
1184 1440 1345 1498 linguae
1362 1476 1374 1497 ,
1410 1442 1486 1486 sed

99 1510 348 1570 linguarum
378 1511 581 1556 distantia
604 1527 693 1555 non
724 1520 826 1555 sunt
855 1511 1099 1555 schismata.
1121 1514 1172 1555 In
1193 1511 1352 1570 linguis
1374 1513 1485 1557 divi-

100 1582 153 1626 sis
175 1582 265 1627 noli
284 1582 607 1642 dissipationem
630 1582 783 1626 timere
799 1616 810 1636 ,
846 1581 1060 1625 unitatem
1094 1596 1305 1639 cognosce
1337 1583 1383 1626 in
1409 1599 1486 1628 co-

99 1653 266 1698 lumba.

160 1727 235 1769 IV.
263 1725 330 1769 Sic
353 1739 471 1783 ergo,
492 1724 550 1768 sic
571 1723 801 1783 oportebat
823 1721 1108 1767 demonstrari
1130 1723 1335 1782 Spiritum
1358 1740 1484 1769 sanc-

100 1804 195 1838 tum
217 1795 462 1839 venientem
484 1810 613 1854 super
630 1794 864 1838 Dominum
882 1828 892 1848 ,
918 1801 968 1837 ut
1006 1792 1219 1852 intelligat
1252 1795 1485 1854 unusquis-

100 1879 202 1924 que,
218 1865 251 1908 si
266 1864 398 1908 habet
423 1864 631 1923 Spiritum
653 1871 868 1917 sanctum,
894 1861 1135 1921 simplicem
1153 1878 1196 1905 se
1218 1878 1306 1907 esse
1325 1864 1484 1907 debere

101 1935 212 1979 sicut
245 1934 493 1979 columbam
519 1951 527 1975 :
553 1935 714 1978 habere
742 1949 841 1977 cum
877 1932 1084 1977 fratribus
1117 1948 1263 1978 veram
1296 1950 1446 1993 pacem
1469 1969 1480 1989 ,

102 2022 234 2066 quam
252 2007 496 2064 significant
513 2005 658 2050 oscula
669 2005 987 2049 columbarum.
1005 2004 1178 2048 Habent
1200 2005 1315 2048 enim
1337 2005 1484 2049 oscula

103 2086 145 2121 et
162 2078 292 2131 corvi,
311 2076 442 2120 sedin
458 2077 595 2121 corvis
618 2074 723 2119 falsa
746 2091 851 2134 pax,
870 2075 914 2118 in
930 2074 1134 2118 columba
1156 2089 1254 2117 vera
1268 2090 1364 2133 pax.
1385 2077 1483 2120 Non

103 2148 243 2192 omnis
265 2162 366 2206 ergo
399 2147 475 2206 qui
497 2147 624 2201 dicit,
656 2165 677 2188 «
700 2149 787 2189 Pax
810 2145 1033 2189 vobiscum
1055 2179 1065 2198 ,
1090 2162 1109 2184 »
1136 2144 1257 2203 quasi
1279 2144 1484 2189 columba

105 2217 346 2262 audiendus
369 2226 446 2261 est.
473 2217 599 2261 Unde
622 2231 724 2274 ergo
747 2214 1053 2259 discernuntur
1085 2212 1230 2257 oscula
1253 2229 1483 2259 corvorum

105 2288 160 2332 ab
182 2286 338 2332 osculis
364 2285 665 2331 columbarum
683 2287 701 2330 P
721 2284 982 2329 Osculantur
1012 2283 1127 2327 corvi
1146 2318 1156 2338 ,
1188 2284 1263 2327 sed
1283 2283 1450 2328 laniant
1471 2304 1481 2330 ι

106 2375 128 2403 a
146 2358 311 2402 laniatu
342 2359 549 2401 innocens
576 2365 640 2401 est
661 2365 815 2400 natura
837 2354 1140 2398 columbarum
1168 2373 1176 2398 :
1198 2353 1276 2397 ubi
1297 2370 1399 2413 ergo
1417 2354 1484 2400 la-

106 2429 248 2473 niatus
265 2464 275 2484 ,
301 2443 389 2472 non
428 2437 492 2471 est
521 2442 621 2472 vera
653 2427 697 2470 in
734 2425 888 2470 osculis
916 2440 996 2484 pax
1023 2443 1031 2469 :
1057 2424 1118 2467 illi
1148 2424 1314 2469 habent
1339 2440 1485 2471 veram

157 2526 164 2542 ¹
182 2526 254 2557 Act.
274 2535 329 2563 vn,
347 2523 466 2566 51-59.
483 2539 522 2546 —
548 2529 560 2544 ²
580 2524 657 2555 Luc.
674 2532 761 2563 xxm,
789 2519 841 2562 34.

268 2601 390 2630 cxxi.
1249 2585 1299 2625 30
