<?xml version="1.0" encoding="UTF-8"?>
<!DOCTYPE html PUBLIC "-//W3C//DTD XHTML 1.0 Transitional//EN"
    "http://www.w3.org/TR/xhtml1/DTD/xhtml1-transitional.dtd">
<html xmlns="http://www.w3.org/1999/xhtml" xml:lang="en" lang="en">
 <head>
  <title>
</title>
<meta http-equiv="Content-Type" content="text/html;charset=utf-8" />
  <meta name='ocr-system' content='tesseract 3.04.00' />
  <meta name='ocr-capabilities' content='ocr_page ocr_carea ocr_par ocr_line ocrx_word'/>
</head>
<body>
  <div class='ocr_page' id='page_1' title='image "./operaomniaaccura14auguuoft_0058.png"; bbox 0 0 1819 3301; ppageno 0'>
   <div class='ocr_carea' id='block_1_1' title="bbox 355 223 1303 270">
    <p class='ocr_par' dir='ltr' id='par_1_1' title="bbox 355 223 1303 270">
     <span class='ocr_line' id='line_1_1' title="bbox 355 223 1303 270; baseline 0.002 -6"><span class='ocrx_word' id='word_1_1' title='bbox 355 223 407 264; x_wconf 78' lang='lat'>48</span> <span class='ocrx_word' id='word_1_2' title='bbox 790 237 823 266; x_wconf 88' lang='lat' dir='ltr'>s.</span> <span class='ocrx_word' id='word_1_3' title='bbox 861 238 1090 270; x_wconf 73' lang='lat' dir='ltr'>Aucusnm</span> <span class='ocrx_word' id='word_1_4' title='bbox 1124 240 1303 268; x_wconf 70' lang='lat' dir='ltr'>emscom</span> 
     </span>
    </p>
   </div>
   <div class='ocr_carea' id='block_1_2' title="bbox 353 304 1741 579">
    <p class='ocr_par' dir='ltr' id='par_1_2' title="bbox 353 304 1741 579">
     <span class='ocr_line' id='line_1_2' title="bbox 358 304 1740 364; baseline 0.001 -18"><span class='ocrx_word' id='word_1_5' title='bbox 358 305 551 357; x_wconf 83' lang='lat' dir='ltr'>Marcus,</span> <span class='ocrx_word' id='word_1_6' title='bbox 581 321 601 344; x_wconf 92' lang='lat'>«</span> <span class='ocrx_word' id='word_1_7' title='bbox 624 304 722 348; x_wconf 93' lang='lat' dir='ltr'>Non</span> <span class='ocrx_word' id='word_1_8' title='bbox 736 304 902 363; x_wconf 87' lang='lat' dir='ltr'>accepit</span> <span class='ocrx_word' id='word_1_9' title='bbox 921 324 928 349; x_wconf 82' lang='lat' dir='ltr'>z</span> <span class='ocrx_word' id='word_1_10' title='bbox 951 322 971 345; x_wconf 91' lang='lat'>»</span> <span class='ocrx_word' id='word_1_11' title='bbox 998 304 1281 364; x_wconf 76' lang='lat' dir='ltr'>intelligitur,</span> <span class='ocrx_word' id='word_1_12' title='bbox 1306 319 1395 349; x_wconf 92' lang='lat' dir='ltr'>non</span> <span class='ocrx_word' id='word_1_13' title='bbox 1414 304 1579 364; x_wconf 84' lang='lat' dir='ltr'>accepit</span> <span class='ocrx_word' id='word_1_14' title='bbox 1600 313 1650 348; x_wconf 88' lang='lat' dir='ltr'>ut</span> <span class='ocrx_word' id='word_1_15' title='bbox 1670 304 1740 348; x_wconf 80' lang='lat' dir='ltr'>bi-</span> 
     </span>
     <span class='ocr_line' id='line_1_3' title="bbox 353 372 1741 436; baseline 0.004 -21"><span class='ocrx_word' id='word_1_16' title='bbox 353 372 491 417; x_wconf 87' lang='lat' dir='ltr'>beret.</span> <span class='ocrx_word' id='word_1_17' title='bbox 512 375 710 419; x_wconf 84' lang='lat' dir='ltr'>Gustavit</span> <span class='ocrx_word' id='word_1_18' title='bbox 726 384 887 430; x_wconf 83' lang='lat' dir='ltr'>autem,</span> <span class='ocrx_word' id='word_1_19' title='bbox 908 375 1016 419; x_wconf 81' lang='lat' dir='ltr'>sicut</span> <span class='ocrx_word' id='word_1_20' title='bbox 1040 375 1274 420; x_wconf 73' lang='lat' dir='ltr'>Matthaeus</span> <span class='ocrx_word' id='word_1_21' title='bbox 1296 376 1413 420; x_wconf 89' lang='lat' dir='ltr'>testis</span> <span class='ocrx_word' id='word_1_22' title='bbox 1429 383 1492 419; x_wconf 85' lang='lat' dir='ltr'>est</span> <span class='ocrx_word' id='word_1_23' title='bbox 1516 393 1524 420; x_wconf 93' lang='lat'><strong>:</strong></span> <span class='ocrx_word' id='word_1_24' title='bbox 1549 384 1600 420; x_wconf 87' lang='lat' dir='ltr'>ut</span> <span class='ocrx_word' id='word_1_25' title='bbox 1619 375 1741 436; x_wconf 92' lang='lat' dir='ltr'>quod</span> 
     </span>
     <span class='ocr_line' id='line_1_4' title="bbox 354 443 1738 503; baseline 0.002 -15"><span class='ocrx_word' id='word_1_26' title='bbox 354 443 471 489; x_wconf 90' lang='lat' dir='ltr'>idem</span> <span class='ocrx_word' id='word_1_27' title='bbox 493 446 728 490; x_wconf 72' lang='lat' dir='ltr'>Matthaeus</span> <span class='ocrx_word' id='word_1_28' title='bbox 745 447 830 491; x_wconf 85' lang='lat' dir='ltr'>ait:</span> <span class='ocrx_word' id='word_1_29' title='bbox 854 464 874 488; x_wconf 93' lang='lat'>«</span> <span class='ocrx_word' id='word_1_30' title='bbox 896 445 1045 491; x_wconf 88' lang='lat' dir='ltr'>Noluit</span> <span class='ocrx_word' id='word_1_31' title='bbox 1058 445 1217 502; x_wconf 90' lang='lat' dir='ltr'>libere,</span> <span class='ocrx_word' id='word_1_32' title='bbox 1241 464 1261 488; x_wconf 96' lang='lat'>»</span> <span class='ocrx_word' id='word_1_33' title='bbox 1282 447 1365 492; x_wconf 94' lang='lat' dir='ltr'>hoc</span> <span class='ocrx_word' id='word_1_34' title='bbox 1380 450 1551 491; x_wconf 84' lang='lat' dir='ltr'>Marcus</span> <span class='ocrx_word' id='word_1_35' title='bbox 1567 446 1738 503; x_wconf 87' lang='lat' dir='ltr'>dixerit,</span> 
     </span>
     <span class='ocr_line' id='line_1_5' title="bbox 355 517 1559 579; baseline 0.004 -22"><span class='ocrx_word' id='word_1_36' title='bbox 355 533 376 557; x_wconf 90' lang='lat'>«</span> <span class='ocrx_word' id='word_1_37' title='bbox 411 518 508 562; x_wconf 80' lang='lat' dir='ltr'>Non</span> <span class='ocrx_word' id='word_1_38' title='bbox 534 517 722 578; x_wconf 70' lang='lat' dir='ltr'>accepit,</span> <span class='ocrx_word' id='word_1_39' title='bbox 750 536 770 560; x_wconf 91' lang='lat'>»</span> <span class='ocrx_word' id='word_1_40' title='bbox 796 517 978 562; x_wconf 82' lang='lat' dir='ltr'>tacuerit</span> <span class='ocrx_word' id='word_1_41' title='bbox 995 526 1142 562; x_wconf 89' lang='lat' dir='ltr'>autem</span> <span class='ocrx_word' id='word_1_42' title='bbox 1164 518 1286 579; x_wconf 90' lang='lat' dir='ltr'>quod</span> <span class='ocrx_word' id='word_1_43' title='bbox 1308 517 1559 577; x_wconf 72' lang='lat' dir='ltr'>gustaverit⁴</span> 
     </span>
    </p>
   </div>
   <div class='ocr_carea' id='block_1_3' title="bbox 353 674 1744 694">
    <p class='ocr_par' dir='ltr' id='par_1_3' title="bbox 353 674 1744 694">
     <span class='ocr_line' id='line_1_6' title="bbox 353 674 1744 694; baseline 0.001 -2"><span class='ocrx_word' id='word_1_44' title='bbox 353 674 393 692; x_wconf 70' lang='grc' dir='ltr'><em>Μ</em></span> <span class='ocrx_word' id='word_1_45' title='bbox 398 675 748 693; x_wconf 62' lang='lat' dir='ltr'>mmmmm</span> <span class='ocrx_word' id='word_1_46' title='bbox 752 676 1317 694; x_wconf 62' lang='lat' dir='ltr'>mmmmmmmmm</span> <span class='ocrx_word' id='word_1_47' title='bbox 1321 676 1744 694; x_wconf 61' lang='lat' dir='ltr'>mmmmm</span> 
     </span>
    </p>
   </div>
   <div class='ocr_carea' id='block_1_4' title="bbox 863 799 1229 848">
    <p class='ocr_par' dir='ltr' id='par_1_4' title="bbox 863 799 1229 848">
     <span class='ocr_line' id='line_1_7' title="bbox 863 799 1229 848; baseline 0 -1"><span class='ocrx_word' id='word_1_48' title='bbox 863 799 1078 848; x_wconf 85' lang='lat' dir='ltr'><strong>CAPUT</strong></span> <span class='ocrx_word' id='word_1_49' title='bbox 1114 802 1229 848; x_wconf 77' lang='lat' dir='ltr'>th.</span> 
     </span>
    </p>
   </div>
   <div class='ocr_carea' id='block_1_5' title="bbox 820 944 1275 1004">
    <p class='ocr_par' dir='ltr' id='par_1_5' title="bbox 820 944 1275 1004">
     <span class='ocr_line' id='line_1_8' title="bbox 820 944 1275 1004; baseline -0.004 -14"><span class='ocrx_word' id='word_1_50' title='bbox 820 944 1041 990; x_wconf 77' lang='lat' dir='ltr'>Vestimn</span> <span class='ocrx_word' id='word_1_51' title='bbox 1059 944 1275 1004; x_wconf 72' lang='lat' dir='ltr'>partitio.</span> 
     </span>
    </p>
   </div>
   <div class='ocr_carea' id='block_1_6' title="bbox 351 1082 1744 2182">
    <p class='ocr_par' dir='ltr' id='par_1_6' title="bbox 351 1082 1744 2182">
     <span class='ocr_line' id='line_1_9' title="bbox 410 1082 1742 1140; baseline 0 -16"><span class='ocrx_word' id='word_1_52' title='bbox 410 1082 619 1125; x_wconf 85' lang='lat' dir='ltr'>XXXIX.</span> <span class='ocrx_word' id='word_1_53' title='bbox 649 1083 868 1134; x_wconf 53' lang='lat' dir='ltr'>Semurium</span> <span class='ocrx_word' id='word_1_54' title='bbox 890 1082 1124 1126; x_wconf 73' lang='lat' dir='ltr'>Matthaeus</span> <span class='ocrx_word' id='word_1_55' title='bbox 1148 1100 1156 1125; x_wconf 89' lang='lat'>:</span> <span class='ocrx_word' id='word_1_56' title='bbox 1180 1099 1200 1122; x_wconf 87' lang='lat'>«</span> <span class='ocrx_word' id='word_1_57' title='bbox 1222 1084 1456 1140; x_wconf 86' lang='lat' dir='ltr'>Postquam</span> <span class='ocrx_word' id='word_1_58' title='bbox 1476 1089 1621 1124; x_wconf 88' lang='lat' dir='ltr'>autem</span> <span class='ocrx_word' id='word_1_59' title='bbox 1643 1095 1742 1125; x_wconf 85' lang='lat' dir='ltr'>cru-</span> 
     </span>
     <span class='ocr_line' id='line_1_10' title="bbox 355 1151 1744 1211; baseline 0.001 -17"><span class='ocrx_word' id='word_1_60' title='bbox 355 1170 376 1195; x_wconf 94' lang='lat'>»</span> <span class='ocrx_word' id='word_1_61' title='bbox 411 1152 641 1196; x_wconf 84' lang='lat' dir='ltr'>cifixerunt</span> <span class='ocrx_word' id='word_1_62' title='bbox 662 1168 779 1206; x_wconf 91' lang='lat' dir='ltr'>eum,</span> <span class='ocrx_word' id='word_1_63' title='bbox 805 1152 1046 1196; x_wconf 88' lang='lat' dir='ltr'>diviserunt</span> <span class='ocrx_word' id='word_1_64' title='bbox 1062 1153 1318 1196; x_wconf 81' lang='lat' dir='ltr'>vestimenta</span> <span class='ocrx_word' id='word_1_65' title='bbox 1337 1153 1444 1211; x_wconf 85' lang='lat' dir='ltr'>ejus,</span> <span class='ocrx_word' id='word_1_66' title='bbox 1465 1161 1624 1195; x_wconf 82' lang='lat' dir='ltr'>sortem</span> <span class='ocrx_word' id='word_1_67' title='bbox 1645 1151 1744 1196; x_wconf 83' lang='lat' dir='ltr'>mit-</span> 
     </span>
     <span class='ocr_line' id='line_1_11' title="bbox 355 1221 1742 1280; baseline 0.002 -17"><span class='ocrx_word' id='word_1_68' title='bbox 355 1240 376 1263; x_wconf 88' lang='lat'>»</span> <span class='ocrx_word' id='word_1_69' title='bbox 412 1232 574 1280; x_wconf 63' lang='lat' dir='ltr'>tentes,</span> <span class='ocrx_word' id='word_1_70' title='bbox 597 1232 640 1267; x_wconf 88' lang='lat' dir='ltr'>et</span> <span class='ocrx_word' id='word_1_71' title='bbox 657 1223 870 1278; x_wconf 82' lang='lat' dir='ltr'>sedentes,</span> <span class='ocrx_word' id='word_1_72' title='bbox 891 1223 1121 1266; x_wconf 83' lang='lat' dir='ltr'>servabant</span> <span class='ocrx_word' id='word_1_73' title='bbox 1140 1225 1274 1267; x_wconf 84' lang='lat' dir='ltr'>eum¹.</span> <span class='ocrx_word' id='word_1_74' title='bbox 1292 1225 1418 1266; x_wconf 88' lang='lat' dir='ltr'>»Hoc</span> <span class='ocrx_word' id='word_1_75' title='bbox 1437 1221 1550 1265; x_wconf 90' lang='lat' dir='ltr'>idem</span> <span class='ocrx_word' id='word_1_76' title='bbox 1570 1225 1742 1267; x_wconf 85' lang='lat' dir='ltr'>Marcus</span> 
     </span>
     <span class='ocr_line' id='line_1_12' title="bbox 351 1292 1738 1353; baseline -0.001 -16"><span class='ocrx_word' id='word_1_77' title='bbox 351 1293 409 1337; x_wconf 90' lang='lat' dir='ltr'>sic</span> <span class='ocrx_word' id='word_1_78' title='bbox 435 1312 443 1338; x_wconf 92' lang='lat'>:</span> <span class='ocrx_word' id='word_1_79' title='bbox 474 1312 493 1335; x_wconf 91' lang='lat'>«</span> <span class='ocrx_word' id='word_1_80' title='bbox 521 1297 577 1339; x_wconf 81' lang='lat' dir='ltr'>Et</span> <span class='ocrx_word' id='word_1_81' title='bbox 609 1294 912 1352; x_wconf 75' lang='lat' dir='ltr'>crucifigentes</span> <span class='ocrx_word' id='word_1_82' title='bbox 935 1308 1034 1337; x_wconf 86' lang='lat' dir='ltr'>eum</span> <span class='ocrx_word' id='word_1_83' title='bbox 1066 1293 1306 1337; x_wconf 84' lang='lat' dir='ltr'>diviserunt</span> <span class='ocrx_word' id='word_1_84' title='bbox 1335 1292 1592 1337; x_wconf 86' lang='lat' dir='ltr'>vestimenta</span> <span class='ocrx_word' id='word_1_85' title='bbox 1625 1294 1738 1353; x_wconf 86' lang='lat' dir='ltr'>ejus,</span> 
     </span>
     <span class='ocr_line' id='line_1_13' title="bbox 354 1362 1742 1424; baseline 0.004 -20"><span class='ocrx_word' id='word_1_86' title='bbox 354 1381 375 1404; x_wconf 92' lang='lat'>»</span> <span class='ocrx_word' id='word_1_87' title='bbox 412 1364 634 1408; x_wconf 83' lang='lat' dir='ltr'>mittentes</span> <span class='ocrx_word' id='word_1_88' title='bbox 667 1372 826 1408; x_wconf 88' lang='lat' dir='ltr'>sortem</span> <span class='ocrx_word' id='word_1_89' title='bbox 860 1379 989 1423; x_wconf 88' lang='lat' dir='ltr'>super</span> <span class='ocrx_word' id='word_1_90' title='bbox 1021 1365 1080 1408; x_wconf 93' lang='lat' dir='ltr'>eis</span> <span class='ocrx_word' id='word_1_91' title='bbox 1109 1365 1204 1424; x_wconf 88' lang='lat' dir='ltr'>quis</span> <span class='ocrx_word' id='word_1_92' title='bbox 1224 1362 1333 1424; x_wconf 88' lang='lat' dir='ltr'>quid</span> <span class='ocrx_word' id='word_1_93' title='bbox 1359 1363 1573 1408; x_wconf 81' lang='lat' dir='ltr'>tolleret2.</span> <span class='ocrx_word' id='word_1_94' title='bbox 1602 1382 1622 1404; x_wconf 94' lang='lat'>»</span> <span class='ocrx_word' id='word_1_95' title='bbox 1649 1366 1742 1408; x_wconf 90' lang='lat' dir='ltr'>Hoc</span> 
     </span>
     <span class='ocr_line' id='line_1_14' title="bbox 352 1433 1742 1494; baseline 0.001 -17"><span class='ocrx_word' id='word_1_96' title='bbox 352 1438 490 1478; x_wconf 85' lang='lat' dir='ltr'>Lucas</span> <span class='ocrx_word' id='word_1_97' title='bbox 513 1435 572 1479; x_wconf 88' lang='lat' dir='ltr'>sic</span> <span class='ocrx_word' id='word_1_98' title='bbox 597 1435 654 1478; x_wconf 82' lang='lat' dir='ltr'>ait</span> <span class='ocrx_word' id='word_1_99' title='bbox 682 1454 690 1480; x_wconf 92' lang='lat'>:</span> <span class='ocrx_word' id='word_1_100' title='bbox 722 1453 741 1475; x_wconf 89' lang='lat'>«</span> <span class='ocrx_word' id='word_1_101' title='bbox 768 1434 1020 1478; x_wconf 88' lang='lat' dir='ltr'>Dividcntes</span> <span class='ocrx_word' id='word_1_102' title='bbox 1042 1449 1145 1478; x_wconf 86' lang='lat' dir='ltr'>vero</span> <span class='ocrx_word' id='word_1_103' title='bbox 1170 1434 1426 1478; x_wconf 85' lang='lat' dir='ltr'>vestimenta</span> <span class='ocrx_word' id='word_1_104' title='bbox 1459 1435 1576 1494; x_wconf 86' lang='lat' dir='ltr'>ejus,</span> <span class='ocrx_word' id='word_1_105' title='bbox 1610 1433 1742 1478; x_wconf 87' lang='lat' dir='ltr'>mise-</span> 
     </span>
     <span class='ocr_line' id='line_1_15' title="bbox 354 1504 1743 1564; baseline 0.002 -19"><span class='ocrx_word' id='word_1_106' title='bbox 354 1523 374 1545; x_wconf 93' lang='lat'>»</span> <span class='ocrx_word' id='word_1_107' title='bbox 411 1515 514 1549; x_wconf 84' lang='lat' dir='ltr'>runt</span> <span class='ocrx_word' id='word_1_108' title='bbox 536 1515 691 1560; x_wconf 86' lang='lat' dir='ltr'>sortes,</span> <span class='ocrx_word' id='word_1_109' title='bbox 721 1515 764 1549; x_wconf 89' lang='lat' dir='ltr'>et</span> <span class='ocrx_word' id='word_1_110' title='bbox 793 1506 935 1549; x_wconf 81' lang='lat' dir='ltr'>stabat</span> <span class='ocrx_word' id='word_1_111' title='bbox 968 1505 1156 1564; x_wconf 87' lang='lat' dir='ltr'>populus</span> <span class='ocrx_word' id='word_1_112' title='bbox 1185 1505 1427 1564; x_wconf 79' lang='lat' dir='ltr'>spectans3.</span> <span class='ocrx_word' id='word_1_113' title='bbox 1452 1523 1471 1545; x_wconf 94' lang='lat'>»</span> <span class='ocrx_word' id='word_1_114' title='bbox 1498 1504 1692 1548; x_wconf 87' lang='lat' dir='ltr'>Breviter</span> <span class='ocrx_word' id='word_1_115' title='bbox 1718 1520 1743 1548; x_wconf 89' lang='lat' dir='ltr'>a</span> 
     </span>
     <span class='ocr_line' id='line_1_16' title="bbox 352 1573 1744 1634; baseline 0 -15"><span class='ocrx_word' id='word_1_116' title='bbox 352 1576 489 1619; x_wconf 88' lang='lat' dir='ltr'>tribus</span> <span class='ocrx_word' id='word_1_117' title='bbox 519 1576 685 1629; x_wconf 79' lang='lat' dir='ltr'>dictum</span> <span class='ocrx_word' id='word_1_118' title='bbox 704 1585 767 1620; x_wconf 89' lang='lat' dir='ltr'>est</span> <span class='ocrx_word' id='word_1_119' title='bbox 788 1595 796 1620; x_wconf 81' lang='lat' dir='ltr'>z</span> <span class='ocrx_word' id='word_1_120' title='bbox 815 1579 1002 1620; x_wconf 82' lang='lat' dir='ltr'>Joanne&#39;s</span> <span class='ocrx_word' id='word_1_121' title='bbox 1025 1584 1170 1619; x_wconf 87' lang='lat' dir='ltr'>autem</span> <span class='ocrx_word' id='word_1_122' title='bbox 1193 1575 1437 1619; x_wconf 89' lang='lat' dir='ltr'>distinctius</span> <span class='ocrx_word' id='word_1_123' title='bbox 1455 1575 1538 1619; x_wconf 90' lang='lat' dir='ltr'>hoc</span> <span class='ocrx_word' id='word_1_124' title='bbox 1560 1573 1744 1634; x_wconf 85' lang='lat' dir='ltr'>explicat</span> 
     </span>
     <span class='ocr_line' id='line_1_17' title="bbox 352 1644 1743 1705; baseline -0.001 -16"><span class='ocrx_word' id='word_1_125' title='bbox 352 1646 724 1705; x_wconf 81' lang='lat' dir='ltr'>quemadmodum</span> <span class='ocrx_word' id='word_1_126' title='bbox 750 1656 916 1705; x_wconf 83' lang='lat' dir='ltr'>gestum</span> <span class='ocrx_word' id='word_1_127' title='bbox 942 1647 993 1689; x_wconf 91' lang='lat' dir='ltr'>sit</span> <span class='ocrx_word' id='word_1_128' title='bbox 1020 1665 1028 1690; x_wconf 93' lang='lat'><strong>:</strong></span> <span class='ocrx_word' id='word_1_129' title='bbox 1059 1665 1078 1687; x_wconf 89' lang='lat'>«</span> <span class='ocrx_word' id='word_1_130' title='bbox 1111 1645 1270 1689; x_wconf 87' lang='lat' dir='ltr'>Milites</span> <span class='ocrx_word' id='word_1_131' title='bbox 1293 1660 1420 1703; x_wconf 80' lang='lat' dir='ltr'>ergo,</span> <span class='ocrx_word' id='word_1_132' title='bbox 1446 1644 1616 1704; x_wconf 86' lang='lat' dir='ltr'>inquit,</span> <span class='ocrx_word' id='word_1_133' title='bbox 1642 1660 1743 1689; x_wconf 89' lang='lat' dir='ltr'>cum</span> 
     </span>
     <span class='ocr_line' id='line_1_18' title="bbox 358 1714 1743 1776; baseline 0.002 -20"><span class='ocrx_word' id='word_1_134' title='bbox 358 1736 374 1757; x_wconf 90' lang='lat'>»</span> <span class='ocrx_word' id='word_1_135' title='bbox 411 1716 721 1760; x_wconf 83' lang='lat' dir='ltr'>crucifixissent</span> <span class='ocrx_word' id='word_1_136' title='bbox 741 1732 860 1771; x_wconf 87' lang='lat' dir='ltr'>eum,</span> <span class='ocrx_word' id='word_1_137' title='bbox 884 1725 1146 1775; x_wconf 84' lang='lat' dir='ltr'>acceperunt</span> <span class='ocrx_word' id='word_1_138' title='bbox 1162 1716 1419 1760; x_wconf 85' lang='lat' dir='ltr'>vestimenta</span> <span class='ocrx_word' id='word_1_139' title='bbox 1441 1717 1549 1776; x_wconf 85' lang='lat' dir='ltr'>ejus,</span> <span class='ocrx_word' id='word_1_140' title='bbox 1571 1723 1613 1758; x_wconf 89' lang='lat' dir='ltr'>et</span> <span class='ocrx_word' id='word_1_141' title='bbox 1634 1714 1743 1759; x_wconf 86' lang='lat' dir='ltr'>fece-</span> 
     </span>
     <span class='ocr_line' id='line_1_19' title="bbox 356 1786 1742 1846; baseline 0.002 -20"><span class='ocrx_word' id='word_1_142' title='bbox 356 1804 375 1827; x_wconf 91' lang='lat'>»</span> <span class='ocrx_word' id='word_1_143' title='bbox 412 1795 516 1830; x_wconf 86' lang='lat' dir='ltr'>runt</span> <span class='ocrx_word' id='word_1_144' title='bbox 537 1795 725 1846; x_wconf 77' lang='lat' dir='ltr'>quatuor</span> <span class='ocrx_word' id='word_1_145' title='bbox 746 1796 911 1846; x_wconf 86' lang='lat' dir='ltr'>partes,</span> <span class='ocrx_word' id='word_1_146' title='bbox 937 1787 1175 1846; x_wconf 85' lang='lat' dir='ltr'>unicuique</span> <span class='ocrx_word' id='word_1_147' title='bbox 1197 1787 1324 1830; x_wconf 88' lang='lat' dir='ltr'>militi</span> <span class='ocrx_word' id='word_1_148' title='bbox 1346 1796 1511 1846; x_wconf 81' lang='lat' dir='ltr'>partem</span> <span class='ocrx_word' id='word_1_149' title='bbox 1526 1822 1536 1841; x_wconf 94' lang='lat'>,</span> <span class='ocrx_word' id='word_1_150' title='bbox 1559 1795 1603 1830; x_wconf 93' lang='lat' dir='ltr'>et</span> <span class='ocrx_word' id='word_1_151' title='bbox 1619 1786 1742 1830; x_wconf 90' lang='lat' dir='ltr'>tuni-</span> 
     </span>
     <span class='ocr_line' id='line_1_20' title="bbox 355 1858 1742 1917; baseline 0.003 -19"><span class='ocrx_word' id='word_1_152' title='bbox 355 1875 376 1899; x_wconf 90' lang='lat'>»</span> <span class='ocrx_word' id='word_1_153' title='bbox 412 1872 521 1901; x_wconf 87' lang='lat' dir='ltr'>cam.</span> <span class='ocrx_word' id='word_1_154' title='bbox 557 1860 662 1901; x_wconf 88' lang='lat' dir='ltr'>Erat</span> <span class='ocrx_word' id='word_1_155' title='bbox 685 1867 829 1901; x_wconf 86' lang='lat' dir='ltr'>autem</span> <span class='ocrx_word' id='word_1_156' title='bbox 853 1858 999 1902; x_wconf 86' lang='lat' dir='ltr'>tunica</span> <span class='ocrx_word' id='word_1_157' title='bbox 1023 1858 1294 1902; x_wconf 87' lang='lat' dir='ltr'>inconsutilis</span> <span class='ocrx_word' id='word_1_158' title='bbox 1323 1858 1510 1917; x_wconf 83' lang='lat' dir='ltr'>desuper</span> <span class='ocrx_word' id='word_1_159' title='bbox 1541 1867 1742 1902; x_wconf 79' lang='lat' dir='ltr'>contexta</span> 
     </span>
     <span class='ocr_line' id='line_1_21' title="bbox 355 1928 1743 1987; baseline 0.001 -17"><span class='ocrx_word' id='word_1_160' title='bbox 355 1945 376 1969; x_wconf 94' lang='lat'>»</span> <span class='ocrx_word' id='word_1_161' title='bbox 413 1943 489 1987; x_wconf 90' lang='lat' dir='ltr'>per</span> <span class='ocrx_word' id='word_1_162' title='bbox 514 1936 671 1971; x_wconf 89' lang='lat' dir='ltr'>totum.</span> <span class='ocrx_word' id='word_1_163' title='bbox 699 1928 909 1971; x_wconf 74' lang='lat' dir='ltr'>Dixerunt</span> <span class='ocrx_word' id='word_1_164' title='bbox 932 1942 1033 1985; x_wconf 81' lang='lat' dir='ltr'>ergo</span> <span class='ocrx_word' id='word_1_165' title='bbox 1055 1929 1110 1971; x_wconf 86' lang='lat' dir='ltr'>ad</span> <span class='ocrx_word' id='word_1_166' title='bbox 1143 1928 1353 1972; x_wconf 84' lang='lat' dir='ltr'>invicem:</span> <span class='ocrx_word' id='word_1_167' title='bbox 1372 1931 1469 1973; x_wconf 89' lang='lat' dir='ltr'>Non</span> <span class='ocrx_word' id='word_1_168' title='bbox 1492 1928 1743 1973; x_wconf 84' lang='lat' dir='ltr'>scindamus</span> 
     </span>
     <span class='ocr_line' id='line_1_22' title="bbox 357 1998 1744 2058; baseline 0.003 -19"><span class='ocrx_word' id='word_1_169' title='bbox 357 2016 377 2040; x_wconf 93' lang='lat'>»</span> <span class='ocrx_word' id='word_1_170' title='bbox 412 2013 530 2052; x_wconf 85' lang='lat' dir='ltr'>cam,</span> <span class='ocrx_word' id='word_1_171' title='bbox 556 1999 631 2042; x_wconf 87' lang='lat' dir='ltr'>sed</span> <span class='ocrx_word' id='word_1_172' title='bbox 658 1999 888 2042; x_wconf 82' lang='lat' dir='ltr'>sortiamur</span> <span class='ocrx_word' id='word_1_173' title='bbox 910 1998 964 2041; x_wconf 89' lang='lat' dir='ltr'>de</span> <span class='ocrx_word' id='word_1_174' title='bbox 986 1998 1059 2042; x_wconf 87' lang='lat' dir='ltr'>illa</span> <span class='ocrx_word' id='word_1_175' title='bbox 1079 2000 1203 2058; x_wconf 83' lang='lat' dir='ltr'>cujus</span> <span class='ocrx_word' id='word_1_176' title='bbox 1229 2000 1285 2043; x_wconf 89' lang='lat' dir='ltr'>sit</span> <span class='ocrx_word' id='word_1_177' title='bbox 1309 2019 1317 2044; x_wconf 78' lang='lat' dir='ltr'>z</span> <span class='ocrx_word' id='word_1_178' title='bbox 1344 2009 1394 2044; x_wconf 93' lang='lat' dir='ltr'>ut</span> <span class='ocrx_word' id='word_1_179' title='bbox 1418 2000 1637 2058; x_wconf 84' lang='lat' dir='ltr'>Scriptura</span> <span class='ocrx_word' id='word_1_180' title='bbox 1660 2001 1744 2043; x_wconf 92' lang='lat' dir='ltr'>im-</span> 
     </span>
     <span class='ocr_line' id='line_1_23' title="bbox 357 2068 1742 2128; baseline 0.002 -19"><span class='ocrx_word' id='word_1_181' title='bbox 357 2086 377 2109; x_wconf 92' lang='lat'>»</span> <span class='ocrx_word' id='word_1_182' title='bbox 415 2068 608 2128; x_wconf 87' lang='lat' dir='ltr'>pleretur</span> <span class='ocrx_word' id='word_1_183' title='bbox 630 2069 777 2113; x_wconf 87' lang='lat' dir='ltr'>dicens</span> <span class='ocrx_word' id='word_1_184' title='bbox 798 2087 807 2113; x_wconf 73' lang='lat' dir='ltr'>e</span> <span class='ocrx_word' id='word_1_185' title='bbox 829 2068 980 2112; x_wconf 83' lang='lat' dir='ltr'>Partiti</span> <span class='ocrx_word' id='word_1_186' title='bbox 1008 2079 1108 2113; x_wconf 89' lang='lat' dir='ltr'>sunt</span> <span class='ocrx_word' id='word_1_187' title='bbox 1122 2070 1380 2113; x_wconf 86' lang='lat' dir='ltr'>vestimenta</span> <span class='ocrx_word' id='word_1_188' title='bbox 1397 2085 1492 2113; x_wconf 87' lang='lat' dir='ltr'>mea</span> <span class='ocrx_word' id='word_1_189' title='bbox 1510 2069 1587 2113; x_wconf 85' lang='lat' dir='ltr'>sibi</span> <span class='ocrx_word' id='word_1_190' title='bbox 1601 2104 1611 2124; x_wconf 94' lang='lat'>,</span> <span class='ocrx_word' id='word_1_191' title='bbox 1637 2069 1742 2113; x_wconf 87' lang='lat' dir='ltr'>etin</span> 
     </span>
     <span class='ocr_line' id='line_1_24' title="bbox 357 2137 1220 2182; baseline 0.001 -4"><span class='ocrx_word' id='word_1_192' title='bbox 357 2156 376 2178; x_wconf 93' lang='lat'>»</span> <span class='ocrx_word' id='word_1_193' title='bbox 412 2146 575 2181; x_wconf 87' lang='lat' dir='ltr'>vestem</span> <span class='ocrx_word' id='word_1_194' title='bbox 590 2153 729 2182; x_wconf 85' lang='lat' dir='ltr'>meam</span> <span class='ocrx_word' id='word_1_195' title='bbox 748 2137 961 2181; x_wconf 89' lang='lat' dir='ltr'>miserunt</span> <span class='ocrx_word' id='word_1_196' title='bbox 977 2139 1173 2182; x_wconf 45' lang='lat' dir='ltr'>sortem&amp;</span> <span class='ocrx_word' id='word_1_197' title='bbox 1201 2157 1220 2179; x_wconf 91' lang='lat'>»</span> 
     </span>
    </p>
   </div>
   <div class='ocr_carea' id='block_1_7' title="bbox 353 2233 1741 2333">
    <p class='ocr_par' dir='ltr' id='par_1_7' title="bbox 353 2233 1741 2333">
     <span class='ocr_line' id='line_1_25' title="bbox 403 2233 1741 2277; baseline 0.002 -13"><span class='ocrx_word' id='word_1_198' title='bbox 403 2241 410 2256; x_wconf 86' lang='lat'><em>¹</em></span> <span class='ocrx_word' id='word_1_199' title='bbox 434 2234 554 2266; x_wconf 80' lang='lat' dir='ltr'>Matth.</span> <span class='ocrx_word' id='word_1_200' title='bbox 575 2245 674 2275; x_wconf 82' lang='lat' dir='ltr'>xxvn,</span> <span class='ocrx_word' id='word_1_201' title='bbox 701 2234 755 2274; x_wconf 82' lang='lat'>35,</span> <span class='ocrx_word' id='word_1_202' title='bbox 776 2234 828 2266; x_wconf 88' lang='lat'>36.</span> <span class='ocrx_word' id='word_1_203' title='bbox 850 2251 891 2256; x_wconf 97' lang='lat'><strong>—</strong></span> <span class='ocrx_word' id='word_1_204' title='bbox 911 2241 924 2256; x_wconf 87' lang='lat'>²</span> <span class='ocrx_word' id='word_1_205' title='bbox 952 2235 1054 2267; x_wconf 79' lang='lat' dir='ltr'>Marc.</span> <span class='ocrx_word' id='word_1_206' title='bbox 1080 2245 1135 2270; x_wconf 76' lang='lat' dir='ltr'>xv,</span> <span class='ocrx_word' id='word_1_207' title='bbox 1161 2233 1214 2277; x_wconf 66' lang='grc'>24.</span> <span class='ocrx_word' id='word_1_208' title='bbox 1243 2252 1284 2259; x_wconf 83' lang='lat'><em>-</em></span> <span class='ocrx_word' id='word_1_209' title='bbox 1306 2233 1319 2259; x_wconf 82' lang='lat'>³</span> <span class='ocrx_word' id='word_1_210' title='bbox 1339 2237 1415 2268; x_wconf 71' lang='lat' dir='ltr'>Lim.</span> <span class='ocrx_word' id='word_1_211' title='bbox 1434 2246 1520 2277; x_wconf 69' lang='lat' dir='ltr'>xxm,</span> <span class='ocrx_word' id='word_1_212' title='bbox 1549 2234 1604 2277; x_wconf 71' lang='grc'>34,</span> <span class='ocrx_word' id='word_1_213' title='bbox 1625 2235 1677 2268; x_wconf 84' lang='grc'>35.</span> <span class='ocrx_word' id='word_1_214' title='bbox 1699 2252 1741 2259; x_wconf 90' lang='grc'>-</span> 
     </span>
     <span class='ocr_line' id='line_1_26' title="bbox 353 2288 1005 2333; baseline 0.005 -13"><span class='ocrx_word' id='word_1_215' title='bbox 353 2288 370 2319; x_wconf 69' lang='lat' dir='ltr'>lo</span> <span class='ocrx_word' id='word_1_216' title='bbox 388 2292 478 2322; x_wconf 85' lang='lat' dir='ltr'>Joan.</span> <span class='ocrx_word' id='word_1_217' title='bbox 494 2302 555 2332; x_wconf 76' lang='lat' dir='ltr'>xix,</span> <span class='ocrx_word' id='word_1_218' title='bbox 569 2291 624 2333; x_wconf 80' lang='lat'>23,</span> <span class='ocrx_word' id='word_1_219' title='bbox 645 2291 701 2333; x_wconf 74' lang='grc'>24,</span> <span class='ocrx_word' id='word_1_220' title='bbox 720 2295 754 2324; x_wconf 82' lang='lat' dir='ltr'>et</span> <span class='ocrx_word' id='word_1_221' title='bbox 772 2290 849 2322; x_wconf 74' lang='lat' dir='ltr'>psat.</span> <span class='ocrx_word' id='word_1_222' title='bbox 871 2302 935 2331; x_wconf 61' lang='grc' dir='ltr'>ιιι,</span> <span class='ocrx_word' id='word_1_223' title='bbox 955 2302 1005 2333; x_wconf 84' lang='lat'>¹9·</span> 
     </span>
    </p>
   </div>
   <div class='ocr_carea' id='block_1_8' title="bbox 1794 1405 1819 3301">
    <p class='ocr_par' dir='ltr' id='par_1_8' title="bbox 1794 1405 1819 3301">
     <span class='ocr_line' id='line_1_27' title="bbox 1794 1405 1819 3301; baseline 0 0"><span class='ocrx_word' id='word_1_224' title='bbox 1794 1405 1819 3301; x_wconf 95' lang='lat' dir='ltr'> </span> 
     </span>
    </p>
   </div>
  </div>
 </body>
</html>
