<?xml version="1.0" encoding="UTF-8"?>
<!DOCTYPE html PUBLIC "-//W3C//DTD XHTML 1.0 Transitional//EN"
    "http://www.w3.org/TR/xhtml1/DTD/xhtml1-transitional.dtd">
<html xmlns="http://www.w3.org/1999/xhtml" xml:lang="en" lang="en">
 <head>
  <title>
</title>
<meta http-equiv="Content-Type" content="text/html;charset=utf-8" />
  <meta name='ocr-system' content='tesseract 3.04.00' />
  <meta name='ocr-capabilities' content='ocr_page ocr_carea ocr_par ocr_line ocrx_word'/>
</head>
<body>
  <div class='ocr_page' id='page_1' title='image "./operaomniaaccura14auguuoft_0403.png"; bbox 0 0 1819 3301; ppageno 0'>
   <div class='ocr_carea' id='block_1_1' title="bbox 322 280 1488 330">
    <p class='ocr_par' dir='ltr' id='par_1_1' title="bbox 322 280 1488 330">
     <span class='ocr_line' id='line_1_1' title="bbox 322 280 1488 330; baseline -0.003 -10"><span class='ocrx_word' id='word_1_1' title='bbox 322 292 609 330; x_wconf 78' lang='lat' dir='ltr'>QUAESTIONUM</span> <span class='ocrx_word' id='word_1_2' title='bbox 641 282 963 328; x_wconf 72' lang='lat' dir='ltr'>SEPTEMDEcnvi,</span> <span class='ocrx_word' id='word_1_3' title='bbox 999 292 1123 318; x_wconf 80' lang='lat' dir='ltr'>LIBER</span> <span class='ocrx_word' id='word_1_4' title='bbox 1155 292 1279 318; x_wconf 70' lang='lat' dir='ltr'>Unus.</span> <span class='ocrx_word' id='word_1_5' title='bbox 1411 280 1488 316; x_wconf 84' lang='lat'>371</span> 
     </span>
    </p>
   </div>
   <div class='ocr_carea' id='block_1_2' title="bbox 116 355 1521 2590">
    <p class='ocr_par' dir='ltr' id='par_1_2' title="bbox 116 355 1521 2590">
     <span class='ocr_line' id='line_1_2' title="bbox 117 355 1493 417; baseline -0.002 -17"><span class='ocrx_word' id='word_1_6' title='bbox 117 357 295 401; x_wconf 85' lang='lat' dir='ltr'>certatio</span> <span class='ocrx_word' id='word_1_7' title='bbox 308 357 566 416; x_wconf 83' lang='lat' dir='ltr'>periculosa,</span> <span class='ocrx_word' id='word_1_8' title='bbox 582 356 653 402; x_wconf 85' lang='lat' dir='ltr'>vel</span> <span class='ocrx_word' id='word_1_9' title='bbox 665 356 893 417; x_wconf 74' lang='lat' dir='ltr'>quaerenti,</span> <span class='ocrx_word' id='word_1_10' title='bbox 908 355 977 401; x_wconf 89' lang='lat' dir='ltr'>vel</span> <span class='ocrx_word' id='word_1_11' title='bbox 990 355 1029 400; x_wconf 77' lang='lat' dir='ltr'>ei</span> <span class='ocrx_word' id='word_1_12' title='bbox 1049 370 1149 399; x_wconf 90' lang='lat' dir='ltr'>cum</span> <span class='ocrx_word' id='word_1_13' title='bbox 1161 370 1250 414; x_wconf 87' lang='lat' dir='ltr'>quo</span> <span class='ocrx_word' id='word_1_14' title='bbox 1267 356 1493 413; x_wconf 84' lang='lat' dir='ltr'>quaeritur,</span> 
     </span>
     <span class='ocr_line' id='line_1_3' title="bbox 116 424 1498 487; baseline -0.003 -16"><span class='ocrx_word' id='word_1_15' title='bbox 116 427 186 472; x_wconf 89' lang='lat' dir='ltr'>vel</span> <span class='ocrx_word' id='word_1_16' title='bbox 207 427 265 471; x_wconf 82' lang='lat' dir='ltr'>eis</span> <span class='ocrx_word' id='word_1_17' title='bbox 290 428 366 487; x_wconf 90' lang='lat' dir='ltr'>qui</span> <span class='ocrx_word' id='word_1_18' title='bbox 388 427 638 471; x_wconf 83' lang='lat' dir='ltr'>disserentes</span> <span class='ocrx_word' id='word_1_19' title='bbox 661 427 860 471; x_wconf 88' lang='lat' dir='ltr'>audiunt.</span> <span class='ocrx_word' id='word_1_20' title='bbox 886 429 949 470; x_wconf 88' lang='lat' dir='ltr'>lta</span> <span class='ocrx_word' id='word_1_21' title='bbox 974 435 1116 471; x_wconf 89' lang='lat' dir='ltr'>autem</span> <span class='ocrx_word' id='word_1_22' title='bbox 1140 426 1318 479; x_wconf 86' lang='lat' dir='ltr'>docent,</span> <span class='ocrx_word' id='word_1_23' title='bbox 1336 425 1369 468; x_wconf 90' lang='lat' dir='ltr'>si</span> <span class='ocrx_word' id='word_1_24' title='bbox 1390 424 1498 483; x_wconf 86' lang='lat' dir='ltr'>quid</span> 
     </span>
     <span class='ocr_line' id='line_1_4' title="bbox 117 494 1500 550; baseline -0.002 -10"><span class='ocrx_word' id='word_1_25' title='bbox 117 497 364 541; x_wconf 91' lang='lat' dir='ltr'>docendum</span> <span class='ocrx_word' id='word_1_26' title='bbox 387 497 567 550; x_wconf 87' lang='lat' dir='ltr'>habent,</span> <span class='ocrx_word' id='word_1_27' title='bbox 587 505 637 540; x_wconf 89' lang='lat' dir='ltr'>ut</span> <span class='ocrx_word' id='word_1_28' title='bbox 654 498 808 541; x_wconf 85' lang='lat' dir='ltr'>usitata</span> <span class='ocrx_word' id='word_1_29' title='bbox 830 506 873 541; x_wconf 88' lang='lat' dir='ltr'>et</span> <span class='ocrx_word' id='word_1_30' title='bbox 888 497 1141 541; x_wconf 87' lang='lat' dir='ltr'>confirmata</span> <span class='ocrx_word' id='word_1_31' title='bbox 1158 494 1425 540; x_wconf 81' lang='lat' dir='ltr'>securissime</span> <span class='ocrx_word' id='word_1_32' title='bbox 1456 502 1500 537; x_wconf 88' lang='lat' dir='ltr'>et</span> 
     </span>
     <span class='ocr_line' id='line_1_5' title="bbox 118 565 1498 627; baseline -0.003 -16"><span class='ocrx_word' id='word_1_33' title='bbox 118 567 415 622; x_wconf 87' lang='lat' dir='ltr'>fidentissime,</span> <span class='ocrx_word' id='word_1_34' title='bbox 442 577 484 611; x_wconf 92' lang='lat' dir='ltr'>et</span> <span class='ocrx_word' id='word_1_35' title='bbox 504 566 735 622; x_wconf 83' lang='lat' dir='ltr'>lenissime,</span> <span class='ocrx_word' id='word_1_36' title='bbox 760 577 810 611; x_wconf 87' lang='lat' dir='ltr'>ut</span> <span class='ocrx_word' id='word_1_37' title='bbox 826 577 1022 627; x_wconf 85' lang='lat' dir='ltr'>possunt,</span> <span class='ocrx_word' id='word_1_38' title='bbox 1042 565 1498 611; x_wconf 75' lang='lat' dir='ltr'>insinuenttinusitata</span> 
     </span>
     <span class='ocr_line' id='line_1_6' title="bbox 119 636 1501 696; baseline -0.003 -14"><span class='ocrx_word' id='word_1_39' title='bbox 119 653 247 692; x_wconf 89' lang='lat' dir='ltr'>vero,</span> <span class='ocrx_word' id='word_1_40' title='bbox 273 637 437 681; x_wconf 86' lang='lat' dir='ltr'>etiamsi</span> <span class='ocrx_word' id='word_1_41' title='bbox 464 638 652 682; x_wconf 86' lang='lat' dir='ltr'>veritatis</span> <span class='ocrx_word' id='word_1_42' title='bbox 677 636 1024 681; x_wconf 77' lang='lat' dir='ltr'>manifestatione</span> <span class='ocrx_word' id='word_1_43' title='bbox 1051 636 1331 696; x_wconf 88' lang='lat' dir='ltr'>liquidissima</span> <span class='ocrx_word' id='word_1_44' title='bbox 1352 650 1501 694; x_wconf 90' lang='lat' dir='ltr'>perce-</span> 
     </span>
     <span class='ocr_line' id='line_1_7' title="bbox 118 704 1496 767; baseline -0.003 -16"><span class='ocrx_word' id='word_1_45' title='bbox 118 716 291 766; x_wconf 82' lang='lat' dir='ltr'>perunt,</span> <span class='ocrx_word' id='word_1_46' title='bbox 307 707 532 767; x_wconf 85' lang='lat' dir='ltr'>quaerendi</span> <span class='ocrx_word' id='word_1_47' title='bbox 548 708 690 767; x_wconf 86' lang='lat' dir='ltr'>potius</span> <span class='ocrx_word' id='word_1_48' title='bbox 710 723 841 767; x_wconf 88' lang='lat' dir='ltr'>quam</span> <span class='ocrx_word' id='word_1_49' title='bbox 857 707 1137 766; x_wconf 84' lang='lat' dir='ltr'>praecipiendi</span> <span class='ocrx_word' id='word_1_50' title='bbox 1153 716 1227 750; x_wconf 87' lang='lat' dir='ltr'>aut</span> <span class='ocrx_word' id='word_1_51' title='bbox 1251 704 1496 750; x_wconf 85' lang='lat' dir='ltr'>affirmandi</span> 
     </span>
     <span class='ocr_line' id='line_1_8' title="bbox 122 778 1500 838; baseline -0.001 -16"><span class='ocrx_word' id='word_1_52' title='bbox 122 779 270 833; x_wconf 90' lang='lat' dir='ltr'>modo,</span> <span class='ocrx_word' id='word_1_53' title='bbox 290 788 468 838; x_wconf 90' lang='lat' dir='ltr'>propter</span> <span class='ocrx_word' id='word_1_54' title='bbox 487 779 702 823; x_wconf 81' lang='lat' dir='ltr'>audientis</span> <span class='ocrx_word' id='word_1_55' title='bbox 717 779 1024 822; x_wconf 87' lang='lat' dir='ltr'>infirmitatem.</span> <span class='ocrx_word' id='word_1_56' title='bbox 1050 778 1092 822; x_wconf 89' lang='lat' dir='ltr'>Si</span> <span class='ocrx_word' id='word_1_57' title='bbox 1105 778 1217 821; x_wconf 90' lang='lat' dir='ltr'>enim</span> <span class='ocrx_word' id='word_1_58' title='bbox 1232 787 1401 821; x_wconf 87' lang='lat' dir='ltr'>tantum</span> <span class='ocrx_word' id='word_1_59' title='bbox 1424 778 1500 820; x_wconf 84' lang='lat' dir='ltr'>ha·-</span> 
     </span>
     <span class='ocr_line' id='line_1_9' title="bbox 122 847 1505 909; baseline -0.001 -17"><span class='ocrx_word' id='word_1_60' title='bbox 122 848 196 892; x_wconf 87' lang='lat' dir='ltr'>bet</span> <span class='ocrx_word' id='word_1_61' title='bbox 229 849 400 908; x_wconf 86' lang='lat' dir='ltr'>pondus</span> <span class='ocrx_word' id='word_1_62' title='bbox 425 848 603 909; x_wconf 79' lang='lat' dir='ltr'>aliquod</span> <span class='ocrx_word' id='word_1_63' title='bbox 634 864 784 893; x_wconf 90' lang='lat' dir='ltr'>verum</span> <span class='ocrx_word' id='word_1_64' title='bbox 811 884 821 903; x_wconf 93' lang='lat'>,</span> <span class='ocrx_word' id='word_1_65' title='bbox 861 857 911 892; x_wconf 89' lang='lat' dir='ltr'>ut</span> <span class='ocrx_word' id='word_1_66' title='bbox 937 849 1047 892; x_wconf 84' lang='lat' dir='ltr'>vires</span> <span class='ocrx_word' id='word_1_67' title='bbox 1080 847 1280 891; x_wconf 89' lang='lat' dir='ltr'>discentis</span> <span class='ocrx_word' id='word_1_68' title='bbox 1303 847 1505 903; x_wconf 74' lang='lat' dir='ltr'>excedat,</span> 
     </span>
     <span class='ocr_line' id='line_1_10' title="bbox 123 915 1507 978; baseline -0.001 -15"><span class='ocrx_word' id='word_1_69' title='bbox 123 918 480 978; x_wconf 82' lang='lat' dir='ltr'>suspendendum</span> <span class='ocrx_word' id='word_1_70' title='bbox 513 928 577 962; x_wconf 91' lang='lat' dir='ltr'>est</span> <span class='ocrx_word' id='word_1_71' title='bbox 604 928 653 962; x_wconf 89' lang='lat' dir='ltr'>ut</span> <span class='ocrx_word' id='word_1_72' title='bbox 681 918 883 962; x_wconf 81' lang='lat' dir='ltr'>extendat</span> <span class='ocrx_word' id='word_1_73' title='bbox 905 915 1172 962; x_wconf 60' lang='lat' dir='ltr'>‘crescentem</span> <span class='ocrx_word' id='word_1_74' title='bbox 1197 954 1207 972; x_wconf 90' lang='lat'>,</span> <span class='ocrx_word' id='word_1_75' title='bbox 1247 934 1336 962; x_wconf 91' lang='lat' dir='ltr'>non</span> <span class='ocrx_word' id='word_1_76' title='bbox 1365 919 1507 976; x_wconf 90' lang='lat' dir='ltr'>impo-</span> 
     </span>
     <span class='ocr_line' id='line_1_11' title="bbox 125 987 1505 1048; baseline -0.002 -16"><span class='ocrx_word' id='word_1_77' title='bbox 125 987 320 1032; x_wconf 90' lang='lat' dir='ltr'>nendum</span> <span class='ocrx_word' id='word_1_78' title='bbox 350 998 400 1032; x_wconf 90' lang='lat' dir='ltr'>ut</span> <span class='ocrx_word' id='word_1_79' title='bbox 438 989 609 1032; x_wconf 85' lang='lat' dir='ltr'>obterat</span> <span class='ocrx_word' id='word_1_80' title='bbox 641 988 888 1048; x_wconf 88' lang='lat' dir='ltr'>parvulum.</span> <span class='ocrx_word' id='word_1_81' title='bbox 933 987 1039 1031; x_wconf 90' lang='lat' dir='ltr'>Inde</span> <span class='ocrx_word' id='word_1_82' title='bbox 1062 998 1125 1032; x_wconf 90' lang='lat' dir='ltr'>est</span> <span class='ocrx_word' id='word_1_83' title='bbox 1156 987 1270 1045; x_wconf 82' lang='lat' dir='ltr'>illud</span> <span class='ocrx_word' id='word_1_84' title='bbox 1304 988 1505 1042; x_wconf 90' lang='lat' dir='ltr'>Domini,</span> 
     </span>
     <span class='ocr_line' id='line_1_12' title="bbox 130 1057 1511 1117; baseline 0.001 -17"><span class='ocrx_word' id='word_1_85' title='bbox 130 1077 150 1100; x_wconf 89' lang='lat'>«</span> <span class='ocrx_word' id='word_1_86' title='bbox 178 1057 261 1102; x_wconf 90' lang='lat' dir='ltr'>Sed</span> <span class='ocrx_word' id='word_1_87' title='bbox 285 1057 419 1102; x_wconf 89' lang='lat' dir='ltr'>Filius</span> <span class='ocrx_word' id='word_1_88' title='bbox 440 1059 628 1102; x_wconf 89' lang='lat' dir='ltr'>hominis</span> <span class='ocrx_word' id='word_1_89' title='bbox 646 1074 745 1102; x_wconf 89' lang='lat' dir='ltr'>cum</span> <span class='ocrx_word' id='word_1_90' title='bbox 763 1058 945 1112; x_wconf 86' lang='lat' dir='ltr'>venerit,</span> <span class='ocrx_word' id='word_1_91' title='bbox 970 1066 1094 1117; x_wconf 84' lang='lat' dir='ltr'>putas</span> <span class='ocrx_word' id='word_1_92' title='bbox 1109 1058 1299 1102; x_wconf 84' lang='lat' dir='ltr'>inveniet</span> <span class='ocrx_word' id='word_1_93' title='bbox 1316 1057 1447 1101; x_wconf 86' lang='lat' dir='ltr'>fidem</span> <span class='ocrx_word' id='word_1_94' title='bbox 1465 1058 1511 1101; x_wconf 90' lang='lat' dir='ltr'>in</span> 
     </span>
     <span class='ocr_line' id='line_1_13' title="bbox 130 1128 1510 1189; baseline 0.001 -19"><span class='ocrx_word' id='word_1_95' title='bbox 130 1147 150 1170; x_wconf 89' lang='lat'>»</span> <span class='ocrx_word' id='word_1_96' title='bbox 169 1131 334 1173; x_wconf 80' lang='lat' dir='ltr'>terra1?</span> <span class='ocrx_word' id='word_1_97' title='bbox 354 1148 372 1170; x_wconf 88' lang='lat'>»</span> <span class='ocrx_word' id='word_1_98' title='bbox 389 1129 637 1189; x_wconf 82' lang='lat' dir='ltr'>Aliquando</span> <span class='ocrx_word' id='word_1_99' title='bbox 660 1138 804 1172; x_wconf 81' lang='lat' dir='ltr'>autem</span> <span class='ocrx_word' id='word_1_100' title='bbox 829 1138 871 1171; x_wconf 89' lang='lat' dir='ltr'>et</span> <span class='ocrx_word' id='word_1_101' title='bbox 887 1128 1199 1172; x_wconf 87' lang='lat' dir='ltr'>occultandum</span> <span class='ocrx_word' id='word_1_102' title='bbox 1219 1138 1298 1182; x_wconf 84' lang='lat' dir='ltr'>est,</span> <span class='ocrx_word' id='word_1_103' title='bbox 1319 1128 1394 1172; x_wconf 89' lang='lat' dir='ltr'>sed</span> <span class='ocrx_word' id='word_1_104' title='bbox 1411 1143 1510 1172; x_wconf 88' lang='lat' dir='ltr'>cum</span> 
     </span>
     <span class='ocr_line' id='line_1_14' title="bbox 127 1197 1513 1259; baseline -0.003 -15"><span class='ocrx_word' id='word_1_105' title='bbox 127 1216 202 1259; x_wconf 90' lang='lat' dir='ltr'>spe</span> <span class='ocrx_word' id='word_1_106' title='bbox 224 1200 489 1253; x_wconf 88' lang='lat' dir='ltr'>hortatoria,-</span> <span class='ocrx_word' id='word_1_107' title='bbox 522 1208 571 1243; x_wconf 89' lang='lat' dir='ltr'>ut</span> <span class='ocrx_word' id='word_1_108' title='bbox 593 1215 681 1243; x_wconf 92' lang='lat' dir='ltr'>non</span> <span class='ocrx_word' id='word_1_109' title='bbox 709 1199 839 1242; x_wconf 83' lang='lat' dir='ltr'>faciat</span> <span class='ocrx_word' id='word_1_110' title='bbox 871 1199 1111 1257; x_wconf 81' lang='lat' dir='ltr'>desperatio</span> <span class='ocrx_word' id='word_1_111' title='bbox 1136 1198 1376 1257; x_wconf 81' lang='lat' dir='ltr'>frigidiores</span> <span class='ocrx_word' id='word_1_112' title='bbox 1395 1233 1406 1253; x_wconf 96' lang='lat'>,</span> <span class='ocrx_word' id='word_1_113' title='bbox 1437 1197 1513 1242; x_wconf 86' lang='lat' dir='ltr'>sed</span> 
     </span>
     <span class='ocr_line' id='line_1_15' title="bbox 129 1267 1510 1328; baseline -0.001 -15"><span class='ocrx_word' id='word_1_114' title='bbox 129 1269 391 1313; x_wconf 89' lang='lat' dir='ltr'>desiderium</span> <span class='ocrx_word' id='word_1_115' title='bbox 424 1270 680 1328; x_wconf 67' lang='lat' dir='ltr'>capaciores.</span> <span class='ocrx_word' id='word_1_116' title='bbox 720 1269 828 1312; x_wconf 90' lang='lat' dir='ltr'>Inde</span> <span class='ocrx_word' id='word_1_117' title='bbox 856 1278 919 1312; x_wconf 86' lang='lat' dir='ltr'>est</span> <span class='ocrx_word' id='word_1_118' title='bbox 949 1267 1058 1313; x_wconf 86' lang='lat' dir='ltr'>illud</span> <span class='ocrx_word' id='word_1_119' title='bbox 1100 1267 1290 1327; x_wconf 86' lang='lat' dir='ltr'>ejusdem</span> <span class='ocrx_word' id='word_1_120' title='bbox 1315 1268 1510 1323; x_wconf 91' lang='lat' dir='ltr'>Domini,</span> 
     </span>
     <span class='ocr_line' id='line_1_16' title="bbox 134 1338 1512 1398; baseline 0.001 -17"><span class='ocrx_word' id='word_1_121' title='bbox 134 1358 154 1381; x_wconf 86' lang='lat'>«</span> <span class='ocrx_word' id='word_1_122' title='bbox 177 1339 316 1384; x_wconf 88' lang='lat' dir='ltr'>Multa</span> <span class='ocrx_word' id='word_1_123' title='bbox 331 1339 473 1383; x_wconf 78' lang='lat' dir='ltr'>liabeo</span> <span class='ocrx_word' id='word_1_124' title='bbox 484 1339 607 1383; x_wconf 83' lang='lat' dir='ltr'>vobis</span> <span class='ocrx_word' id='word_1_125' title='bbox 620 1338 779 1395; x_wconf 70' lang='lat' dir='ltr'>dicere,</span> <span class='ocrx_word' id='word_1_126' title='bbox 798 1339 872 1381; x_wconf 89' lang='lat' dir='ltr'>sed</span> <span class='ocrx_word' id='word_1_127' title='bbox 899 1354 987 1382; x_wconf 91' lang='lat' dir='ltr'>non</span> <span class='ocrx_word' id='word_1_128' title='bbox 1019 1340 1193 1398; x_wconf 81' lang='lat' dir='ltr'>potestis</span> <span class='ocrx_word' id='word_1_129' title='bbox 1222 1348 1393 1397; x_wconf 86' lang='lat' dir='ltr'>portare</span> <span class='ocrx_word' id='word_1_130' title='bbox 1416 1354 1512 1383; x_wconf 89' lang='lat' dir='ltr'>mo-</span> 
     </span>
     <span class='ocr_line' id='line_1_17' title="bbox 132 1408 1512 1467; baseline 0.001 -17"><span class='ocrx_word' id='word_1_131' title='bbox 132 1427 151 1450; x_wconf 91' lang='lat'>»</span> <span class='ocrx_word' id='word_1_132' title='bbox 171 1408 300 1453; x_wconf 75' lang='lat' dir='ltr'>do2.»</span> <span class='ocrx_word' id='word_1_133' title='bbox 319 1409 449 1462; x_wconf 82' lang='lat' dir='ltr'>Quod</span> <span class='ocrx_word' id='word_1_134' title='bbox 469 1424 573 1453; x_wconf 88' lang='lat' dir='ltr'>vero</span> <span class='ocrx_word' id='word_1_135' title='bbox 595 1409 649 1452; x_wconf 92' lang='lat' dir='ltr'>ad</span> <span class='ocrx_word' id='word_1_136' title='bbox 661 1423 800 1452; x_wconf 90' lang='lat' dir='ltr'>mores</span> <span class='ocrx_word' id='word_1_137' title='bbox 814 1409 1015 1467; x_wconf 86' lang='lat' dir='ltr'>pertinet,</span> <span class='ocrx_word' id='word_1_138' title='bbox 1036 1409 1118 1452; x_wconf 90' lang='lat' dir='ltr'>hoc</span> <span class='ocrx_word' id='word_1_139' title='bbox 1139 1409 1249 1453; x_wconf 82' lang='lat' dir='ltr'>bene</span> <span class='ocrx_word' id='word_1_140' title='bbox 1262 1418 1305 1452; x_wconf 88' lang='lat' dir='ltr'>et</span> <span class='ocrx_word' id='word_1_141' title='bbox 1325 1408 1512 1452; x_wconf 87' lang='lat' dir='ltr'>breviter</span> 
     </span>
     <span class='ocr_line' id='line_1_18' title="bbox 129 1478 1513 1537; baseline 0 -15"><span class='ocrx_word' id='word_1_142' title='bbox 129 1478 287 1523; x_wconf 87' lang='lat' dir='ltr'>dicitur</span> <span class='ocrx_word' id='word_1_143' title='bbox 314 1494 322 1519; x_wconf 93' lang='lat'>:</span> <span class='ocrx_word' id='word_1_144' title='bbox 350 1482 437 1522; x_wconf 88' lang='lat' dir='ltr'>Aut</span> <span class='ocrx_word' id='word_1_145' title='bbox 459 1478 786 1536; x_wconf 81' lang='lat' dir='ltr'>confligendum</span> <span class='ocrx_word' id='word_1_146' title='bbox 817 1488 879 1521; x_wconf 92' lang='lat' dir='ltr'>est</span> <span class='ocrx_word' id='word_1_147' title='bbox 911 1494 1010 1522; x_wconf 87' lang='lat' dir='ltr'>cum</span> <span class='ocrx_word' id='word_1_148' title='bbox 1035 1494 1180 1522; x_wconf 87' lang='lat' dir='ltr'>amore</span> <span class='ocrx_word' id='word_1_149' title='bbox 1210 1478 1513 1537; x_wconf 86' lang='lat' dir='ltr'>temporalium</span> 
     </span>
     <span class='ocr_line' id='line_1_19' title="bbox 130 1548 1516 1609; baseline 0.001 -17"><span class='ocrx_word' id='word_1_150' title='bbox 130 1550 363 1602; x_wconf 90' lang='lat' dir='ltr'>bonorum,</span> <span class='ocrx_word' id='word_1_151' title='bbox 389 1558 438 1592; x_wconf 90' lang='lat' dir='ltr'>ut</span> <span class='ocrx_word' id='word_1_152' title='bbox 451 1560 538 1593; x_wconf 89' lang='lat' dir='ltr'>non</span> <span class='ocrx_word' id='word_1_153' title='bbox 563 1549 726 1605; x_wconf 74' lang='lat' dir='ltr'>vincat,</span> <span class='ocrx_word' id='word_1_154' title='bbox 753 1558 829 1592; x_wconf 85' lang='lat' dir='ltr'>aut</span> <span class='ocrx_word' id='word_1_155' title='bbox 847 1549 977 1592; x_wconf 81' lang='lat' dir='ltr'>etiam</span> <span class='ocrx_word' id='word_1_156' title='bbox 999 1549 1214 1593; x_wconf 88' lang='lat' dir='ltr'>edomitus</span> <span class='ocrx_word' id='word_1_157' title='bbox 1228 1548 1516 1609; x_wconf 84' lang='lat' dir='ltr'>subditusque</span> 
     </span>
     <span class='ocr_line' id='line_1_20' title="bbox 131 1619 1512 1678; baseline -0.001 -14"><span class='ocrx_word' id='word_1_158' title='bbox 131 1635 220 1664; x_wconf 90' lang='lat' dir='ltr'>esse</span> <span class='ocrx_word' id='word_1_159' title='bbox 243 1619 374 1663; x_wconf 88' lang='lat' dir='ltr'>debet</span> <span class='ocrx_word' id='word_1_160' title='bbox 390 1654 400 1674; x_wconf 88' lang='lat'>,</span> <span class='ocrx_word' id='word_1_161' title='bbox 434 1629 484 1663; x_wconf 83' lang='lat' dir='ltr'>ut</span> <span class='ocrx_word' id='word_1_162' title='bbox 505 1635 605 1663; x_wconf 87' lang='lat' dir='ltr'>cum</span> <span class='ocrx_word' id='word_1_163' title='bbox 628 1635 801 1678; x_wconf 84' lang='lat' dir='ltr'>surgere</span> <span class='ocrx_word' id='word_1_164' title='bbox 815 1621 1005 1678; x_wconf 69' lang='lat' dir='ltr'>‘coeperit</span> <span class='ocrx_word' id='word_1_165' title='bbox 1025 1655 1035 1674; x_wconf 93' lang='lat'>,</span> <span class='ocrx_word' id='word_1_166' title='bbox 1077 1619 1200 1663; x_wconf 83' lang='lat' dir='ltr'>facile</span> <span class='ocrx_word' id='word_1_167' title='bbox 1223 1620 1481 1678; x_wconf 80' lang='lat' dir='ltr'>reprimatur</span> <span class='ocrx_word' id='word_1_168' title='bbox 1502 1641 1512 1677; x_wconf 83' lang='lat'>3</span> 
     </span>
     <span class='ocr_line' id='line_1_21' title="bbox 131 1689 1510 1748; baseline -0.001 -15"><span class='ocrx_word' id='word_1_169' title='bbox 131 1699 206 1733; x_wconf 87' lang='lat' dir='ltr'>aut</span> <span class='ocrx_word' id='word_1_170' title='bbox 223 1691 281 1733; x_wconf 85' lang='lat' dir='ltr'>ita</span> <span class='ocrx_word' id='word_1_171' title='bbox 299 1690 515 1733; x_wconf 82' lang='lat' dir='ltr'>extinctus</span> <span class='ocrx_word' id='word_1_172' title='bbox 529 1723 540 1743; x_wconf 95' lang='lat'>,</span> <span class='ocrx_word' id='word_1_173' title='bbox 561 1698 610 1732; x_wconf 90' lang='lat' dir='ltr'>ut</span> <span class='ocrx_word' id='word_1_174' title='bbox 625 1705 668 1732; x_wconf 86' lang='lat' dir='ltr'>se</span> <span class='ocrx_word' id='word_1_175' title='bbox 682 1690 860 1733; x_wconf 91' lang='lat' dir='ltr'>omnino</span> <span class='ocrx_word' id='word_1_176' title='bbox 883 1689 1003 1732; x_wconf 89' lang='lat' dir='ltr'>nulla</span> <span class='ocrx_word' id='word_1_177' title='bbox 1023 1704 1073 1732; x_wconf 84' lang='lat' dir='ltr'>ex</span> <span class='ocrx_word' id='word_1_178' title='bbox 1086 1697 1207 1748; x_wconf 86' lang='lat' dir='ltr'>parte</span> <span class='ocrx_word' id='word_1_179' title='bbox 1225 1699 1510 1734; x_wconf 86' lang='lat' dir='ltr'>commoveat.</span> 
     </span>
     <span class='ocr_line' id='line_1_22' title="bbox 132 1759 1515 1819; baseline -0.001 -16"><span class='ocrx_word' id='word_1_180' title='bbox 132 1763 196 1803; x_wconf 86' lang='lat' dir='ltr'>Ex</span> <span class='ocrx_word' id='word_1_181' title='bbox 217 1775 304 1819; x_wconf 91' lang='lat' dir='ltr'>quo</span> <span class='ocrx_word' id='word_1_182' title='bbox 326 1760 375 1803; x_wconf 83' lang='lat' dir='ltr'>fit</span> <span class='ocrx_word' id='word_1_183' title='bbox 397 1768 446 1802; x_wconf 89' lang='lat' dir='ltr'>ut</span> <span class='ocrx_word' id='word_1_184' title='bbox 475 1759 604 1802; x_wconf 84' lang='lat' dir='ltr'>etiam</span> <span class='ocrx_word' id='word_1_185' title='bbox 626 1759 764 1817; x_wconf 83' lang='lat' dir='ltr'>ipsam</span> <span class='ocrx_word' id='word_1_186' title='bbox 783 1768 968 1802; x_wconf 86' lang='lat' dir='ltr'>mortem</span> <span class='ocrx_word' id='word_1_187' title='bbox 990 1769 1166 1818; x_wconf 87' lang='lat' dir='ltr'>propter</span> <span class='ocrx_word' id='word_1_188' title='bbox 1196 1760 1421 1803; x_wconf 84' lang='lat' dir='ltr'>veritatem</span> <span class='ocrx_word' id='word_1_189' title='bbox 1445 1759 1515 1803; x_wconf 88' lang='lat' dir='ltr'>alii</span> 
     </span>
     <span class='ocr_line' id='line_1_23' title="bbox 129 1825 1516 1887; baseline 0.001 -14"><span class='ocrx_word' id='word_1_190' title='bbox 129 1829 302 1873; x_wconf 84' lang='lat' dir='ltr'>fortiter</span> <span class='ocrx_word' id='word_1_191' title='bbox 323 1829 485 1872; x_wconf 86' lang='lat' dir='ltr'>obeant</span> <span class='ocrx_word' id='word_1_192' title='bbox 504 1863 514 1882; x_wconf 94' lang='lat'>,</span> <span class='ocrx_word' id='word_1_193' title='bbox 541 1825 613 1871; x_wconf 81' lang='lat' dir='ltr'>alii</span> <span class='ocrx_word' id='word_1_194' title='bbox 632 1828 948 1887; x_wconf 85' lang='lat' dir='ltr'>aequanimiter,</span> <span class='ocrx_word' id='word_1_195' title='bbox 986 1828 1056 1872; x_wconf 88' lang='lat' dir='ltr'>alii</span> <span class='ocrx_word' id='word_1_196' title='bbox 1078 1828 1279 1873; x_wconf 88' lang='lat' dir='ltr'>libenter.</span> <span class='ocrx_word' id='word_1_197' title='bbox 1305 1834 1413 1884; x_wconf 84' lang='lat' dir='ltr'>Quae</span> <span class='ocrx_word' id='word_1_198' title='bbox 1436 1832 1516 1875; x_wconf 90' lang='lat' dir='ltr'>tria</span> 
     </span>
     <span class='ocr_line' id='line_1_24' title="bbox 133 1897 1519 1959; baseline 0.001 -16"><span class='ocrx_word' id='word_1_199' title='bbox 133 1914 288 1958; x_wconf 84' lang='lat' dir='ltr'>genera</span> <span class='ocrx_word' id='word_1_200' title='bbox 312 1899 478 1943; x_wconf 85' lang='lat' dir='ltr'>fructus</span> <span class='ocrx_word' id='word_1_201' title='bbox 508 1908 609 1942; x_wconf 87' lang='lat' dir='ltr'>sunt</span> <span class='ocrx_word' id='word_1_202' title='bbox 630 1897 781 1942; x_wconf 84' lang='lat' dir='ltr'>fertilis</span> <span class='ocrx_word' id='word_1_203' title='bbox 810 1909 951 1953; x_wconf 86' lang='lat' dir='ltr'>terrae,</span> <span class='ocrx_word' id='word_1_204' title='bbox 976 1900 1143 1953; x_wconf 88' lang='lat' dir='ltr'>triceni,</span> <span class='ocrx_word' id='word_1_205' title='bbox 1174 1909 1217 1944; x_wconf 87' lang='lat' dir='ltr'>et</span> <span class='ocrx_word' id='word_1_206' title='bbox 1238 1902 1450 1959; x_wconf 80' lang='lat' dir='ltr'>sexageni,</span> <span class='ocrx_word' id='word_1_207' title='bbox 1476 1911 1519 1945; x_wconf 90' lang='lat' dir='ltr'>et</span> 
     </span>
     <span class='ocr_line' id='line_1_25' title="bbox 135 1969 1517 2030; baseline 0.001 -17"><span class='ocrx_word' id='word_1_208' title='bbox 135 1970 321 2014; x_wconf 90' lang='lat' dir='ltr'>centeni.</span> <span class='ocrx_word' id='word_1_209' title='bbox 350 1973 401 2013; x_wconf 86' lang='lat' dir='ltr'>In</span> <span class='ocrx_word' id='word_1_210' title='bbox 424 1970 580 2012; x_wconf 91' lang='lat' dir='ltr'>horum</span> <span class='ocrx_word' id='word_1_211' title='bbox 597 1969 742 2028; x_wconf 90' lang='lat' dir='ltr'>aliquo</span> <span class='ocrx_word' id='word_1_212' title='bbox 758 1984 912 2027; x_wconf 83' lang='lat' dir='ltr'>genere</span> <span class='ocrx_word' id='word_1_213' title='bbox 933 1970 1219 2013; x_wconf 84' lang='lat' dir='ltr'>inveniendus</span> <span class='ocrx_word' id='word_1_214' title='bbox 1236 1979 1300 2014; x_wconf 88' lang='lat' dir='ltr'>est</span> <span class='ocrx_word' id='word_1_215' title='bbox 1322 1980 1517 2030; x_wconf 86' lang='lat' dir='ltr'>tempore</span> 
     </span>
     <span class='ocr_line' id='line_1_26' title="bbox 133 2039 1453 2099; baseline 0.001 -16"><span class='ocrx_word' id='word_1_216' title='bbox 133 2040 284 2083; x_wconf 89' lang='lat' dir='ltr'>mortis</span> <span class='ocrx_word' id='word_1_217' title='bbox 305 2055 394 2082; x_wconf 80' lang='lat' dir='ltr'>suae</span> <span class='ocrx_word' id='word_1_218' title='bbox 415 2074 425 2094; x_wconf 93' lang='lat'>,</span> <span class='ocrx_word' id='word_1_219' title='bbox 451 2040 482 2082; x_wconf 93' lang='lat' dir='ltr'>si</span> <span class='ocrx_word' id='word_1_220' title='bbox 506 2040 603 2099; x_wconf 88' lang='lat' dir='ltr'>quis</span> <span class='ocrx_word' id='word_1_221' title='bbox 625 2039 679 2082; x_wconf 89' lang='lat' dir='ltr'>de</span> <span class='ocrx_word' id='word_1_222' title='bbox 702 2039 782 2082; x_wconf 92' lang='lat' dir='ltr'>hac</span> <span class='ocrx_word' id='word_1_223' title='bbox 804 2039 891 2082; x_wconf 89' lang='lat' dir='ltr'>vita</span> <span class='ocrx_word' id='word_1_224' title='bbox 914 2048 1028 2082; x_wconf 88' lang='lat' dir='ltr'>recte</span> <span class='ocrx_word' id='word_1_225' title='bbox 1050 2040 1210 2096; x_wconf 81' lang='lat' dir='ltr'>cogitat</span> <span class='ocrx_word' id='word_1_226' title='bbox 1231 2041 1453 2099; x_wconf 82' lang='lat' dir='ltr'>emigrare.</span> 
     </span>
     <span class='ocr_line' id='line_1_27' title="bbox 195 2108 1516 2170; baseline 0.002 -17"><span class='ocrx_word' id='word_1_227' title='bbox 195 2112 247 2153; x_wconf 93' lang='lat' dir='ltr'>V.</span> <span class='ocrx_word' id='word_1_228' title='bbox 276 2108 517 2162; x_wconf 78' lang='lat' dir='ltr'>Toleranda</span> <span class='ocrx_word' id='word_1_229' title='bbox 539 2118 641 2152; x_wconf 91' lang='lat' dir='ltr'>sunt</span> <span class='ocrx_word' id='word_1_230' title='bbox 662 2118 808 2152; x_wconf 80' lang='lat' dir='ltr'>autem</span> <span class='ocrx_word' id='word_1_231' title='bbox 839 2124 928 2153; x_wconf 84' lang='lat' dir='ltr'>non</span> <span class='ocrx_word' id='word_1_232' title='bbox 957 2108 1098 2152; x_wconf 89' lang='lat' dir='ltr'>solum</span> <span class='ocrx_word' id='word_1_233' title='bbox 1120 2110 1279 2153; x_wconf 83' lang='lat' dir='ltr'>zizania</span> <span class='ocrx_word' id='word_1_234' title='bbox 1301 2127 1438 2170; x_wconf 90' lang='lat' dir='ltr'>usque</span> <span class='ocrx_word' id='word_1_235' title='bbox 1461 2112 1516 2155; x_wconf 88' lang='lat' dir='ltr'>ad</span> 
     </span>
     <span class='ocr_line' id='line_1_28' title="bbox 135 2178 1517 2239; baseline 0.001 -16"><span class='ocrx_word' id='word_1_236' title='bbox 135 2194 334 2234; x_wconf 85' lang='lat' dir='ltr'>messem,</span> <span class='ocrx_word' id='word_1_237' title='bbox 354 2195 453 2239; x_wconf 88' lang='lat' dir='ltr'>quae</span> <span class='ocrx_word' id='word_1_238' title='bbox 469 2194 569 2222; x_wconf 89' lang='lat' dir='ltr'>cum</span> <span class='ocrx_word' id='word_1_239' title='bbox 596 2178 796 2222; x_wconf 84' lang='lat' dir='ltr'>diabolus</span> <span class='ocrx_word' id='word_1_240' title='bbox 829 2179 1006 2237; x_wconf 87' lang='lat' dir='ltr'>aspersis</span> <span class='ocrx_word' id='word_1_241' title='bbox 1028 2179 1168 2237; x_wconf 86' lang='lat' dir='ltr'>pravis</span> <span class='ocrx_word' id='word_1_242' title='bbox 1192 2180 1406 2224; x_wconf 88' lang='lat' dir='ltr'>erroribus</span> <span class='ocrx_word' id='word_1_243' title='bbox 1437 2180 1517 2224; x_wconf 89' lang='lat' dir='ltr'>fal-</span> 
     </span>
     <span class='ocr_line' id='line_1_29' title="bbox 136 2248 1512 2309; baseline 0.001 -17"><span class='ocrx_word' id='word_1_244' title='bbox 136 2249 280 2309; x_wconf 85' lang='lat' dir='ltr'>sisque</span> <span class='ocrx_word' id='word_1_245' title='bbox 321 2248 596 2307; x_wconf 85' lang='lat' dir='ltr'>opinionibus</span> <span class='ocrx_word' id='word_1_246' title='bbox 645 2248 1050 2307; x_wconf 86' lang='lat' dir='ltr'>superseminasset,</span> <span class='ocrx_word' id='word_1_247' title='bbox 1090 2249 1172 2292; x_wconf 90' lang='lat' dir='ltr'>hoc</span> <span class='ocrx_word' id='word_1_248' title='bbox 1208 2259 1272 2293; x_wconf 86' lang='lat' dir='ltr'>est</span> <span class='ocrx_word' id='word_1_249' title='bbox 1297 2284 1307 2303; x_wconf 92' lang='lat'>,</span> <span class='ocrx_word' id='word_1_250' title='bbox 1348 2266 1512 2309; x_wconf 86' lang='lat' dir='ltr'>praece-</span> 
     </span>
     <span class='ocr_line' id='line_1_30' title="bbox 139 2319 1519 2380; baseline 0.001 -17"><span class='ocrx_word' id='word_1_251' title='bbox 139 2320 269 2363; x_wconf 90' lang='lat' dir='ltr'>dente</span> <span class='ocrx_word' id='word_1_252' title='bbox 282 2320 458 2363; x_wconf 90' lang='lat' dir='ltr'>nomine</span> <span class='ocrx_word' id='word_1_253' title='bbox 479 2319 638 2363; x_wconf 86' lang='lat' dir='ltr'>Christi</span> <span class='ocrx_word' id='word_1_254' title='bbox 661 2319 843 2362; x_wconf 82' lang='lat' dir='ltr'>haereses</span> <span class='ocrx_word' id='word_1_255' title='bbox 865 2319 1172 2377; x_wconf 88' lang='lat' dir='ltr'>superjecisset,</span> <span class='ocrx_word' id='word_1_256' title='bbox 1199 2321 1329 2377; x_wconf 86' lang='lat' dir='ltr'>magis</span> <span class='ocrx_word' id='word_1_257' title='bbox 1350 2321 1438 2380; x_wconf 88' lang='lat' dir='ltr'>ipse</span> <span class='ocrx_word' id='word_1_258' title='bbox 1459 2321 1519 2365; x_wconf 91' lang='lat' dir='ltr'>la-</span> 
     </span>
     <span class='ocr_line' id='line_1_31' title="bbox 144 2388 1520 2449; baseline 0.001 -15"><span class='ocrx_word' id='word_1_259' title='bbox 144 2390 224 2434; x_wconf 88' lang='lat' dir='ltr'>tuit</span> <span class='ocrx_word' id='word_1_260' title='bbox 255 2399 386 2449; x_wconf 87' lang='lat' dir='ltr'>atque</span> <span class='ocrx_word' id='word_1_261' title='bbox 419 2388 733 2433; x_wconf 89' lang='lat' dir='ltr'>occultissimus</span> <span class='ocrx_word' id='word_1_262' title='bbox 762 2388 900 2433; x_wconf 86' lang='lat' dir='ltr'>factus</span> <span class='ocrx_word' id='word_1_263' title='bbox 925 2398 1013 2446; x_wconf 71' lang='lat' dir='ltr'>est,</span> <span class='ocrx_word' id='word_1_264' title='bbox 1038 2390 1121 2433; x_wconf 91' lang='lat' dir='ltr'>hoc</span> <span class='ocrx_word' id='word_1_265' title='bbox 1159 2399 1221 2433; x_wconf 88' lang='lat' dir='ltr'>est</span> <span class='ocrx_word' id='word_1_266' title='bbox 1249 2391 1364 2434; x_wconf 90' lang='lat' dir='ltr'>enim</span> <span class='ocrx_word' id='word_1_267' title='bbox 1383 2427 1393 2446; x_wconf 97' lang='lat'>,</span> <span class='ocrx_word' id='word_1_268' title='bbox 1423 2395 1520 2436; x_wconf 89' lang='lat' dir='ltr'>«Et</span> 
     </span>
     <span class='ocr_line' id='line_1_32' title="bbox 145 2458 1514 2522; baseline 0.003 -20"><span class='ocrx_word' id='word_1_269' title='bbox 145 2480 164 2502; x_wconf 91' lang='lat'>»</span> <span class='ocrx_word' id='word_1_270' title='bbox 182 2460 330 2515; x_wconf 85' lang='lat' dir='ltr'>abiit,»</span> <span class='ocrx_word' id='word_1_271' title='bbox 345 2459 422 2504; x_wconf 89' lang='lat' dir='ltr'>sed</span> <span class='ocrx_word' id='word_1_272' title='bbox 439 2460 569 2503; x_wconf 86' lang='lat' dir='ltr'>etiam</span> <span class='ocrx_word' id='word_1_273' title='bbox 583 2459 705 2519; x_wconf 89' lang='lat' dir='ltr'>palca</span> <span class='ocrx_word' id='word_1_274' title='bbox 718 2475 857 2519; x_wconf 84' lang='lat' dir='ltr'>usque</span> <span class='ocrx_word' id='word_1_275' title='bbox 869 2459 923 2502; x_wconf 90' lang='lat' dir='ltr'>ad</span> <span class='ocrx_word' id='word_1_276' title='bbox 943 2458 1284 2503; x_wconf 85' lang='lat' dir='ltr'>ventilationem.</span> <span class='ocrx_word' id='word_1_277' title='bbox 1303 2463 1390 2506; x_wconf 89' lang='lat' dir='ltr'>Nec</span> <span class='ocrx_word' id='word_1_278' title='bbox 1409 2478 1514 2522; x_wconf 89' lang='lat' dir='ltr'>pro-</span> 
     </span>
     <span class='ocr_line' id='line_1_33' title="bbox 142 2528 1521 2590; baseline 0.002 -16"><span class='ocrx_word' id='word_1_279' title='bbox 142 2531 272 2575; x_wconf 88' lang='lat' dir='ltr'>batur</span> <span class='ocrx_word' id='word_1_280' title='bbox 285 2528 438 2575; x_wconf 84' lang='lat' dir='ltr'>fortius</span> <span class='ocrx_word' id='word_1_281' title='bbox 460 2529 642 2588; x_wconf 84' lang='lat' dir='ltr'>gravitas</span> <span class='ocrx_word' id='word_1_282' title='bbox 662 2528 980 2574; x_wconf 74' lang='lat' dir='ltr'>frumentorum</span> <span class='ocrx_word' id='word_1_283' title='bbox 998 2563 1008 2584; x_wconf 89' lang='lat'>,</span> <span class='ocrx_word' id='word_1_284' title='bbox 1033 2528 1113 2573; x_wconf 85' lang='lat' dir='ltr'>nisi</span> <span class='ocrx_word' id='word_1_285' title='bbox 1135 2529 1269 2588; x_wconf 84' lang='lat' dir='ltr'>paleae</span> <span class='ocrx_word' id='word_1_286' title='bbox 1292 2532 1495 2590; x_wconf 87' lang='lat' dir='ltr'>perturba</span> <span class='ocrx_word' id='word_1_287' title='bbox 1511 2558 1521 2567; x_wconf 91' lang='lat'><em>-</em></span> 
     </span>
    </p>
   </div>
   <div class='ocr_carea' id='block_1_3' title="bbox 193 2615 829 2655">
    <p class='ocr_par' dir='ltr' id='par_1_3' title="bbox 193 2615 829 2655">
     <span class='ocr_line' id='line_1_34' title="bbox 193 2615 829 2655; baseline -0.005 -7"><span class='ocrx_word' id='word_1_288' title='bbox 193 2623 199 2638; x_wconf 89' lang='lat'>¹</span> <span class='ocrx_word' id='word_1_289' title='bbox 220 2618 294 2648; x_wconf 88' lang='lat' dir='ltr'>Luc.</span> <span class='ocrx_word' id='word_1_290' title='bbox 317 2626 406 2654; x_wconf 79' lang='lat' dir='ltr'>xvni,</span> <span class='ocrx_word' id='word_1_291' title='bbox 425 2615 456 2646; x_wconf 77' lang='lat'>8.</span> <span class='ocrx_word' id='word_1_292' title='bbox 475 2632 515 2637; x_wconf 86' lang='lat'>——</span> <span class='ocrx_word' id='word_1_293' title='bbox 535 2622 546 2636; x_wconf 85' lang='lat'>²</span> <span class='ocrx_word' id='word_1_294' title='bbox 572 2617 665 2647; x_wconf 84' lang='lat' dir='ltr'>Joan.</span> <span class='ocrx_word' id='word_1_295' title='bbox 688 2625 753 2655; x_wconf 74' lang='lat' dir='ltr'>xvi,</span> <span class='ocrx_word' id='word_1_296' title='bbox 780 2622 829 2646; x_wconf 85' lang='lat'>12.</span> 
     </span>
    </p>
   </div>
   <div class='ocr_carea' id='block_1_4' title="bbox 1274 2668 1339 2708">
    <p class='ocr_par' dir='ltr' id='par_1_4' title="bbox 1274 2668 1339 2708">
     <span class='ocr_line' id='line_1_35' title="bbox 1274 2668 1339 2708; baseline 0.015 -1"><span class='ocrx_word' id='word_1_297' title='bbox 1274 2668 1339 2708; x_wconf 64' lang='lat'>24.</span> 
     </span>
    </p>
   </div>
  </div>
 </body>
</html>
