1819 3301
365 258 503 286 suano
535 242 695 286 nomin
727 259 772 285 IN
804 258 974 295 MONTE,
1010 259 1092 285 Lm.
1131 261 1159 285 1.
1372 251 1447 289 161

74 339 94 363 n
130 322 361 367 ascendero
382 323 428 367 in
450 323 611 368 coelum
631 359 641 379 ‚
667 324 826 383 inquit,
855 333 903 367 tu
923 323 986 367 ibi
1014 339 1086 380 es;
1119 324 1153 367 si
1190 323 1453 371 descendero

76 411 93 432 »
128 391 174 435 in
196 390 440 448 infernum,
466 393 566 437 ades
592 414 600 438 z
626 395 660 438 si
683 394 886 453 recipiam
912 409 1075 453 pennas
1107 409 1223 438 meas
1246 394 1291 437 in
1315 395 1454 440 direc—

73 479 93 503 »
128 470 239 517 tum,
256 472 298 507 et
311 463 517 508 habitabo
534 464 579 507 in
597 465 826 509 novissima
839 465 981 519 maris,
1004 465 1164 508 etenim
1179 464 1283 509 illuc
1302 480 1455 510 manus

75 549 95 572 »
129 541 202 576 tua
243 533 430 577 deducet
464 548 532 577 me
552 568 563 588 ‚
609 543 651 578 et
679 535 920 578 continebit
960 550 1030 578 me
1062 534 1237 579 dextera
1273 544 1345 580 tua
1370 538 1401 580 1,
1432 554 1451 577 »

69 605 158 646 Aut
175 603 208 646 si
231 619 319 647 non
343 604 485 663 placet
506 604 660 663 impios
689 604 774 647 dici
806 619 895 648 esse
919 620 1019 648 cum
1058 608 1169 660 Deo,
1204 621 1456 666 quanquam

69 688 284 733 nusquam
302 689 389 717 non
412 683 570 733 praesto
587 674 641 717 sit
662 677 774 718 Deus
794 694 804 731 3
829 674 1201 734 quemadmodum
1233 691 1321 720 non
1345 675 1457 720 dici-

70 756 165 786 mus
179 758 313 787 caecos
328 758 416 787 esse
428 759 528 787 cum
544 743 657 798 luce,
672 744 843 787 tametsi
857 743 1007 788 oculos
1024 760 1175 789 eorum
1189 745 1264 789 lux
1277 746 1458 790 circum-

68 811 249 870 fundat3
274 829 410 856 unum
436 813 652 873 reliquum
676 823 739 857 est
759 848 769 868 ,
794 823 843 857 ut
861 814 931 857 hic
953 814 1245 859 adversarium
1264 831 1458 874 praecep-

69 890 160 925 tum
185 883 260 926 Dei
282 883 587 941 intelligamus,
613 883 730 936 Quid
753 885 868 927 enim
902 885 961 928 sic
996 885 1252 929 adversatur
1279 901 1457 944 peccare

68 953 314 998 volentibus
331 970 463 1013 quam
481 964 747 1014 praeceptum
772 955 864 1008 Dei,
884 954 929 998 id
944 965 1021 1009 est,
1041 960 1129 1000 Lex
1147 958 1237 1016 ejus
1251 967 1294 1001 et
1315 957 1458 1016 Scrip-

68 1031 164 1066 tura
193 1023 339 1067 divina
358 1059 368 1079 ‚
400 1041 499 1084 quae
534 1024 632 1068 data
668 1033 730 1068 est
758 1024 881 1068 nobis
912 1024 966 1068 ad
999 1026 1111 1070 hanc
1131 1026 1294 1082 vitam,
1335 1036 1386 1070 ut
1407 1028 1460 1070 sit

67 1093 293 1137 nobiscum
329 1094 374 1137 in
397 1095 486 1149 via,
513 1095 583 1138 cui
605 1110 694 1138 non
727 1104 899 1153 oportet
932 1096 1254 1150 contradicere,
1293 1111 1348 1139 ne
1380 1111 1458 1140 nos

69 1163 210 1207 tradat
227 1164 394 1224 judici3
430 1165 505 1208 sed
529 1165 567 1207 ei
599 1173 772 1224 oportet
799 1166 1042 1209 consentire
1073 1167 1190 1210 cito?
1215 1168 1313 1210 Non
1342 1166 1458 1209 enim

69 1233 300 1293 quisquam
317 1234 438 1277 novit
455 1234 634 1293 quando
658 1232 712 1277 de
734 1234 814 1278 hac
828 1234 917 1278 vita
936 1244 1070 1278 exeat.
1094 1235 1296 1294 Quisquis
1312 1243 1458 1278 autem

68 1304 283 1347 consentit
302 1304 537 1362 Scripturas
555 1303 713 1347 divinae
734 1339 744 1358 ‚
782 1303 864 1347 nisi
885 1304 958 1363 qui
983 1304 1089 1363 legit
1118 1304 1188 1348 vel
1218 1304 1341 1348 audit
1359 1305 1428 1363 pie
1443 1338 1453 1358 ‚

68 1371 267 1417 deferens
287 1373 325 1417 ei
360 1372 534 1417 culmen
571 1373 837 1417 auctoritatis
863 1392 870 1416 :
896 1382 944 1417 ut
967 1374 1087 1433 quod
1125 1373 1327 1431 intelligit
1364 1389 1455 1417 non

7 1481 9 1484 .
67 1453 244 1502 propter
274 1444 358 1487 hoc
393 1443 559 1498 oderit,
585 1443 704 1503 quod
726 1445 913 1503 peccatis
935 1444 1021 1487 suis
1045 1443 1260 1488 adversari
1292 1444 1453 1499 sentit3

67 1512 143 1556 sed
166 1513 297 1571 magis
332 1513 484 1570 diligat
506 1514 824 1572 correptionem
861 1529 979 1557 suam
998 1548 1009 1567 ‚
1047 1522 1089 1557 et
1118 1514 1305 1572 gaudeat
1338 1511 1458 1571 quod

67 1582 228 1626 morbis
250 1582 336 1626 suis
356 1580 496 1626 donec
519 1592 726 1626 sanentur
748 1599 837 1627 non
855 1584 1046 1641 parcitur
1067 1602 1078 1629 2
1103 1583 1223 1643 quod
1254 1598 1358 1627 vero
1381 1591 1458 1625 aut

68 1652 302 1695 obscurum
324 1687 334 1706 ‚
358 1661 433 1695 aut
455 1651 693 1696 absurdum
730 1652 793 1695 issi
829 1662 974 1706 sonat,
1008 1669 1096 1696 non
1134 1652 1237 1695 inde
1268 1652 1457 1696 concitet

67 1721 461 1767 contradictionum
483 1722 740 1775 certamina,
761 1723 837 1765 sed
862 1733 955 1765 oret
976 1732 1027 1764 ut
1048 1722 1284 1779 intelligat,
1317 1721 1454 1763 bene-

67 1791 300 1836 volentiam
320 1802 462 1836 tamen
478 1801 520 1835 et
533 1792 814 1835 reverentiam
834 1800 967 1834 tantae
986 1791 1233 1834 auctoritati
1248 1790 1456 1833 exhiben-

68 1861 169 1905 dam
191 1877 279 1906 esse
309 1862 566 1906 meminerit.
596 1861 679 1906 Sed
704 1862 800 1921 quis
825 1861 907 1904 hoc
937 1859 1040 1903 facit
1069 1860 1150 1903 nisi
1182 1860 1376 1918 quisquis
1400 1858 1456 1902 ad

69 1941 372 1975 testamentum
400 1932 531 1991 patris
554 1930 836 1990 aperiendum
875 1939 917 1973 et
949 1929 1328 1988 cognoscendum,
1364 1944 1455 1972 non

68 2000 211 2046 litium
244 2002 480 2046 minatione
514 2001 720 2054 acerbus,
746 1999 821 2043 sed
856 2000 1015 2058 pietate
1047 1999 1161 2042 mitis
1193 1998 1416 2043 accesserit
1442 2016 1451 2041 ε

74 2091 93 2113 c<
127 2072 248 2115 Beati
269 2087 369 2130 ergo
391 2073 541 2128 mites3
563 2071 769 2132 quoniam
796 2069 878 2128 ipsi
899 2068 1153 2113 haereditate
1170 2067 1455 2128 possidebunt

73 2160 94 2182 »
128 2151 285 2186 terram
297 2147 330 2186 ².
358 2161 378 2184 »
399 2142 632 2187 Videamus
653 2140 892 2202 sequentia.

120 2244 128 2261 ¹
146 2239 226 2271 Psal.
246 2249 393 2280 cxxxviii,
413 2239 508 2271 8-10.
534 2255 576 2260 —
596 2245 607 2261 ²
624 2237 747 2269 Matth.
764 2247 798 2275 v,
813 2235 843 2277 4.

268 2631 388 2661 cxxi.
1253 2616 1297 2656 11
1360 2664 1363 2667 ι
