1819 3301
342 287 427 324 150
764 297 794 324 s.
836 298 1061 324 Ancusrim
1098 298 1273 323 zvlscovi

340 381 361 404 »
397 371 472 406 aut
511 377 623 406 unus
663 377 769 420 apex
809 378 897 405 non
934 362 1111 404 transiet
1152 377 1174 404 a
1213 364 1325 418 Lege
1346 396 1357 415 ,
1396 361 1536 405 donec
1576 363 1721 406 omnia

339 450 360 473 »
395 432 541 474 fiant1.
566 450 584 471 »
618 434 730 474 Dum
755 432 868 473 enim
902 432 1014 473 fiunt
1037 430 1163 473 etiam
1197 429 1270 473 illa
1293 446 1391 490 quae
1419 430 1642 474 adduntur
1664 431 1720 474 ad

337 502 648 562 perfectionem
664 537 675 556 ‚
709 500 848 544 multo
869 500 1001 558 magis
1027 501 1140 544 fiunt
1166 500 1239 544 illa
1261 517 1359 561 quae
1381 501 1598 560 praemissa
1619 510 1722 545 sunt

337 573 393 617 ad
413 572 750 616 inchoationem.
777 569 907 623 Quod
944 579 1088 614 autem
1119 570 1178 614 ait
1209 589 1217 614 :
1259 589 1278 612 α
1315 574 1407 614 Iota
1440 586 1605 625 unum,
1647 580 1723 615 aut

338 661 358 684 »
394 658 507 685 unus
525 656 631 699 apex
653 656 742 684 non
764 641 941 685 transiet
958 657 981 683 a
1004 644 1116 699 Lege
1134 676 1145 696 ,
1177 658 1196 681 »
1221 641 1329 684 nihil
1353 649 1493 699 potest
1510 640 1629 684 aliud
1650 641 1720 684 in·

333 710 470 768 telligi
494 711 575 754 nisi
599 710 831 753 vehemens
853 711 1067 768 expressio
1089 710 1393 769 perfectionis2
1409 746 1420 764 ‚
1445 709 1620 769 quando
1643 726 1721 769 per

332 782 496 824 litteras
518 779 706 838 singulas
737 779 1031 823 demonstrata
1060 789 1122 823 est
1143 799 1151 824 :
1185 781 1296 824 inter
1317 796 1424 840 quas
1447 780 1608 824 litteras
1633 781 1721 825 iota

334 851 477 894 minor
499 860 562 893 est
584 851 748 893 caeteris
765 885 775 903 ‚
814 850 915 909 quia
950 866 1038 893 uno
1059 850 1196 894 ductu
1220 851 1296 894 fit:
1333 866 1441 909 apex
1482 861 1625 894 autem
1659 860 1723 895 est

336 920 466 964 etiam
502 920 635 978 ipsius
669 919 811 977 aliqua
846 919 891 961 in
927 934 1098 963 summo
1130 919 1355 977 particula.
1392 921 1560 972 Quibus
1581 920 1722 964 verbis

335 988 525 1034 ostendit
549 990 595 1032 in
617 992 731 1046 Lege
754 988 808 1032 ad
832 989 1038 1032 effectum
1068 990 1197 1033 etiam
1221 990 1398 1033 minima
1420 1006 1606 1050 quaeque
1622 1006 1721 1049 per-

336 1059 452 1103 duci.
474 1058 641 1102 Deinde
659 1058 833 1117 subjicit
858 1077 899 1102 2«
925 1059 1008 1109 Qui
1035 1059 1150 1102 enim
1169 1058 1343 1102 solverit
1364 1075 1501 1102 unum
1521 1060 1575 1103 de
1597 1075 1720 1105 man-

338 1147 359 1172 »
395 1129 505 1173 datis
530 1129 619 1171 istis
641 1128 829 1172 minimis
844 1162 855 1181 ,
893 1137 934 1171 et
959 1127 1156 1172 docuerit
1180 1128 1238 1172 sic
1262 1129 1458 1172 homines
1475 1164 1485 1183 ,
1515 1121 1721 1174 niinimus

338 1216 359 1239 »
394 1197 621 1241 vocabitur
643 1198 688 1241 in
716 1213 850 1255 regno
873 1197 1127 1241 coelorumss.
1151 1216 1169 1238 »
1195 1198 1398 1241 Mandata
1420 1213 1520 1256 ergo
1543 1199 1721 1243 minima

336 1267 635 1326 significantur
661 1283 737 1326 per
771 1283 908 1310 unum
941 1268 1027 1311 iota
1058 1276 1101 1310 et
1131 1283 1269 1310 unum
1292 1268 1473 1326 apicem.
1501 1269 1582 1320 Qui
1619 1284 1721 1327 ergo

340 1356 360 1380 «
397 1337 581 1382 Solverit
614 1346 657 1380 et
690 1338 887 1381 docuerit
908 1337 992 1391 sic,
1021 1356 1040 1377 n
1066 1336 1111 1380 id
1135 1346 1220 1391 est,
1251 1336 1490 1381 secundum
1524 1337 1568 1381 id
1600 1338 1721 1396 quod

336 1407 483 1460 solvit,
507 1422 597 1450 non
626 1407 866 1451 secundum
896 1407 942 1450 id
974 1406 1093 1466 quod
1119 1407 1285 1451 invenit
1316 1415 1359 1449 et
1385 1406 1513 1464 legit,
1543 1426 1563 1448 «
1586 1407 1719 1452 Mini-

338 1494 360 1518 »
395 1486 491 1519 mus
518 1476 744 1521 vocabitur
776 1478 820 1519 in
850 1491 983 1534 regno
1012 1476 1223 1520 coelorum
1251 1495 1258 1519 :
1291 1495 1308 1516 »
1336 1485 1378 1519 et
1411 1476 1588 1520 fortasse
1621 1476 1720 1521 ideo

336 1561 426 1590 non
444 1546 524 1589 erit
546 1546 591 1589 in
611 1561 744 1604 regno
759 1545 973 1590 coelorum
991 1581 1002 1600 ,
1028 1546 1105 1589 ubi
1132 1546 1213 1589 nisi
1234 1546 1381 1604 magni
1403 1561 1492 1589 esse
1509 1561 1598 1590 nou
1620 1561 1721 1604 pos·

336 1624 453 1660 sunt.
475 1634 494 1657 «
519 1616 604 1668 Qui
627 1625 770 1659 autem
794 1616 946 1660 fecerit
965 1625 1008 1659 et
1032 1616 1227 1659 docuerit
1250 1617 1308 1660 sic
1327 1618 1359 1670 4,
1389 1635 1407 1656 »
1434 1617 1516 1659 hoc
1537 1626 1598 1660 est
1613 1651 1623 1670 ,
1645 1617 1720 1676 qui

336 1702 426 1730 non
448 1685 648 1740 solverit,
674 1696 717 1729 et
738 1686 936 1730 docuerit
953 1687 1033 1741 sic⁷
1055 1686 1292 1729 secundum
1311 1686 1356 1729 id
1377 1687 1499 1746 quod
1521 1702 1609 1730 non
1631 1687 1718 1730 sol-

335 1756 425 1810 vit,
457 1774 476 1796 ‹<
502 1758 685 1813 Magnus
722 1757 950 1799 vocabitur
971 1757 1015 1799 in
1038 1772 1172 1814 regno
1194 1755 1423 1800 coelorum.
1455 1775 1474 1797 »
1510 1755 1594 1809 Qui
1617 1772 1719 1801 vero

338 1841 522 1884 magnus
550 1826 776 1870 vocabitur
798 1828 841 1869 in
870 1842 1002 1884 regno
1036 1826 1271 1880 coelorum,
1303 1828 1496 1885 sequitur
1519 1837 1568 1872 ut
1590 1828 1719 1871 etiam

340 1896 394 1939 sit
420 1896 466 1938 in
500 1911 630 1952 regno
652 1896 864 1940 coelorum
883 1931 892 1951 ‚
919 1912 1008 1956 quo
1030 1896 1177 1954 magni
1199 1896 1491 1940 admittuntur
1512 1917 1520 1941 :
1557 1898 1612 1942 ad
1635 1899 1718 1942 hoc

340 1966 454 2010 enim
480 1966 666 2024 pertinet
683 1966 801 2026 quod
824 1968 1034 2026 sequitur.

389 2080 397 2095 ¹
426 2074 546 2105 Matth.
578 2085 609 2114 v,
634 2074 682 2105 18,
710 2091 751 2095 --
772 2081 783 2096 ²
810 2075 887 2106 Vide
912 2078 1054 2107 Retract.
1081 2075 1136 2106 lib.
1168 2087 1189 2113 ι,
1209 2086 1280 2117 cap.
1305 2086 1357 2116 ις),
1388 2086 1419 2106 n.
1442 2075 1470 2106 3.
1500 2093 1540 2097 —
1560 2073 1573 2098 3
1594 2076 1714 2107 Matth.

339 2139 372 2168 v,
395 2139 445 2170 ¹9·
466 2146 504 2150 —
525 2127 541 2153 4
571 2130 606 2160 In
627 2139 728 2170 graeco
745 2129 884 2171 legebat,
905 2130 1001 2169 οὒπω,
1021 2141 1079 2172 pro
1105 2126 1198 2165 αὖτις.
