1819 3301
380 277 426 304 IN
457 274 629 304 JOANNIS
660 273 966 318 EVANGELIUM,
1002 279 1147 307 TRAc‘r.
1184 284 1243 307 vi.
1417 272 1491 310 471

126 341 219 399 guis
235 341 283 385 fit
306 355 391 384 una
409 360 420 397 3
444 340 534 384 noli
556 342 715 395 mirari,
742 344 924 387 charitas
939 346 1021 389 hoc
1039 344 1154 389 fecit.
1183 346 1291 398 Quia
1311 347 1387 390 etsi
1405 349 1497 392 soni

127 410 283 456 diversi
295 411 540 468 linguarum
560 421 676 464 sunt,
698 413 742 455 iu
756 413 885 457 corde
900 431 1012 459 unus
1025 419 1139 459 Deus
1152 416 1400 474 invocatur,
1414 434 1500 462 una

109 486 210 541 'pax
233 480 490 525 custoditur.
517 481 642 524 Unde
663 482 817 527 debuit
841 499 941 542 ergo
957 520 968 540 ,
1002 486 1262 541 charissimi,
1295 486 1500 531 demons-

126 552 230 597 trari
254 552 435 611 Spiritus
457 561 628 595 sanctus
645 587 656 606 ,
681 554 891 598 unitatem
909 556 1143 615 quemdam
1164 556 1405 616 designans,
1423 559 1503 602 nisi

126 638 204 683 per
225 622 473 666 columbam
491 657 501 675 ,
526 631 577 666 ut
599 632 762 681 pacatae
783 624 986 669 Ecclesiae
1014 626 1255 683 diceretur,
1285 647 1302 668 «
1326 630 1419 672 Una
1441 637 1503 672 est

132 713 150 735 »
185 692 389 737 columba
406 707 499 735 mea
517 694 527 716 ¹
544 694 595 734 ‘?»
613 694 739 736 Unde
759 693 912 739 debuit
932 696 1152 740 humilitas
1167 732 1177 752 ,
1195 698 1273 742 nisi
1290 714 1366 757 per
1382 714 1503 743 avem

127 762 364 822 simplicem
380 772 430 806 'et
448 771 707 820 gementem,
732 779 822 809 non
835 780 911 824 per
933 781 1056 811 avem
1078 768 1306 827 superbam
1328 778 1372 813 et
1392 768 1506 813 exal-

127 843 293 880 tantem
315 849 359 878 se
381 833 492 878 sicut
514 835 701 878 corvus?

121 905 126 908 ’
185 907 267 949 XI.
292 907 348 948 Et
378 904 490 948 torte
522 903 697 958 dicent,
721 906 832 958 Quia
858 921 961 965 ergo
986 906 1212 963 columba,
1251 916 1294 953 et
1315 924 1402 953 una
1429 924 1504 953 co-

127 974 294 1030 lumba,
311 983 468 1034 praeter
484 989 618 1018 unam
629 973 879 1020 columbam
899 977 1117 1037 baptimus
1134 993 1222 1023 esse
1234 992 1322 1023 non
1334 987 1476 1038 potest
1494 999 1501 1023 :

129 1061 232 1104 ergo
253 1045 286 1089 si
309 1043 427 1104 apud
449 1053 493 1087 te
514 1053 578 1088 est
604 1044 830 1101 columba,
854 1047 923 1091 vel
944 1056 994 1091 tu
1016 1063 1060 1092 es
1080 1048 1297 1093 columba.
1329 1049 1507 1109 quando

129 1116 185 1161 ad
209 1125 248 1160 te
264 1116 391 1161 venio
411 1150 422 1170 ,
445 1115 571 1160 tu‘cla
589 1116 696 1160 mihi
714 1116 835 1176 quod
855 1133 945 1162 non
962 1119 1116 1164 habeo.
1141 1120 1264 1164 Scitis
1284 1121 1367 1164 hoc
1390 1121 1505 1179 ipso-

128 1202 226 1231 rum
254 1201 343 1230 esse
368 1205 376 1230 :
401 1184 533 1230 modo
560 1186 683 1230 vobis
709 1188 955 1245 apparebit,
980 1203 1070 1232 non
1097 1203 1186 1232 esse
1219 1188 1274 1232 de
1310 1204 1414 1234 voce
1435 1205 1509 1234 co-

127 1256 318 1310 lumbae,
351 1255 427 1300 sed
459 1256 513 1299 de
535 1255 724 1300 clamore
757 1257 890 1300 corvi.
916 1259 1024 1302 Nam
1052 1257 1279 1317 paululum
1314 1258 1511 1304 attendat

128 1326 324 1372 Charitas
346 1328 497 1369 Vestra
511 1361 522 1380 ,
539 1335 583 1368 et
600 1326 749 1369 timete
761 1325 936 1370 insidias
958 1346 966 1372 t
985 1328 1071 1372 imo
1087 1337 1250 1383 cavete,
1271 1338 1312 1372 et
1330 1329 1509 1389 excipite

127 1398 260 1442 verba
277 1396 669 1441 contradicentium
690 1396 954 1456 respuenda,
986 1414 1074 1442 non
1098 1399 1438 1458 transglutienda
1467 1409 1510 1445 et

129 1468 364 1512 visceribus
379 1467 537 1511 danda.
559 1467 705 1517 Facite
722 1467 824 1511 inde
839 1468 960 1528 quod
976 1467 1079 1513 fecit
1093 1471 1318 1524 Dominus,
1335 1487 1391 1530 qu
1399 1470 1512 1515 ando

129 1537 191 1582 illi
213 1537 468 1582 obtulerunt
492 1553 685 1582 amarum
709 1547 890 1597 potum,
915 1540 1125 1598 gustavit,
1152 1550 1194 1584 et
1217 1540 1403 1599 respuit2
1422 1560 1431 1585 ε
1452 1541 1510 1585 sic

129 1618 174 1653 et
190 1623 265 1653 vos
285 1643 295 1664 ,
322 1608 468 1652 audite
486 1643 496 1662 ,
523 1617 564 1651 et
582 1608 768 1668 abjicite.
795 1609 907 1661 Quid
931 1611 1045 1653 enim
1067 1609 1251 1654 dicunt?
1273 1609 1508 1659 videamus.

92 1699 96 1705 ¹
130 1682 259 1733 Ecce,
281 1679 447 1738 inquit,
474 1687 522 1721 tu
544 1693 587 1721 es
599 1678 800 1722 columba
815 1713 830 1733 ,
845 1694 871 1723 o
886 1678 1126 1735 Catholica,
1147 1679 1225 1724 tibi
1247 1679 1412 1724 dictum
1430 1690 1508 1736 est,

134 1769 154 1792 «
189 1752 283 1794 Una
306 1759 370 1793 est
392 1748 596 1793 columba
618 1763 712 1792 mea
728 1784 738 1802 ,
764 1765 850 1792 una
873 1758 936 1793 est
957 1751 1082 1794 matri
1096 1766 1184 1794 suae
1199 1753 1238 1795 3:
1259 1769 1278 1792 »
1300 1751 1379 1794 tibi
1397 1761 1512 1796 certe

130 1821 295 1864 dictum
320 1829 397 1863 est.
420 1822 610 1877 Expecta
627 1853 637 1873 ,
658 1818 829 1862 nolime
852 1819 1140 1877 interrogare:
1161 1820 1195 1864 si
1217 1821 1322 1864 mihi
1346 1820 1510 1865 dictum

130 1901 193 1936 est
209 1927 219 1946 ,
245 1891 380 1949 proba
404 1891 591 1949 primum
614 1910 624 1947 3
649 1890 681 1933 si
699 1890 803 1932 mihi
826 1890 988 1934 dictum
1013 1900 1096 1946 est,
1119 1892 1206 1935 cito
1218 1891 1318 1935 volo
1342 1892 1506 1936 audire.

129 1962 293 2021 Inquit,
322 1960 417 2004 Tibi
440 1961 606 2003 dictum
624 1968 700 2003 est.
718 1959 975 2019 Respondeo
988 1976 1095 2005 voce
1114 1961 1367 2017 Catholicae,
1385 1962 1508 2007 Mihi.

130 2036 224 2077 Hoc
243 2042 403 2083 autem,
422 2030 596 2085 iratres,
620 2030 741 2090 quod
763 2046 836 2074 ore
859 2045 956 2075 meo
978 2031 1107 2075 solius
1141 2032 1309 2086 sonuit,
1345 2032 1511 2087 sonuit,

130 2113 180 2147 ut
201 2103 405 2155 arbitror,
431 2110 473 2144 et
492 2101 546 2143 dc
568 2100 773 2144 cordibus
796 2101 965 2156 vestris,
992 2109 1034 2144 et
1056 2117 1204 2145 omnes
1226 2102 1385 2160 pariter
1406 2100 1514 2145 dixi—

130 2188 242 2226 mus,
272 2171 474 2215 Ecclesiae
507 2170 733 2215 catholicae
756 2170 920 2215 dictum
958 2181 1019 2214 est
1042 2191 1050 2215 :
1081 2189 1100 2212 «
1122 2174 1215 2215 Una
1232 2178 1295 2215 est
1311 2171 1514 2215 columba

135 2261 154 2284 »
190 2258 310 2296 mea,
336 2256 422 2285 una
453 2250 517 2284 est
552 2241 679 2284 matri
702 2256 806 2284 suae.
835 2259 854 2281 »
882 2244 1042 2284 Praeter
1072 2241 1207 2300 ipsam
1238 2241 1507 2297 columbam,

130 2313 275 2372 inquit
295 2346 306 2361 ,
329 2311 565 2369 baptismus
587 2326 677 2355 non
708 2320 796 2368 est,
821 2326 899 2368 ego
921 2319 1077 2369 praeter
1097 2311 1231 2370 ipsam
1261 2311 1511 2355 columbam

131 2399 225 2427 sum
250 2382 513 2442 baptizatus,
546 2396 646 2439 ergo
679 2397 767 2426 non
800 2382 938 2424 habeo
969 2381 1232 2440 baptismum
1258 2400 1266 2425 :
1291 2381 1325 2424 si
1352 2381 1515 2441 baptis-

132 2469 254 2498 mum
287 2469 376 2497 non
420 2453 557 2496 habeo
579 2487 590 2507 ,
617 2467 750 2513 quare
787 2451 893 2495 mihi
931 2467 1021 2496 non
1056 2450 1131 2495 das
1167 2451 1343 2511 quando
1376 2452 1431 2496 ad
1466 2460 1509 2496 te

134 2524 261 2569 venio
275 2526 293 2567 P

183 2616 189 2631 ¹
209 2610 296 2640 Cant.
323 2619 366 2647 Vi,
384 2608 413 2639 8.
438 2624 477 2629 —-
496 2615 507 2630 ²
528 2607 763 2646 Matth.xxv11,
784 2606 834 2646 34.
856 2622 894 2628 --
917 2604 929 2628 3
947 2607 1025 2637 Cant
1038 2616 1081 2645 vr,
1097 2608 1116 2639 8
