1819 3301
383 284 428 310 ιΝ
461 280 633 310 JoANms
665 280 977 319 EvANcELmM,
1012 277 1157 306 TRACT.
1194 280 1241 305 ιι.
1416 266 1499 306 409

124 349 200 409 qui
221 346 469 391 inhabitant
489 348 673 391 amando
695 347 925 390 mundum.
953 345 1037 398 Qui
1060 344 1189 388 sunt?
1212 342 1296 395 Qui
1316 341 1501 399 diligunt

124 418 339 463 mundum
368 437 376 461 :
398 418 478 475 ipsi
500 419 612 460 enim
636 416 766 461 corde
792 417 990 460 habitant
1012 415 1055 458 in
1077 411 1258 457 mundo.
1290 414 1398 456 Nam
1427 414 1502 471 qui

124 503 215 532 non
249 487 436 544 diligunt
464 485 678 529 mundum
695 521 706 539 ‚
739 501 866 530 carne
887 493 1113 529 versantur
1138 483 1183 526 in
1206 480 1398 538 mundo,
1429 481 1503 524 sed

125 556 255 601 corde
276 555 522 599 inhabitant
547 554 708 598 coelum
724 589 735 610 ,
766 556 877 598 sicut
901 553 1131 613 Apostolus
1147 552 1253 596 dicit
1282 571 1290 596 z
1313 553 1501 596 «Nostra

128 644 149 668 »
185 634 330 670 autem
353 625 620 669 conversatio
648 625 693 668 in
710 625 829 668 coelis
850 626 985 668 est¹.»
1007 626 1122 682 Ergo
1137 657 1148 677 ,
1178 641 1197 663 «
1219 621 1410 666 Mundus
1429 635 1505 680 per

128 713 150 738 »
183 710 283 739 eum
306 693 443 739 factus
465 703 551 750 est,
578 704 621 739 et
636 694 826 739 mundus
844 709 943 737 eum
961 708 1050 738 non
1071 691 1327 750 cognovit.»

182 767 285 809 XII.
310 783 330 806 α
346 768 397 808 In
417 780 491 808 sua
509 765 680 823 propria
706 765 848 808 venit:
871 781 891 804 >›
917 763 1017 822 quia
1040 762 1184 806 omnia
1206 761 1283 805 ista
1307 776 1384 820 per
1405 775 1506 804 eum

126 835 239 879 facta
263 843 378 877 sunt.
425 837 523 878 «Et
548 835 613 878 sui
645 849 745 878 eum
772 849 863 878 non
895 841 1151 892 receperunt
1178 833 1209 875 2.
1244 849 1264 872 »
1294 831 1378 883 Qui
1411 830 1505 874 sui?

127 904 334 948 Homines
356 919 464 963 quos
481 903 618 948 fecit?
645 907 669 948 J
673 903 787 947 udaei
803 918 912 963 quos
929 902 1127 961 primitus
1145 900 1248 945 fecit
1264 915 1392 959 super
1409 914 1505 943 om-

126 990 202 1018 nes
225 983 372 1033 gentes
389 989 492 1018 esse.
517 975 626 1026 Quia
648 973 742 1017 aliae
765 983 912 1032 gentes
929 972 1043 1017 idola
1066 971 1329 1025 adorabant,
1351 979 1392 1014 et
1414 969 1506 1013 dae-

126 1044 327 1088 monibus
360 1044 635 1101 serviebant,
672 1043 744 1086 ille
777 1052 920 1086 autem
954 1042 1142 1102 populus
1179 1050 1305 1085 natus
1340 1049 1431 1083 erat
1453 1039 1507 1083 de

127 1114 288 1158 semine
310 1113 496 1156 Abrahae
518 1132 526 1157 2
552 1123 596 1157 et
616 1114 696 1172 ipsi
718 1114 902 1157 maxime
923 1113 988 1157 sui
1009 1134 1020 1170 3
1053 1113 1154 1172 quia
1177 1121 1219 1155 et
1236 1127 1313 1170 per
1334 1125 1508 1154 earnem

128 1199 259 1244 quam
294 1185 508 1242 suscipere
540 1183 742 1242 dignatus
769 1194 854 1237 est,
881 1184 1068 1240 cognati,
1104 1202 1122 1224 «
1152 1186 1201 1226 In
1233 1197 1308 1225 sua
1336 1181 1507 1239 propria

131 1273 150 1296 »
182 1254 321 1308 venit,
347 1263 391 1296 et
415 1254 480 1297 sui
510 1268 609 1296 eum
647 1269 736 1298 non
760 1263 1040 1312 receperunt,
1070 1271 1090 1293 η
1124 1255 1220 1297 Νοιι
1255 1259 1509 1310 receperunt

129 1324 307 1369 omnino
323 1359 334 1378 ,
371 1324 517 1367 nullus
558 1325 752 1382 recepit?
785 1323 941 1368 Nullus
970 1338 1069 1381 ergo
1093 1322 1235 1366 salvus
1256 1321 1395 1365 factus
1418 1323 1510 1365 est?

128 1397 266 1441 Nemo
293 1395 408 1438 enim
438 1395 579 1439 salvus
607 1395 707 1448 fiet,
736 1395 817 1438 nisi
841 1395 916 1454 qui
950 1394 1171 1439 Christum
1205 1392 1416 1451 receperit
1437 1406 1511 1435 ve-

130 1474 338 1509 mentem.

187 1537 312 1578 XIII.
337 1532 420 1578 Sed
438 1532 605 1577 addidit
622 1552 628 1576 :
650 1552 669 1574 «
688 1535 915 1592 Quotquot
932 1541 1074 1576 autem
1091 1540 1346 1590 receperunt
1363 1545 1458 1573 eum
1470 1548 1507 1574 ,n

131 1604 244 1657 Quid
271 1604 329 1647 eis
357 1603 586 1662 praestitit?
617 1605 774 1660 Magna
807 1602 1135 1654 benevolentia,
1161 1615 1315 1658 magna
1347 1600 1512 1643 miseri—

130 1672 290 1717 cordia.
314 1673 474 1716 Unicus
498 1681 622 1715 natus
645 1681 733 1726 est,
758 1681 800 1715 et
830 1672 970 1715 noluit
1004 1685 1178 1714 manere
1200 1685 1313 1713 unus
1346 1689 1354 1714 z
1384 1668 1512 1713 Multi

129 1744 326 1787 homines
344 1758 443 1787 cum
460 1743 568 1785 filios
587 1758 673 1786 non
692 1742 942 1793 habuerint,
964 1749 1135 1799 peracta
1158 1750 1283 1783 aetate
1303 1739 1513 1798 adoptant

131 1813 238 1867 sibi,
270 1820 313 1856 et
345 1812 570 1856 voluntate
603 1811 767 1855 faciunt
793 1811 913 1870 quod
939 1819 1093 1854 natura
1125 1825 1212 1853 non
1236 1818 1474 1867 potuerunt
1501 1828 1509 1852 :

130 1883 213 1926 hoc
230 1881 397 1925 faciunt
417 1882 627 1925 homines.
658 1882 699 1925 Si
722 1890 864 1924 autem
890 1879 1043 1939 aliquis
1072 1880 1231 1923 habeat
1255 1878 1391 1922 filium
1415 1877 1514 1921 uni—

130 1967 230 1995 cum
251 1986 261 2006 ,
282 1950 442 2008 gaudet
459 1952 512 1994 ad
531 1951 654 1993 illum
678 1951 810 2008 magis
829 1971 840 2006 ς
866 1951 966 2009 quia
990 1948 1104 1992 solus
1126 1948 1271 1992 omnia
1293 1963 1513 2006 possessu-

131 2037 203 2065 rus
225 2030 287 2065 est
305 2055 315 2075 ,
341 2029 385 2064 et
403 2035 491 2063 non
507 2019 686 2063 habebit
708 2020 783 2078 qui
800 2034 899 2072 cum
922 2034 973 2062 eo
996 2018 1162 2062 dividat
1185 2017 1482 2064 haereditatem
1499 2052 1510 2072 ,

131 2101 180 2135 ut
211 2091 441 2150 pauperior
465 2099 696 2133 remaneat.
727 2091 823 2133 Non
844 2088 904 2132 sic
924 2091 1036 2131 Deus
1058 2106 1066 2132 ε
1097 2088 1282 2132 Unicum
1305 2086 1514 2130 eumdum

131 2162 274 2220 ipsum
292 2175 422 2220 quem
437 2169 670 2217 genuerat,
695 2168 737 2202 et
758 2174 834 2217 per
853 2173 983 2218 quem
1003 2166 1157 2202 cuncta
1181 2166 1414 2209 creaverat,
1433 2157 1515 2199 mi-

133 2233 186 2275 sit
207 2232 252 2273 in
274 2231 392 2274 hunc
416 2229 652 2282 mundum,
680 2239 729 2272 ut
751 2245 839 2273 non
858 2238 968 2274 esset
991 2243 1131 2282 unus,
1158 2227 1233 2271 sed
1261 2227 1411 2270 fratres
1434 2228 1515 2270 ha-

134 2301 258 2344 beret
278 2299 518 2358 adoptatos.
543 2302 639 2344 Non
668 2299 782 2342 enim
801 2314 878 2342 nos
906 2298 995 2341 nati
1014 2313 1162 2341 sumus
1185 2298 1239 2340 de
1262 2300 1350 2340 Deo
1368 2331 1378 2350 ,
1406 2312 1516 2356 quo-

134 2369 265 2413 modo
294 2369 366 2412 ille
404 2369 682 2426 Unigenitus,
719 2369 793 2411 sed
825 2367 1015 2426 adoptati
1041 2382 1116 2425 per
1149 2367 1328 2425 gratiam
1364 2366 1510 2425 ipsius.

134 2439 212 2484 Ille
234 2439 348 2483 enirn
365 2440 484 2482 venit
502 2439 754 2496 Unigenitus
772 2438 935 2482 solvere
949 2446 1121 2496 peccata
1146 2437 1305 2496 quibus
1328 2437 1515 2495 peccatis

133 2509 464 2569 implicabamur
483 2543 493 2563 ,
518 2523 572 2551 ne
598 2507 824 2567 adoptaret
853 2523 930 2552 nos
951 2517 1129 2566 propter
1147 2506 1513 2566 impedimentum

182 2600 192 2617 ¹
213 2593 326 2636 Philip.
343 2604 393 2636 ιιι,
414 2602 468 2628 20.
491 2609 534 2617 -
554 2599 566 2615 ²
587 2595 676 2625 Joan.
698 2605 722 2634 1,
752 2603 803 2625 ιι.
