1819 3301
345 282 630 318 ouffisnorimt
662 270 1029 322 EVANGELIORUM9
1065 283 1146 311 Lm.
1182 284 1230 312 11.
1386 275 1470 315 309

614 450 849 500 QUAESTIO
882 453 949 490 lv.

157 611 177 634 «
218 595 280 637 DE
310 590 549 652 paralytico
571 592 602 634 ¹.
640 608 660 632 »
694 594 839 636 Potest
875 591 1056 650 intelligi
1087 593 1231 638 anima
1269 592 1476 641 dissoluta

88 663 316 717 membris,
357 663 438 706 hoc
461 671 539 717 est,
568 662 692 706 bonis
725 662 1071 721 operationibus,
1097 664 1318 708 Christum
1351 682 1477 725 quae-

88 748 196 788 rere,
214 733 256 776 id
274 742 352 786 est,
373 732 644 777 voluntatem
664 732 796 776 Verbi
812 733 911 777 Dei:
933 732 1135 792 impediri
1156 744 1301 779 autem
1317 737 1474 791 turbis,

88 804 169 848 nisi
194 812 327 857 tecta,
369 803 413 847 id
447 812 538 857 est,
570 811 721 861 operta
755 803 1077 862 Scripturarum
1108 806 1299 864 aperiat,
1333 817 1382 851 ut
1400 823 1478 867 per

87 874 180 918 haec
205 873 257 917 ad
293 874 491 917 notitiam
517 873 675 918 Christi
696 873 920 932 perveniat
941 908 952 928 ‚
984 874 1067 918 hoc
1089 883 1175 926 est,
1201 875 1255 918 ad
1277 877 1367 935 ejus
1390 878 1478 921 hu-

87 943 314 988 militatem
338 943 439 987 fidei
464 943 623 1002 pietate
645 942 894 987 descendat.
926 944 981 987 Hi
1003 953 1148 988 autem
1171 961 1194 989 a
1216 946 1377 1005 quibus
1399 946 1478 992 de-

86 1015 292 1076 ponitur,
327 1014 463 1057 bonos
487 1013 531 1056 in
564 1013 754 1057 Ecclesia
777 1010 976 1059 doctores
1001 1024 1181 1074 possunt
1213 1016 1472 1074 significare.

88 1085 216 1139 Quod
234 1094 378 1128 autem
396 1099 495 1128 cum
513 1083 625 1128 lecto
648 1083 882 1144 deponitur
894 1120 904 1139 ‚
926 1086 1141 1143 significat
1158 1086 1211 1129 ab
1233 1087 1411 1131 homine
1430 1089 1476 1134 in

86 1157 164 1200 ista
200 1171 328 1199 carne
361 1155 503 1199 adhuc
545 1155 782 1198 constituto
812 1155 1034 1199 Christum
1061 1156 1221 1199 debere
1251 1159 1471 1216 cognosci.

88 1232 225 1280 Quem
252 1235 394 1270 tamen
421 1224 586 1268 lectum
605 1240 733 1268 sanus
755 1234 902 1284 postea
924 1226 1106 1284 jubetur
1128 1234 1302 1285 portare
1319 1261 1330 1281 ‚
1348 1236 1392 1271 et
1415 1227 1477 1272 ire

88 1299 133 1341 in
157 1296 337 1341 domum
357 1311 478 1340 suam
494 1330 504 1350 ‚
521 1305 570 1339 ut
595 1296 845 1340 remissione
868 1305 1149 1355 peccatorum
1171 1297 1478 1343 convalescen-

86 1369 203 1412 tibus
229 1383 306 1427 per
336 1382 456 1426 spem
478 1367 633 1410 bonam
661 1367 869 1411 membris
894 1367 1050 1411 animae
1067 1403 1078 1422 ,
1094 1369 1179 1412 hoc
1211 1384 1368 1428 corpus
1390 1385 1477 1414 res-

87 1448 257 1483 taurare
293 1437 561 1496 intelligatur
588 1457 596 1482 ;
629 1446 679 1481 ut
699 1439 792 1497 jam
828 1453 917 1482 non
948 1438 994 1481 in
1029 1437 1274 1482 carnalibus
1309 1440 1476 1498 gaudiis

87 1518 296 1568 tanquam
323 1508 369 1550 in
398 1507 510 1551 lecto
540 1507 780 1567 requiescat
803 1508 1031 1552 infirmitas
1053 1509 1212 1564 animi,
1238 1509 1313 1553 sed
1342 1511 1477 1568 magis

86 1581 176 1639 ipsa
200 1580 419 1624 contineat
447 1579 698 1623 affectiones
721 1579 914 1624 carnales
931 1614 944 1635 ‚
968 1589 1013 1624 et
1035 1580 1186 1625 tendat
1208 1580 1263 1626 ad
1280 1582 1477 1643 requiem

87 1658 349 1695 secretorum
368 1648 507 1694 cordis
526 1649 607 1692 sui.

624 1810 860 1859 QUAESTIO
892 1812 940 1850 V.

146 1957 241 2012 NON
263 1953 449 1997 absurde
467 1952 649 2013 quaestio
677 1953 959 2012 proponitur,
993 1972 1012 1996 «
1031 1953 1263 2007 Quomodo
1281 1957 1477 2013 potuerit

93 2043 113 2066 »
149 2024 257 2069 duos
273 2034 414 2083 patres
428 2025 587 2067 hahere
601 2024 761 2083 Joseph
780 2027 811 2066 ².
829 2027 975 2069 »Nam
991 2026 1226 2069 Matthaeus
1252 2040 1351 2069 eum
1375 2025 1481 2071 dicit

92 2096 287 2154 genitum
312 2096 366 2139 ab
393 2111 443 2138 eo
477 2095 551 2155 qui
576 2095 814 2158 yocabatur
841 2095 978 2138 Jacob
997 2130 1008 2148 ‚
1048 2098 1186 2138 Lucas
1211 2110 1312 2139 vero
1340 2095 1480 2140 filium

92 2182 179 2209 esse
199 2165 304 2209 dicit
330 2167 419 2224 ejus
437 2165 514 2224 qui
542 2165 780 2209 vocabatur
799 2163 939 2208 Heli3.
969 2167 1119 2224 Neque
1139 2165 1222 2209 hoc
1245 2164 1341 2209 loco
1368 2165 1480 2210 illud

93 2235 176 2280 dici
218 2244 380 2294 potest,
419 2235 539 2294 quod
572 2250 686 2279 unus
724 2236 883 2289 homo,
921 2234 1032 2278 sicut
1065 2250 1153 2278 non
1188 2233 1328 2278 solum
1364 2235 1482 2294 apud.

95 2315 241 2365 gentes
259 2341 269 2360 ‚
297 2305 372 2349 sed
401 2306 529 2348 etiam
552 2304 669 2364 apud
693 2305 869 2348 Judaeos
894 2303 1087 2348 accidere
1114 2303 1250 2349 solere
1279 2304 1481 2349 manifes-

95 2386 189 2420 tum
205 2384 288 2430 est,
313 2375 401 2419 duo
426 2375 601 2418 nomina
625 2374 843 2419 hahuerit.
862 2375 1028 2418 Caetera
1047 2374 1161 2418 enim
1177 2374 1284 2418 serie
1299 2388 1479 2432 genera-

95 2447 263 2491 tionum
282 2481 292 2500 ,
325 2447 401 2506 qui
428 2446 511 2489 hoc
533 2454 685 2505 putat,
723 2444 849 2489 facile
879 2444 1107 2488 refellitur.
1140 2443 1253 2497 Quid
1283 2444 1398 2488 enim
1425 2444 1480 2489 de

99 2518 185 2564 avis
201 2553 211 2572 ,
242 2518 396 2573 atavis,
419 2518 587 2576 proavis
601 2552 616 2573 ,
648 2513 901 2575 caeterisque
926 2516 1159 2575 majoribus
1176 2514 1371 2561 dicturus
1386 2525 1475 2571 est,

147 2622 155 2637 ¹
180 2618 255 2648 Luc.
278 2626 309 2656 v,
332 2615 381 2647 18.
404 2632 443 2638 —-
459 2622 471 2638 2
491 2615 610 2647 Mulli.
633 2614 726 2656 1716.
752 2629 794 2637 —
810 2611 823 2636 ³
840 2615 915 2646 Luc.
937 2624 984 2655 ιιι,
1000 2614 1055 2645 23.
