1819 3301
373 286 457 326 294
804 298 837 326 s.
874 299 1104 326 *newsum
1137 298 1317 325 ssrlscom

870 440 1107 491 QUAESTIO
1138 441 1260 480 XXII.

429 578 556 628 Quon
585 573 694 618 dixit
725 592 734 618 z
770 592 789 615 «
823 575 947 633 Saepe
976 571 1093 617 cadit
1112 573 1323 631 inignem
1341 608 1351 628 ‚
1382 581 1426 616 et
1446 571 1681 632 aliquando
1713 573 1759 618 in

371 664 390 686 »
429 661 586 704 aquam
606 647 634 687 ¹.
657 663 676 684 υ
705 647 855 703 Ignem
880 643 936 688 ad
957 644 1080 698 iram,
1101 643 1218 703 quod
1245 643 1329 687 alta
1348 653 1466 702 petat
1493 663 1501 688 :
1523 659 1680 703 aquam
1703 643 1757 688 ad

367 715 614 774 voluptates
644 715 795 758 carnis.
835 717 946 758 Item
968 714 1088 774 quod
1118 713 1272 758 dicunt
1300 713 1507 772 Discipuli
1533 733 1543 757 :
1572 717 1755 767 «Quare

369 804 390 827 »
426 802 504 829 nos
522 801 610 830 non
634 785 855 844 potuimus
878 786 1029 844 ejicere
1057 787 1218 829 eum²P
1240 804 1258 826 υ
1276 801 1330 829 ne
1351 785 1432 830 illis
1456 785 1673 829 miraculis
1696 785 1754 830 fa-

367 856 528 901 ciendis
545 855 858 900 extollerentur
882 855 926 898 in
949 855 1195 914 superbiam
1214 890 1224 909 ‚
1252 855 1464 899 admoniti
1487 865 1590 899 sunt
1611 856 1754 914 potius

366 943 443 987 per
465 926 754 971 humilitatem
778 925 902 980 fidei,
928 926 1051 986 quasi
1084 941 1160 986 per
1189 926 1346 985 sinapis
1367 940 1573 985 granum,
1599 926 1752 971 elatio-

365 1013 466 1042 nem
502 1008 743 1053 terrenam,
777 1013 876 1058 quae
905 998 1064 1042 montis
1087 998 1264 1042 nomine
1289 997 1528 1057 significata
1555 1006 1640 1053 est,
1675 1013 1752 1043 cu-

367 1084 460 1113 rare
482 1078 532 1113 ut
555 1069 768 1115 transiret.

859 1217 1095 1268 QUAESTIO
1121 1218 1260 1257 XXIII.

423 1354 550 1405 Quon
578 1350 686 1395 dixit
708 1370 717 1395 ;
748 1370 766 1392 «
788 1353 904 1410 Ergo
926 1350 1052 1394 liberi
1072 1360 1174 1394 sunt
1194 1349 1312 1394 filiiss.
1342 1368 1362 1392 »
1391 1352 1441 1393 In
1464 1348 1583 1394 omni
1616 1364 1751 1408 regno

363 1422 697 1480 intelligendum
713 1430 776 1465 est
796 1421 956 1465 liberos
979 1437 1067 1465 esse
1089 1421 1200 1465 filios
1221 1457 1230 1475 ,
1257 1421 1302 1464 id
1320 1429 1410 1475 est,
1431 1435 1519 1464 non
1541 1436 1631 1465 esse
1646 1436 1749 1465 vec-

362 1493 528 1552 tigales.
557 1492 699 1537 Multo
731 1507 832 1550 ergo
867 1492 1001 1550 magis
1034 1492 1161 1534 liberi
1183 1507 1272 1535 esse
1294 1491 1459 1534 debent
1487 1492 1532 1534 in
1553 1491 1751 1550 quolibet

362 1579 494 1621 regno
517 1573 687 1608 terreno
710 1562 786 1607 filii
811 1562 932 1621 regni
965 1561 1079 1606 illius
1101 1562 1183 1605 sub
1217 1577 1305 1621 quo
1327 1571 1430 1604 sunt
1451 1562 1596 1605 omnia
1621 1576 1749 1619 regna

362 1645 548 1680 terrena.

855 1782 1092 1833 QUAESTIO
1122 1784 1261 1822 xxiv.

417 1919 543 1970 Quoi)
563 1915 772 1959 Dominus
791 1914 918 1959 dicit:
941 1934 959 1957 «
975 1915 1056 1968 Qui
1072 1924 1217 1958 autern
1238 1913 1592 1958 scandalizaverit
1608 1929 1747 1957 unum

363 2006 382 2029 »
419 1988 473 2031 de
501 1986 667 2046 pusillis
690 1987 777 2029 istis
794 1987 808 2011 ⁴
826 2021 836 2040 ,
865 2005 882 2026 »
918 1985 962 2029 id
984 1994 1070 2039 est,
1104 2001 1153 2028 ex
1175 1984 1416 2028 humilibus
1433 2019 1444 2038 ,
1478 1983 1626 2044 quales
1653 1984 1748 2029 vult

359 2074 447 2102 esse
470 2047 704 2117 discipulos
721 2073 836 2111 suos,
855 2072 944 2100 non
968 2055 1326 2114 obtemperando,
1344 2055 1414 2099 vel
1432 2056 1560 2098 etiam
1580 2065 1745 2099 contra-

356 2127 600 2182 veniendo,
633 2128 743 2171 sicut
773 2126 827 2170 de
861 2126 1106 2170 Alexandro
1139 2126 1289 2169 serario
1324 2125 1556 2184 Apostolus
1591 2125 1741 2170 dicits'.

358 2219 377 2240 «
414 2198 600 2257 Expedit
628 2198 665 2240 ci
698 2208 746 2241 ut
769 2196 882 2241 mola
915 2197 1095 2240 asinaria
1117 2195 1407 2254 suspendatur
1425 2195 1537 2239 collo
1561 2197 1675 2255 ejus,
1702 2206 1744 2240 et

356 2288 375 2310 »
411 2269 706 2328 praecipitetur
733 2268 777 2311 in
801 2266 1070 2326 profundum
1095 2267 1245 2309 maris-,⁶
1262 2301 1272 2320 ,
1308 2285 1327 2306 »
1364 2265 1409 2309 id
1427 2275 1514 2320 est,
1539 2267 1743 2324 congruit

351 2341 390 2384 ei
413 2349 462 2384 ut
479 2338 689 2399 cupiditas
714 2354 858 2382 rerum
881 2337 1209 2397 temporalium,
1235 2337 1304 2381 cui
1321 2335 1441 2381 stulti
1465 2346 1507 2380 et
1530 2337 1633 2381 caeci
1657 2337 1742 2381 col-

347 2410 563 2467 ligantur,
604 2424 706 2452 eum
732 2409 983 2453 devinctum
1015 2407 1207 2467 pondere
1238 2423 1317 2451 suo
1355 2406 1545 2451 deducat
1581 2406 1637 2451 ad
1670 2407 1740 2450 in-

352 2489 545 2522 teritum.

404 2578 409 2590 “
441 2576 551 2607 Manli.
584 2588 656 2616 xvii,
692 2575 741 2616 14.
770 2592 808 2597 -
832 2583 841 2596 ⁷
869 2575 950 2606 Ibid.
977 2577 1025 2606 18.
1060 2592 1100 2596 ——
1133 2573 1243 2606 3Ibid.
1271 2574 1324 2606 25.
1359 2591 1386 2596 —-
1407 2574 1419 2602 l·
1441 2575 1486 2606 Id.
1510 2584 1611 2616 xvuu,
1636 2574 1668 2606 6.
1697 2591 1737 2596 -

353 2630 364 2651 ⁵
380 2642 397 2662 '2
416 2632 561 2670 ’1“ἰιιι,ιι’,
585 2632 693 2672 ι4.--
711 2630 726 2652 6
750 2631 859 2662 Manli.
884 2630 1017 2668 xv111,G
1064 2676 1067 2677 ⁷
