1819 3301
364 233 407 257 m
441 230 615 260 somnus
647 230 953 271 EVANGEL1UM‚
989 233 1133 260 TRACT.
1171 236 1217 260 11.
1400 224 1477 263 401

109 292 270 335 damini
292 309 440 338 omnes
462 296 538 355 qui
569 297 779 354 affuistis3
804 306 847 341 et
868 297 943 357 qui
975 312 1062 341 non
1086 297 1267 341 affuistis
1284 331 1295 352 ,
1322 299 1484 343 credite

107 361 229 405 nobis
248 397 258 416 ‚
292 373 334 407 et
354 364 419 408 his
441 366 517 424 qui
539 365 684 411 adesse
705 366 953 411 voluerunt.
978 369 1104 412 Nunc
1135 380 1236 425 ergo
1266 367 1368 425 quia
1394 383 1485 412 non

105 445 332 488 possumus
364 448 532 492 semper
555 436 698 479 omnia
729 435 960 494 replicare,
993 445 1169 495 propter
1201 451 1272 480 eos
1299 436 1375 496 qui
1399 437 1483 482 hoc

104 499 260 544 volunt
282 501 431 545 audire
449 504 568 562 quod
595 505 790 563 sequitur
806 539 817 559 ‚
842 514 885 549 et
906 506 1025 549 oneri
1047 515 1109 550 est
1131 504 1212 549 illis
1230 506 1264 550 si
1281 514 1484 564 repetan-

103 578 175 612 tur
199 570 339 628 priora
373 586 471 615 cum
495 571 825 618 defraudatione
846 575 1160 633 posteriorum3
1183 574 1420 633 dignentur
1440 584 1485 619 et

102 639 177 697 qui
210 655 298 683 non
334 641 511 686 aderant
535 658 622 686 non
645 643 860 701 praeterita
883 644 1073 701 exigere,
1098 644 1172 688 sed
1194 659 1293 689 cum
1315 644 1379 688 his
1407 644 1484 704 qui

100 707 280 752 aderant
301 718 344 753 et
365 701 483 755 nunc
507 712 658 755 audire
682 713 923 771 praesentia.

160 781 217 821 ΙΙ.
247 781 449 839 Sequitur
473 800 480 825 :
522 800 542 823 «
567 783 670 825 Fuit
698 783 828 826 homo
850 783 1001 826 missus
1033 798 1054 826 a
1086 786 1202 837 Deo,
1230 783 1300 827 cui
1321 799 1483 828 nomen

101 864 121 888 »
156 857 248 892 erat.
268 852 455 894 Joannes
474 852 502 893 ¹.
539 870 557 892 »
584 853 756 895 Etenim
780 868 828 896 ea
852 868 949 912 quae
978 852 1092 896 dicta
1121 862 1222 896 sunt
1253 854 1477 912 superius,

97 917 248 962 fratres
269 920 533 976 charissimi,
559 921 614 965 de
636 921 860 967 divinitate
878 922 1036 967 Christi
1064 922 1178 967 dicta
1200 932 1301 967 sunt
1322 923 1480 968 ineffa-

96 987 171 1032 bili
190 1024 200 1043 ‚
222 999 264 1032 et
287 1006 421 1049 prope
443 991 735 1036 ineffabiliter.
755 993 858 1045 Quis
881 993 995 1036 enim
1015 994 1177 1051 capiet,
1207 1013 1226 1035 «
1253 997 1303 1036 In
1326 994 1480 1052 princi-

98 1076 118 1098 »
154 1058 226 1116 pio
256 1070 346 1103 erat
373 1061 593 1115 Verbum,
621 1071 663 1105 et
695 1062 888 1105 Verbum
923 1071 1014 1104 erat
1040 1061 1158 1120 apud
1182 1065 1353 1105 Deum?
1381 1082 1398 1104 υ
1424 1066 1482 1107 Et

94 1143 149 1171 ne
168 1127 344 1172 vilescat
373 1130 452 1173 tibi
475 1146 635 1174 nomen
668 1133 820 1185 Verbi,
848 1147 925 1189 per
946 1131 1308 1175 consuetudinem
1330 1133 1478 1191 quoti-

93 1196 323 1242 dianorum
345 1199 605 1254 verborum,
625 1218 645 1241 «
667 1203 723 1243 Et
746 1203 857 1243 Deus
874 1208 964 1242 erat
989 1200 1198 1243 Verbum.
1220 1222 1240 1241 η
1268 1203 1359 1244 Hoc
1379 1216 1478 1245 ver-

91 1267 197 1311 bum
216 1268 403 1327 idipsum
421 1279 499 1324 est,
518 1269 636 1313 unde
651 1270 852 1313 hesterno
869 1269 939 1314 die
955 1269 1142 1314 multum
1155 1269 1290 1314 locuti
1304 1286 1473 1316 sumus:

91 1347 134 1381 et
155 1338 400 1397 praestiterit
423 1340 658 1394 Dominus,
692 1349 741 1383 ut
769 1340 837 1383 vel
872 1348 1042 1383 tantum
1065 1339 1288 1399 loquendo
1310 1341 1476 1400 aliquid

89 1407 145 1451 ad
179 1410 309 1453 corda
332 1419 471 1453 vestra
495 1408 836 1468 perduxerimus.
867 1429 886 1450 «
921 1412 971 1452 In
1000 1410 1212 1469 principio
1243 1420 1333 1455 erat
1365 1414 1473 1455 Ver-

93 1495 111 1517 »
148 1479 269 1521 bum.
298 1497 317 1519 n
341 1478 534 1537 Idipsum
557 1488 620 1522 est
636 1513 646 1533 ‚
669 1480 822 1523 eodem
840 1478 971 1522 modo
993 1489 1071 1532 est,
1092 1480 1203 1523 sicut
1225 1490 1287 1524 est
1305 1496 1473 1540 semper

88 1548 146 1591 sic
168 1558 246 1602 est,
268 1549 425 1592 mutari
443 1564 530 1592 non
546 1558 703 1607 potest,
723 1549 807 1592 hoc
825 1558 902 1601 est,
919 1557 995 1592 est.
1018 1549 1146 1600 Quod
1167 1565 1325 1593 nomen
1343 1565 1472 1594 suum

88 1617 194 1661 dixit
216 1618 379 1662 famulo
397 1635 474 1662 suo
496 1619 637 1675 Moysi
660 1638 668 1662 ε
698 1637 717 1660 «
742 1621 835 1676 Ego
853 1634 947 1662 sum
966 1619 1042 1677 qui
1060 1634 1154 1662 sum
1175 1638 1183 1662 2
1204 1637 1223 1660 n
1250 1628 1318 1674 et,
1345 1637 1363 1658 «
1389 1620 1472 1663 Mi-

90 1705 110 1728 »
146 1688 198 1732 sit
220 1704 289 1732 me
312 1689 387 1747 qui
417 1692 523 1732 est2.
554 1707 573 1729 »
601 1689 705 1741 Quis
727 1704 830 1746 ergo
863 1689 945 1731 hoc
967 1689 1133 1746 capiet,
1158 1704 1259 1732 cum
1291 1689 1470 1734 videatis

87 1757 231 1801 omnia
254 1757 451 1802 mortalia
474 1757 698 1801 mutabilia
717 1792 727 1811 ‚
761 1772 859 1801 cum
883 1757 1063 1801 videatis
1086 1772 1173 1800 non
1209 1756 1348 1800 solum
1371 1773 1470 1802 cor-

86 1842 190 1885 pora
223 1827 375 1871 variari
402 1843 479 1886 per
514 1826 767 1886 qualitates,
794 1825 1032 1879 nascendo,
1064 1827 1324 1879 crescendo,
1355 1826 1467 1870 defi-

86 1896 262 1951 ciendo,
287 1896 539 1951 moriendo,
566 1896 641 1940 sed
668 1895 796 1939 etiam
828 1895 937 1953 ipsas
969 1895 1131 1939 animas
1162 1910 1238 1953 per
1260 1896 1467 1939 affectum

85 1965 350 2010 diversarum
374 1967 649 2010 voluntatum
680 1964 868 2008 distendi
887 1973 1017 2023 atque
1039 1963 1222 2008 discindi
1245 1983 1253 2008 2
1280 1979 1379 2008 cum
1398 1965 1465 2008 vi-

84 2034 218 2080 deatis
247 2036 442 2079 homines
474 2044 517 2078 et
538 2035 758 2093 percipere
780 2049 904 2092 posse
926 2034 1178 2092 sapientiam
1196 2068 1206 2087 ,
1233 2035 1266 2077 si
1288 2049 1331 2077 se
1348 2034 1463 2079 illius

82 2104 170 2148 luci
199 2114 241 2148 et
264 2105 393 2149 calori
415 2104 713 2159 admoverint3
739 2112 781 2146 et
807 2104 1002 2146 amittere
1030 2118 1152 2161 posse
1178 2103 1431 2161 sapientiam
1447 2138 1458 2159 ‚

82 2173 115 2216 si
143 2174 245 2217 inde
278 2174 391 2217 malo
413 2174 574 2218 affectu
601 2173 882 2216 recesserint?
912 2174 1022 2216 Cum
1048 2172 1227 2215 videatis
1259 2187 1361 2230 ergo
1382 2173 1463 2217 ista

83 2243 226 2287 omnia
256 2259 345 2287 esse
373 2243 614 2297 mutabilia,
640 2242 747 2302 quid
765 2251 827 2285 est
845 2241 964 2300 quod
986 2249 1063 2295 est,
1085 2241 1164 2283 nisi
1181 2241 1301 2300 quod
1317 2251 1459 2287 trans-

81 2313 228 2356 cendit
257 2314 401 2357 omnia
418 2348 428 2367 ,
450 2329 548 2372 quae
570 2314 627 2357 sic
649 2321 749 2356 sunt
768 2347 778 2361 ‚
803 2320 853 2354 ut
874 2326 962 2354 non
989 2312 1074 2353 sint
1089 2312 1107 2353 P
1124 2311 1229 2363 Quis
1251 2327 1353 2370 ergo
1376 2313 1459 2358 hoc

80 2383 221 2441 capiat
238 2384 256 2426 P
274 2385 362 2426 Aut
383 2383 498 2441 quis,
525 2382 936 2442 quomodocumque
953 2380 1186 2424 intenderit
1203 2381 1311 2424 vires
1332 2397 1458 2426 men-

80 2453 132 2496 tis
153 2468 268 2508 sure,
291 2461 340 2496 ut
368 2453 550 2510 attingat
583 2451 804 2512 quomodo
835 2459 977 2510 potest
999 2449 1043 2494 id
1067 2450 1187 2510 quod
1206 2460 1270 2496 est
1287 2486 1297 2506 ‚
1328 2453 1383 2497 ad
1412 2453 1458 2498 id

128 2545 137 2559 ¹
159 2539 249 2570 Joan.
271 2549 294 2579 1,
312 2538 345 2569 (3.
368 2555 407 2560 —
427 2545 440 2561 ²
463 2538 564 2571 Exod.
586 2549 633 2578 111,
659 2537 709 2579 14.

265 2601 387 2632 exn.
1269 2591 1321 2629 26
