1819 3301
365 242 447 282 464
769 254 801 282 s.
839 255 1071 282 Ancum-1141
1105 255 1286 283 Emscom

362 320 468 364 duas
494 335 591 364 aves
625 321 740 365 misit
760 323 851 365 Noe
871 321 900 363 ¹.
927 319 1130 364 Habebat
1154 319 1212 364 ibi
1257 335 1436 365 corvum
1455 356 1466 376 ,
1494 322 1687 366 habebat
1713 332 1757 367 et

361 391 634 446 columbam,
676 400 913 450 utrumque
947 390 1032 434 hoc
1065 406 1201 449 genus
1238 406 1335 436 arca
1371 391 1443 435 illa
1468 392 1752 438 continebat:

360 472 403 506 et
421 463 454 507 si
472 478 568 507 arca
590 462 808 520 figurabat
831 460 1086 517 Ecclesiam,
1107 461 1261 506 videtis
1284 463 1441 523 utique
1460 463 1562 522 quia
1583 479 1755 509 necesse

360 543 424 577 est
446 544 494 577 ut
524 533 569 576 in
606 533 687 576 isto
716 531 882 581 diluvio
911 532 1058 576 saeculi
1090 541 1328 594 utrumque
1366 549 1500 592 genus
1534 534 1757 580 contineat

360 604 552 649 Ecclesia
575 639 585 659 ‚
613 612 656 647 et
679 619 859 649 corvum
882 613 925 648 et
958 603 1224 649 columbam.
1252 605 1334 658 Qui
1365 614 1467 649 sunt
1502 606 1650 650 corvi?
1679 608 1756 666 qui

358 692 433 719 sua
463 684 684 735 quaerunt.
717 676 800 729 Qui
836 676 1085 721 columbae?
1123 677 1199 737 qui
1236 692 1285 722 ea
1323 693 1422 737 quae
1461 677 1620 723 Christi
1654 688 1755 723 sunt
1816 719 1819 723 .

357 756 566 807 quaerunt
577 750 609 790 ².

418 821 499 861 III.
529 821 764 877 Propterea
787 833 890 877 crgo
925 833 1023 862 cum
1050 818 1243 861 mitteret
1278 818 1488 877 Spiritum
1524 827 1721 863 sanctum
1739 855 1750 875 ,

360 888 536 932 duobus
558 888 699 932 modis
733 903 832 931 eum
870 887 1060 932 ostendit
1081 888 1337 947 visibiliter3
1361 905 1439 949 per
1467 889 1718 934 columbam
1739 925 1750 945 ,

356 968 399 1002 et
412 973 489 1018 per
507 959 654 1017 ignem
672 978 680 1003 :
703 974 779 1018 per
801 958 1052 1003 columbam
1069 974 1197 1018 super
1215 960 1448 1003 Dominum
1464 959 1750 1019 baptizatum,

354 1044 431 1088 per
448 1030 593 1088 ignem
610 1045 739 1089 super
758 1028 1000 1088 Discipulos
1019 1039 1316 1088 congregatos.
1334 1030 1446 1074 C‘um
1467 1030 1583 1074 euim
1599 1045 1752 1074 ascen-

355 1100 485 1143 disset
508 1101 718 1144 Dominus
748 1100 792 1143 in
824 1099 987 1144 coelum
1010 1109 1109 1160 post
1141 1100 1502 1144 resurrectionem
1522 1135 1532 1155 ‚
1569 1101 1754 1160 peractis

354 1187 454 1215 cum
479 1170 706 1229 Discipulis
728 1172 814 1215 suis
832 1170 1121 1230 quadraginta
1144 1171 1300 1215 diebus
1316 1207 1326 1227 ,
1347 1171 1528 1231 impleto
1550 1171 1620 1215 die
1644 1175 1752 1216 Pen-

355 1251 563 1295 tecostes‚
587 1242 703 1285 misit
734 1242 792 1285 eis
830 1241 1038 1300 Spiritum
1071 1251 1270 1286 sanctum
1292 1277 1302 1296 ‚
1334 1242 1446 1286 sicut
1478 1243 1745 1301 promiserat.

357 1313 539 1370 Spiritus
561 1328 664 1370 ergo
687 1322 792 1356 tunc
810 1312 987 1355 veniens
1010 1312 1207 1371 implevit
1225 1312 1369 1356 locum
1387 1312 1529 1366 illurn,
1546 1312 1751 1373 factoque

353 1384 494 1442 primo
518 1383 661 1426 sonitu
687 1382 741 1426 de
761 1380 876 1426 coelo
902 1391 1110 1442 tanquam
1136 1381 1321 1426 ferretur
1344 1383 1473 1426 ssatus
1497 1383 1761 1439 vehemens,v

353 1455 462 1498 sicut
497 1454 542 1497 in
566 1454 746 1498 Actibus
769 1453 1080 1513 Apostolorum
1114 1453 1318 1512 legimus,
1349 1474 1368 1496 «
1401 1455 1534 1509 Visae,
1572 1454 1745 1515 inquit,

355 1543 374 1566 »
411 1525 493 1568 illis
518 1534 619 1568 sunt
636 1525 798 1583 linguae
816 1523 965 1567 divisae
982 1524 1104 1568 velut
1126 1525 1258 1583 ignis,
1280 1526 1356 1585 qui
1379 1534 1422 1569 et
1439 1524 1597 1569 insedit
1619 1541 1748 1584 super

355 1616 374 1639 η
411 1613 774 1657 unumquemque
801 1612 952 1641 eorum
969 1631 979 1651 ‚
1007 1605 1050 1640 et
1067 1607 1297 1656 coeperunt
1318 1597 1478 1656 linguis
1508 1596 1660 1656 loqui,
1692 1597 1748 1641 si-

354 1688 373 1709 »
410 1678 486 1712 cut
520 1669 702 1728 Spiritus
735 1667 870 1711 dabat
907 1667 965 1711 eis
999 1668 1283 1726 pronuntiare
1299 1669 1331 1713 3,
1368 1686 1387 1709 »
1427 1671 1519 1712 Hae
1559 1668 1748 1712 vidimus

351 1739 602 1784 columbam
637 1754 766 1797 super
805 1738 1062 1791 Dominum,
1098 1739 1180 1782 hac
1214 1738 1381 1797 linguas
1423 1738 1579 1782 divisas
1616 1754 1746 1798 super

350 1811 590 1873 Discipulos
612 1819 897 1869 congregatos
920 1829 928 1854 z
956 1809 1017 1853 ibi
1040 1810 1290 1870 simplicitas
1307 1846 1317 1865 ‚
1343 1810 1414 1854 hic
1432 1809 1576 1854 fervor
1599 1819 1745 1854 osten-

350 1883 482 1926 ditur.
513 1884 623 1926 Sunt
645 1881 761 1924 enim
791 1880 867 1940 qui
890 1880 1098 1924 dicuntur
1130 1881 1345 1941 simplices
1366 1917 1377 1936 ,
1404 1891 1446 1925 et
1469 1882 1579 1941 pigri
1601 1891 1704 1925 sunt
1731 1900 1740 1925 ε

350 1960 562 1996 vocantur
585 1950 816 2009 simplices,
834 1960 936 1994 sunt
953 1960 1099 1995 autem
1115 1967 1279 2010 segnes.
1299 1954 1396 1996 Non
1415 1951 1510 1995 talis
1532 1961 1622 1995 erat
1646 1953 1744 1996 Ste-

349 2023 519 2081 phanus
542 2021 697 2081 plenus
722 2021 884 2080 Spiritu
907 2031 1056 2065 sancto
1078 2041 1086 2066 z
1111 2021 1292 2081 simplex
1314 2031 1426 2076 erat,
1453 2022 1554 2081 quia
1578 2021 1744 2065 nemini

349 2093 564 2149 nocebat3
590 2091 759 2136 fervens
783 2100 905 2145 erat,
930 2092 1033 2150 quia
1056 2091 1211 2150 impios
1249 2092 1472 2150 arguebat.
1495 2094 1592 2136 Non
1625 2092 1743 2135 enim

350 2164 486 2209 tacuit
515 2162 677 2207 Judaeis
711 2181 718 2206 :
742 2162 832 2221 ejus
856 2171 957 2205 sunt
989 2162 1121 2205 verba
1142 2161 1216 2205 illa
1246 2162 1516 2205 flammantia
1543 2181 1552 2206 ε
1583 2180 1602 2203 «
1626 2165 1744 2206 Dura

351 2255 370 2277 »
408 2235 590 2287 cervice,
609 2243 651 2277 et
673 2248 762 2276 non
785 2231 1025 2276 circumcisi
1047 2231 1179 2275 corde
1199 2240 1241 2275 et
1255 2232 1453 2287 auribus,
1475 2247 1551 2277 vos
1573 2247 1742 2291 semper

355 2329 370 2348 »
408 2306 620 2350 restitistis
645 2305 822 2364 Spiritui
846 2312 995 2347 sancto
1014 2304 1044 2346 4.
1072 2321 1091 2343 »
1118 2305 1303 2361 Magnus
1324 2303 1514 2363 impetus
1542 2322 1550 2347 z
1577 2302 1650 2347 sed
1668 2318 1743 2347 co-

344 2378 498 2422 lumba
518 2377 609 2420 sine
643 2374 744 2419 selle.
777 2375 912 2419 saevit.
939 2377 1049 2419 Nam
1079 2382 1129 2416 ut
1157 2374 1361 2418 noveritis
1384 2375 1484 2434 quia
1521 2375 1611 2417 sine
1639 2373 1741 2417 felle

348 2447 569 2501 seviebat,
590 2445 652 2489 illi
676 2444 833 2489 auditis
857 2445 921 2488 his
940 2443 1082 2488 verbis
1100 2444 1175 2503 qui
1195 2444 1312 2488 corvi
1326 2453 1471 2498 erant,
1498 2443 1553 2488 ad
1575 2443 1740 2503 lapides

347 2520 488 2563 statim
510 2518 713 2562 adversus
731 2515 983 2560 columbam
997 2524 1307 2570 cucurrerunt,
1334 2516 1470 2574 coepit
1493 2515 1738 2574 Stephanus

396 2611 403 2624 ¹
422 2606 500 2635 Gen.
521 2613 586 2643 viu,
601 2602 622 2633 6
645 2606 677 2633 ct
694 2614 715 2643 ς)
733 2617 773 2622 --
791 2607 802 2622 ²
826 2600 935 2641 Philip.
956 2611 989 2640 u,
1006 2607 1058 2631 21.
1077 2615 1118 2621 —-
1140 2597 1152 2621 3
1172 2601 1244 2631 Act.
1264 2610 1300 2640 ιι,
1321 2598 1352 2640 3,
1373 2598 1406 2640 4.
1427 2613 1468 2624 -ε
1488 2597 1502 2627 4
1525 2599 1572 2631 ld.
1593 2609 1648 2639 vu,
1664 2598 1720 2631 51.
